timestamp,time,price,volume
34200696585591,09:30:00.696,0.0000,0
34307594677780,09:31:47.594,126.4800,30
34307594677780,09:31:47.594,126.4700,100
34307594677780,09:31:47.594,126.4700,45
34307595017244,09:31:47.595,126.4700,55
34307595017244,09:31:47.595,126.4700,100
34381873507354,09:33:01.873,126.8350,100
34418515682663,09:33:38.515,127.1000,100
34469485088306,09:34:29.485,127.3400,150
34471270357962,09:34:31.270,127.3600,10
34471270357962,09:34:31.270,127.3400,90
34482100314312,09:34:42.100,127.3400,10
34482100314312,09:34:42.100,127.3400,20
34482100346704,09:34:42.100,127.3400,53
34489846804172,09:34:49.846,127.4600,100
34501583878468,09:35:01.583,127.5000,90
34501583902678,09:35:01.583,127.5000,10
34531486679984,09:35:31.486,127.7300,1
34543649596911,09:35:43.649,127.9700,100
34543649596911,09:35:43.649,127.9700,100
34543649596911,09:35:43.649,127.9800,500
34544251164587,09:35:44.251,128.0000,10
34544251164587,09:35:44.251,128.0000,200
34544251164587,09:35:44.251,128.0000,300
34544251517374,09:35:44.251,128.0900,1
34586950828714,09:36:26.950,128.2300,100
34586950948235,09:36:26.950,128.0100,100
34586951014065,09:36:26.951,128.0100,13
34586951273031,09:36:26.951,128.0100,87
34586952300157,09:36:26.952,127.9600,24
34586952647947,09:36:26.952,128.0200,10
34586952647947,09:36:26.952,128.0200,9
34668159332749,09:37:48.159,127.8400,100
34668159332749,09:37:48.159,127.8300,100
34668159332749,09:37:48.159,127.8100,24
34668651858925,09:37:48.651,127.7650,100
34668652833458,09:37:48.652,127.7650,3
34671138216516,09:37:51.138,127.4600,100
34673172144497,09:37:53.172,127.2650,1
34701308774653,09:38:21.308,127.2900,1
34742714667299,09:39:02.714,127.4000,29
34742714697557,09:39:02.714,127.4000,71
34899655752582,09:41:39.655,127.0700,100
34899656345606,09:41:39.656,127.0500,100
34899656597816,09:41:39.656,127.0000,100
34899656618286,09:41:39.656,127.0000,100
34899656665678,09:41:39.656,127.0000,100
34899656687955,09:41:39.656,127.0000,100
34899656703906,09:41:39.656,127.0000,100
34899656770748,09:41:39.656,127.0000,200
34899657446467,09:41:39.657,126.9200,48
34900528836189,09:41:40.528,126.9100,100
35159396254611,09:45:59.396,127.0000,20
35201714270130,09:46:41.714,127.0100,100
35201769077224,09:46:41.769,127.0100,100
35284897513688,09:48:04.897,126.8700,24
35286733029751,09:48:06.733,126.7700,100
35288375411039,09:48:08.375,126.7200,100
35292586048146,09:48:12.586,126.7200,100
35295981085620,09:48:15.981,126.6100,100
35312619822094,09:48:32.619,126.6000,30
35413958988835,09:50:13.958,126.6700,100
35413959216600,09:50:13.959,126.6700,100
35591697039385,09:53:11.697,126.5900,100
35591697108982,09:53:11.697,126.5800,100
35631979778332,09:53:51.979,126.5000,25
35631979778332,09:53:51.979,126.5000,75
35631979805368,09:53:51.979,126.5000,25
35631980376252,09:53:51.980,126.4400,100
35631980376252,09:53:51.980,126.4400,24
35642954857949,09:54:02.954,126.3850,100
35742160955214,09:55:42.160,126.6500,80
35862517535223,09:57:42.517,126.6800,100
35862608889096,09:57:42.608,126.7000,100
35862609879197,09:57:42.609,126.7000,100
35862610544952,09:57:42.610,126.7000,100
35862610544952,09:57:42.610,126.7900,100
35950207998631,09:59:10.207,126.5500,100
35972243262621,09:59:32.243,126.5300,100
35972244898585,09:59:32.244,126.4200,76
35972244901549,09:59:32.244,126.4200,24
35990438239333,09:59:50.438,126.3700,100
36010196801424,10:00:10.196,126.3000,20
36010196801424,10:00:10.196,126.3000,280
36010196903247,10:00:10.196,126.3000,30
36010197648513,10:00:10.197,126.2400,24
36010197648513,10:00:10.197,126.2400,100
36010197648513,10:00:10.197,126.2400,100
36010197648513,10:00:10.197,126.2400,100
36010200509486,10:00:10.200,126.2600,100
36010200597196,10:00:10.200,126.2600,100
36010312311307,10:00:10.312,126.2800,100
36013195569369,10:00:13.195,126.2600,42
36013195626810,10:00:13.195,126.2600,58
36017584577300,10:00:17.584,126.2000,100
36017584577300,10:00:17.584,126.1800,100
36109246277587,10:01:49.246,126.6600,24
36109246277587,10:01:49.246,126.6600,100
36109246277587,10:01:49.246,126.6600,68
36109246652532,10:01:49.246,126.6800,19
36109246981071,10:01:49.246,126.6800,81
36164081675517,10:02:44.081,126.7000,3
36164081675517,10:02:44.081,126.7000,97
36164081773498,10:02:44.081,126.7000,3
36164082137076,10:02:44.082,126.6900,100
36164082137076,10:02:44.082,126.6800,100
36164082137076,10:02:44.082,126.6500,24
36164082137076,10:02:44.082,126.6400,3
36164082240164,10:02:44.082,126.6400,87
36164082360882,10:02:44.082,126.6400,10
36166703129914,10:02:46.703,126.5500,100
36190679746625,10:03:10.679,126.6700,100
36190679746625,10:03:10.679,126.6800,100
36190679746625,10:03:10.679,126.7200,100
36190679746625,10:03:10.679,126.7200,21
36278316276773,10:04:38.316,126.4000,1
36315248996526,10:05:15.248,126.0200,22
36315248996526,10:05:15.248,126.0200,100
36315248996526,10:05:15.248,126.0200,100
36315279166789,10:05:15.279,126.0100,340
36315279201885,10:05:15.279,126.0100,3
36315279291012,10:05:15.279,126.0100,157
36346337725171,10:05:46.337,126.0700,100
36346337756077,10:05:46.337,126.0800,26
36346337756077,10:05:46.337,126.0800,100
36346337853056,10:05:46.337,126.0800,100
36346338259935,10:05:46.338,126.0900,100
36346338259935,10:05:46.338,126.0900,45
36346338577300,10:05:46.338,126.0900,55
36362195997590,10:06:02.195,126.1200,100
36375293125654,10:06:15.293,126.2200,90
36375293125654,10:06:15.293,126.2200,10
36387367158027,10:06:27.367,126.2200,80
36442907364698,10:07:22.907,126.0400,100
36442907364698,10:07:22.907,126.0300,100
36442907364698,10:07:22.907,126.0200,2
36442907364698,10:07:22.907,126.0200,91
36442907364698,10:07:22.907,126.0200,29
36442907557911,10:07:22.907,126.0200,100
36442907816715,10:07:22.907,125.9900,3
36452333741040,10:07:32.333,125.9100,100
36682671957167,10:11:22.671,125.8800,50
36682671957167,10:11:22.671,125.8800,50
36696432904335,10:11:36.432,125.8900,75
36696432904335,10:11:36.432,125.8900,25
36696433047013,10:11:36.433,125.8900,75
36696433047013,10:11:36.433,125.8900,25
36696433477523,10:11:36.433,125.8900,75
36708694051867,10:11:48.694,126.0000,100
36757509809789,10:12:37.509,126.0200,100
36757527904394,10:12:37.527,125.9300,25
36757568549330,10:12:37.568,125.9200,25
36757569046411,10:12:37.569,125.9100,4
36757569060959,10:12:37.569,125.8900,3
36757569060959,10:12:37.569,125.8700,100
36757570931993,10:12:37.570,125.8300,100
36813746393145,10:13:33.746,125.7900,100
36813746393145,10:13:33.746,125.7900,100
36813746393145,10:13:33.746,125.7900,200
36813746393145,10:13:33.746,125.7900,26
36866020441753,10:14:26.020,125.7900,4
36866021826394,10:14:26.021,125.7600,35
36867781186310,10:14:27.781,125.7500,100
36874074239337,10:14:34.074,125.6500,100
36909067041213,10:15:09.067,125.8100,30
36909067329882,10:15:09.067,125.8100,1
36909067429444,10:15:09.067,125.8100,30
36931597667715,10:15:31.597,125.7600,100
36931598111615,10:15:31.598,125.7300,16
36970019789254,10:16:10.019,125.8800,50
36970019789254,10:16:10.019,125.8300,50
36978936000801,10:16:18.936,125.8400,50
36978936000801,10:16:18.936,125.8300,50
36981012151088,10:16:21.012,125.8300,100
37002823205777,10:16:42.823,126.0000,100
37008803704409,10:16:48.803,125.9500,100
37010288762294,10:16:50.288,125.9400,4
37010288762294,10:16:50.288,125.9400,96
37012168198579,10:16:52.168,125.9400,4
37012168317422,10:16:52.168,125.9500,100
37012168684194,10:16:52.168,125.9500,100
37018833671420,10:16:58.833,126.0100,110
37018834068206,10:16:58.834,126.0100,96
37018834098047,10:16:58.834,126.0100,94
37018834098047,10:16:58.834,126.0000,16
37018834259637,10:16:58.834,126.0000,84
37018834259637,10:16:58.834,126.0000,10
37071426125560,10:17:51.426,125.9600,100
37087396898601,10:18:07.396,125.9500,38
37087396910088,10:18:07.396,125.9500,62
37087396910088,10:18:07.396,125.9500,3
37215766005209,10:20:15.766,125.9600,100
37215766005209,10:20:15.766,126.0500,100
37215766020734,10:20:15.766,126.0500,100
37215766037345,10:20:15.766,126.0600,100
37249254724740,10:20:49.254,126.1800,100
37249255181149,10:20:49.255,126.2300,40
37249255819952,10:20:49.255,126.2400,100
37286732105490,10:21:26.732,126.1700,8
37313144113774,10:21:53.144,126.0500,3
37411245985524,10:23:31.245,126.0600,3
37562911504674,10:26:02.911,126.1100,100
37562911504674,10:26:02.911,126.1800,100
37562911504674,10:26:02.911,126.1800,100
37562911504674,10:26:02.911,126.1800,207
37562911540691,10:26:02.911,126.1800,100
37597184061062,10:26:37.184,126.3000,100
37608164176490,10:26:48.164,126.2100,100
37624894962791,10:27:04.894,126.1800,100
37624894962791,10:27:04.894,126.1800,4
37631000351646,10:27:11.000,126.2000,45
37714262842041,10:28:34.262,126.1300,100
37737045766200,10:28:57.045,126.2000,10
37786270439948,10:29:46.270,126.1300,4
37786270439948,10:29:46.270,126.1300,60
37786270878856,10:29:46.270,126.1300,40
37817936357465,10:30:17.936,126.1700,100
37817936620206,10:30:17.936,126.1700,20
37817953360365,10:30:17.953,126.1800,100
37817953680538,10:30:17.953,126.1800,100
37817955580353,10:30:17.955,126.2000,3
37817955611161,10:30:17.955,126.2000,87
37817955611161,10:30:17.955,126.2000,63
37817955652710,10:30:17.955,126.2000,37
37832495006117,10:30:32.495,126.1400,100
37872384167720,10:31:12.384,126.0900,5
37872384197983,10:31:12.384,126.0800,9
37872385331485,10:31:12.385,126.0500,30
37921809862061,10:32:01.809,126.0300,100
37924174544042,10:32:04.174,126.0000,100
37924602606300,10:32:04.602,126.0000,300
37924602651523,10:32:04.602,126.0000,300
37924602651523,10:32:04.602,126.0000,100
37924602651523,10:32:04.602,126.0000,100
37924602651523,10:32:04.602,126.0000,5
37924604747807,10:32:04.604,125.9900,100
37926546991185,10:32:06.546,126.0000,75
37926546991185,10:32:06.546,126.0000,50
37926547023410,10:32:06.547,126.0000,75
37926921872806,10:32:06.921,126.0100,100
37926922802700,10:32:06.922,126.0200,100
37926925869411,10:32:06.925,126.0200,37
37926925880693,10:32:06.925,126.0200,20
37926925904505,10:32:06.925,126.0200,43
37926925904505,10:32:06.925,126.0200,1
37926926160643,10:32:06.926,126.0400,3
37927384395297,10:32:07.384,126.0200,44
37927443470923,10:32:07.443,126.0400,4
37927443470923,10:32:07.443,126.0400,100
37945138453541,10:32:25.138,126.0400,100
37945138453541,10:32:25.138,126.0800,100
37945138485317,10:32:25.138,126.0800,100
37945138792504,10:32:25.138,126.0800,100
37945736948756,10:32:25.736,126.0800,100
37945736948756,10:32:25.736,126.1500,100
37968859030029,10:32:48.859,126.1800,437
37968859045225,10:32:48.859,126.2300,69
37968863090855,10:32:48.863,126.2300,31
38020916961583,10:33:40.916,126.1500,100
38117004244885,10:35:17.004,126.1500,100
38117004244885,10:35:17.004,126.1500,1
38117033667949,10:35:17.033,126.1500,100
38119631684754,10:35:19.631,126.1800,9
38149134417539,10:35:49.134,126.1200,5
38149134759338,10:35:49.134,126.1400,10
38149369778536,10:35:49.369,126.1200,10
38149369778536,10:35:49.369,126.1200,90
38150022800794,10:35:50.022,126.1200,10
38150022800794,10:35:50.022,126.1200,40
38150134689336,10:35:50.134,126.1200,16
38160818414056,10:36:00.818,126.1600,100
38160818414056,10:36:00.818,126.1600,100
38160818414056,10:36:00.818,126.1600,100
38234782710155,10:37:14.782,126.1100,5
38234782710155,10:37:14.782,126.1000,25
38234782914506,10:37:14.782,126.1000,75
38234783281627,10:37:14.783,126.1100,63
38256409280179,10:37:36.409,126.1400,2
38272586432118,10:37:52.586,126.0500,100
38278909466689,10:37:58.909,126.0100,100
38295851294224,10:38:15.851,126.1100,100
38318161795011,10:38:38.161,126.1500,46
38318161823110,10:38:38.161,126.1500,54
38318161833392,10:38:38.161,126.1500,54
38318161847744,10:38:38.161,126.1500,36
38332087445689,10:38:52.087,126.1900,100
38332087445689,10:38:52.087,126.2000,100
38349847254413,10:39:09.847,126.2500,100
38349847254413,10:39:09.847,126.2500,50
38349847254413,10:39:09.847,126.2500,50
38349848778838,10:39:09.848,126.2600,100
38362570977483,10:39:22.570,126.2200,4
38362570977483,10:39:22.570,126.2200,100
38362926993694,10:39:22.926,126.1800,100
38362927056811,10:39:22.927,126.1600,100
38373013451726,10:39:33.013,126.1300,47
38373013480821,10:39:33.013,126.1300,53
38373013480821,10:39:33.013,126.1300,64
38482027075217,10:41:22.027,126.1900,21
38545241052829,10:42:25.241,126.1000,22
38613121470202,10:43:33.121,126.1900,100
38613121470202,10:43:33.121,126.1900,3
38613121470202,10:43:33.121,126.1900,481
38613121916238,10:43:33.121,126.2000,2
38613121933328,10:43:33.121,126.2200,60
38613126438745,10:43:33.126,126.2200,40
38646274310153,10:44:06.274,126.2200,100
38646274310153,10:44:06.274,126.2700,98
38646274346706,10:44:06.274,126.2700,2
38646274497803,10:44:06.274,126.2700,100
38646277577603,10:44:06.277,126.2700,100
38646287868459,10:44:06.287,126.2400,100
38646288007736,10:44:06.288,126.2700,1
38764409688502,10:46:04.409,126.3000,100
38764409765656,10:46:04.409,126.3000,100
38764409796792,10:46:04.409,126.3000,100
38764411267130,10:46:04.411,126.3100,100
38764411291758,10:46:04.411,126.3100,231
38764411294508,10:46:04.411,126.3100,100
38765395458950,10:46:05.395,126.3400,100
38765395458950,10:46:05.395,126.3400,100
38768029656710,10:46:08.029,126.3100,100
38768029656710,10:46:08.029,126.3000,29
38822312515647,10:47:02.312,126.3100,5
38822312515647,10:47:02.312,126.3100,13
38822312515647,10:47:02.312,126.3100,100
38822312515647,10:47:02.312,126.3100,7
38822312556537,10:47:02.312,126.3100,93
38822312556537,10:47:02.312,126.3000,42
38822312922384,10:47:02.312,126.3000,9
38822313329062,10:47:02.313,126.3000,7
38822317786628,10:47:02.317,126.3000,42
38822317786628,10:47:02.317,126.3000,100
38822926531789,10:47:02.926,126.2400,30
38846613572008,10:47:26.613,126.1700,100
38846613677080,10:47:26.613,126.1600,100
38892307993535,10:48:12.307,126.1000,5
38892307993535,10:48:12.307,126.1000,59
38892308019897,10:48:12.308,126.1000,41
38892308019897,10:48:12.308,126.1000,46
38918986617128,10:48:38.986,126.1700,74
38918986639779,10:48:38.986,126.1700,26
38954265527435,10:49:14.265,126.2400,56
39058990590052,10:50:58.990,126.1800,8
39058991546932,10:50:58.991,126.2300,98
39058992078939,10:50:58.992,126.2300,667
39058992480765,10:50:58.992,126.2400,100
39072119854514,10:51:12.119,126.2400,8
39179320600372,10:52:59.320,126.2000,35
39179320600372,10:52:59.320,126.1600,40
39179320620328,10:52:59.320,126.1600,60
39179320620328,10:52:59.320,126.1600,70
39179320704273,10:52:59.320,126.1600,30
39179320704273,10:52:59.320,126.1600,5
39191933313966,10:53:11.933,126.1000,100
39207373613988,10:53:27.373,126.1400,100
39207373676117,10:53:27.373,126.1400,100
39207373839659,10:53:27.373,126.1400,100
39207374027471,10:53:27.374,126.1400,100
39299882596211,10:54:59.882,126.1600,100
39299882943947,10:54:59.882,126.1900,100
39299884547668,10:54:59.884,126.1900,100
39299884596608,10:54:59.884,126.2000,100
39300936348730,10:55:00.936,126.2700,100
39302305455590,10:55:02.305,126.2700,50
39308132190357,10:55:08.132,126.2300,100
39317528392162,10:55:17.528,126.2700,100
39317528487825,10:55:17.528,126.2700,39
39317528494764,10:55:17.528,126.2700,61
39317528494764,10:55:17.528,126.2700,39
39317528516533,10:55:17.528,126.2700,61
39334806499687,10:55:34.806,126.2700,100
39334807746169,10:55:34.807,126.3400,100
39334807746169,10:55:34.807,126.3500,100
39334807746169,10:55:34.807,126.3500,100
39334807746169,10:55:34.807,126.3500,100
39334807746169,10:55:34.807,126.3500,100
39364167504056,10:56:04.167,126.3900,100
39364167504056,10:56:04.167,126.4000,350
39364167504056,10:56:04.167,126.4000,50
39364167540999,10:56:04.167,126.4000,50
39364167540999,10:56:04.167,126.4000,1
39364167602860,10:56:04.167,126.4000,51
39364167948754,10:56:04.167,126.4000,49
39364167948754,10:56:04.167,126.4000,3
39364167999636,10:56:04.167,126.4000,97
39364167999636,10:56:04.167,126.4000,3
39561021490411,10:59:21.021,126.4300,100
39561022131052,10:59:21.022,126.4400,3
39561937233884,10:59:21.937,126.3500,50
39561937233884,10:59:21.937,126.3500,75
39561937233884,10:59:21.937,126.3300,75
39601526181971,11:00:01.526,126.4400,2
39601526181971,11:00:01.526,126.4400,98
39601526252333,11:00:01.526,126.4400,2
39601526313397,11:00:01.526,126.4400,98
39606001476000,11:00:06.001,126.4500,100
39606001505020,11:00:06.001,126.4500,100
39606001505020,11:00:06.001,126.4500,1
39606001505020,11:00:06.001,126.4500,100
39606001532261,11:00:06.001,126.4500,100
39606001541215,11:00:06.001,126.4500,100
39606001964809,11:00:06.001,126.4600,2
39613074723497,11:00:13.074,126.4300,3
39613075511865,11:00:13.075,126.4100,100
39613075538471,11:00:13.075,126.4100,100
39613075538471,11:00:13.075,126.4100,100
39613076808498,11:00:13.076,126.4000,100
39613076808498,11:00:13.076,126.3900,10
39613077545311,11:00:13.077,126.3900,90
39613077545311,11:00:13.077,126.3900,10
39613077821567,11:00:13.077,126.3800,152
39662947918034,11:01:02.947,126.4200,1
39662947918034,11:01:02.947,126.4200,309
39662947938133,11:01:02.947,126.4200,26
39662947940133,11:01:02.947,126.4200,127
39662947964399,11:01:02.947,126.4200,159
39662951623752,11:01:02.951,126.4400,100
39662957034222,11:01:02.957,126.4200,100
39662957058256,11:01:02.957,126.4100,10
39663317743763,11:01:03.317,126.4700,8
39663317802669,11:01:03.317,126.4200,100
39663317865985,11:01:03.317,126.4700,8
39663393646198,11:01:03.393,126.4700,84
39663393646198,11:01:03.393,126.4700,100
39663456333257,11:01:03.456,126.4700,1
39663461149237,11:01:03.461,126.5000,100
39710019748014,11:01:50.019,126.5600,50
39710019773869,11:01:50.019,126.5600,50
39727661175209,11:02:07.661,126.5750,100
39727962846059,11:02:07.962,126.5750,100
39727965091735,11:02:07.965,126.5500,30
39727965091735,11:02:07.965,126.5400,70
39727965159908,11:02:07.965,126.5500,100
39728190292495,11:02:08.190,126.5500,100
39728937768644,11:02:08.937,126.5400,30
39728937768644,11:02:08.937,126.5400,3
39728938548111,11:02:08.938,126.5000,89
39728938548111,11:02:08.938,126.4900,11
39728938780137,11:02:08.938,126.4900,132
39728938780137,11:02:08.938,126.4900,11
39790407232758,11:03:10.407,126.4900,75
39790407232758,11:03:10.407,126.4800,25
39790901632431,11:03:10.901,126.4800,101
39790901652654,11:03:10.901,126.4600,89
39790901662650,11:03:10.901,126.4600,11
39790901829038,11:03:10.901,126.4500,100
39791351200779,11:03:11.351,126.5000,100
39791357746618,11:03:11.357,126.5200,100
39791363706860,11:03:11.363,126.5300,100
39798630521592,11:03:18.630,126.4400,82
39803015867324,11:03:23.015,126.4300,100
39820145780728,11:03:40.145,126.4050,100
39835066157142,11:03:55.066,126.4800,2
39882010102595,11:04:42.010,126.4500,75
39882010102595,11:04:42.010,126.4400,25
39882010172412,11:04:42.010,126.4400,75
39882010565878,11:04:42.010,126.4100,3
39892417054618,11:04:52.417,126.3800,100
39919357877125,11:05:19.357,126.3300,82
39919357886368,11:05:19.357,126.3300,18
39919358568874,11:05:19.358,126.3200,6
39919359095308,11:05:19.359,126.3200,1
39921608256962,11:05:21.608,126.3200,1
40009526759259,11:06:49.526,126.3100,26
40029368584111,11:07:09.368,126.2700,4
40070896387035,11:07:50.896,126.3000,100
40087263880602,11:08:07.263,126.2300,100
40087263880602,11:08:07.263,126.2200,100
40089758464958,11:08:09.758,126.2200,61
40089758538946,11:08:09.758,126.2200,39
40089758538946,11:08:09.758,126.2200,4
40147012643092,11:09:07.012,126.2600,42
40147012643092,11:09:07.012,126.2600,100
40147012643092,11:09:07.012,126.2700,4
40147012643092,11:09:07.012,126.2700,100
40147012643092,11:09:07.012,126.2700,100
40147012643092,11:09:07.012,126.2700,100
40147013065019,11:09:07.013,126.2800,5
40147013065019,11:09:07.013,126.2800,100
40150005456242,11:09:10.005,126.3100,100
40150005456242,11:09:10.005,126.3200,100
40150005760449,11:09:10.005,126.3200,43
40150022625382,11:09:10.022,126.3300,1
40166203526982,11:09:26.203,126.4900,100
40166214404682,11:09:26.214,126.5000,100
40166214404682,11:09:26.214,126.5000,100
40167583791506,11:09:27.583,126.4300,100
40242830558232,11:10:42.830,126.6400,4
40275736562756,11:11:15.736,126.6000,100
40275737066948,11:11:15.737,126.5900,35
40304465135283,11:11:44.465,126.5600,7
40320779043399,11:12:00.779,126.6400,1
40326722817755,11:12:06.722,126.6600,100
40326722857027,11:12:06.722,126.6700,100
40326723262188,11:12:06.723,126.6700,100
40485496447821,11:14:45.496,126.7100,28
40500809847934,11:15:00.809,126.7100,100
40500811165375,11:15:00.811,126.6700,100
40531206021387,11:15:31.206,126.7550,100
40531213778964,11:15:31.213,126.7800,3
40531218703558,11:15:31.218,126.7900,2
40531230915648,11:15:31.230,126.8200,100
40540100634476,11:15:40.100,126.6900,2
40577128325739,11:16:17.128,126.6000,2
40696368792152,11:18:16.368,126.5200,56
40697081964928,11:18:17.081,126.5200,100
40703409368918,11:18:23.409,126.5100,100
40720145914289,11:18:40.145,126.5100,2
40720145914289,11:18:40.145,126.5100,100
40720146370853,11:18:40.146,126.4900,14
40764122683563,11:19:24.122,126.4900,16
40764124083171,11:19:24.124,126.4500,100
40801849011878,11:20:01.849,126.3800,100
40832513082198,11:20:32.513,126.3000,3
40996137726665,11:23:16.137,126.2400,6
40996137726665,11:23:16.137,126.2400,3
40996208739407,11:23:16.208,126.2900,16
41045241794929,11:24:05.241,126.2900,1
41115703397180,11:25:15.703,126.1900,3
41115703397180,11:25:15.703,126.1900,10
41115703397180,11:25:15.703,126.1900,10
41115703815307,11:25:15.703,126.1800,8
41115704203782,11:25:15.704,126.1800,10
41115705702232,11:25:15.705,126.1800,10
41157126170581,11:25:57.126,126.1200,100
41171258472295,11:26:11.258,126.1600,100
41171258472295,11:26:11.258,126.2000,40
41199242803918,11:26:39.242,126.2100,5
41199242803918,11:26:39.242,126.2100,100
41199242803918,11:26:39.242,126.2100,100
41199243248898,11:26:39.243,126.2200,4
41255500314496,11:27:35.500,126.1600,4
41255500314496,11:27:35.500,126.1600,76
41299330856748,11:28:19.330,126.0700,30
41337414830452,11:28:57.414,126.0700,1
41350570183919,11:29:10.570,126.0850,100
41384242240316,11:29:44.242,126.0500,3
41423968508543,11:30:23.968,126.0300,43
41438634092993,11:30:38.634,126.0000,97
41438634435968,11:30:38.634,126.0000,3
41438634435968,11:30:38.634,126.0000,49
41438634437617,11:30:38.634,126.0000,51
41438634437617,11:30:38.634,126.0000,100
41438634437617,11:30:38.634,126.0000,4
41438634757811,11:30:38.634,125.9900,100
41443318697367,11:30:43.318,126.0400,100
41445164886158,11:30:45.164,126.0100,100
41451633944256,11:30:51.633,126.0800,100
41467672247814,11:31:07.672,126.1400,1
41467672304618,11:31:07.672,126.1400,99
41467672304618,11:31:07.672,126.1400,1
41467672332111,11:31:07.672,126.1400,99
41585756518199,11:33:05.756,126.0800,100
41593515464924,11:33:13.515,126.0800,100
41593521301289,11:33:13.521,126.1900,100
41633853470467,11:33:53.853,126.2400,91
41633853519096,11:33:53.853,126.2400,9
41633853519096,11:33:53.853,126.2400,1
41633853742402,11:33:53.853,126.2500,2
41633863899422,11:33:53.863,126.2400,1
41634700716864,11:33:54.700,126.2700,1
41710723255702,11:35:10.723,126.3100,66
41710723255702,11:35:10.723,126.3100,34
41710723255702,11:35:10.723,126.3100,11
41710723789408,11:35:10.723,126.3100,1
41726086552743,11:35:26.086,126.3000,1
41726086552743,11:35:26.086,126.3000,66
41744704187741,11:35:44.704,126.3000,1
41744707438511,11:35:44.707,126.3100,1
41745039825901,11:35:45.039,126.3200,1
41809349950187,11:36:49.349,126.3100,1
41809349950187,11:36:49.349,126.3100,42
41822955282878,11:37:02.955,126.2800,4
41825024317285,11:37:05.024,126.2500,50
41825024401507,11:37:05.024,126.2500,14
41900353070310,11:38:20.353,126.2700,100
41967586101078,11:39:27.586,126.3800,1
41972947299075,11:39:32.947,126.3400,1
42033029935051,11:40:33.029,126.3900,1
42034803443049,11:40:34.803,126.3400,1
42034823909509,11:40:34.823,126.3400,30
42060486040760,11:41:00.486,126.4400,1
42078288964019,11:41:18.288,126.3600,100
42096114611592,11:41:36.114,126.4400,1
42107143901020,11:41:47.143,126.4500,5
42107143930550,11:41:47.143,126.4500,95
42107143930550,11:41:47.143,126.4500,1
42120188418249,11:42:00.188,126.5000,10
42163703907429,11:42:43.703,126.5000,1
42163703907429,11:42:43.703,126.5000,99
42209347443866,11:43:29.347,126.5400,1
42222335771106,11:43:42.335,126.5500,2
42303705731447,11:45:03.705,126.5100,1
42303707093139,11:45:03.707,126.4600,4
42303707093139,11:45:03.707,126.4600,6
42303707093139,11:45:03.707,126.4600,84
42377940713197,11:46:17.940,126.5500,100
42377940713197,11:46:17.940,126.5500,1
42377940713197,11:46:17.940,126.5500,99
42377940750178,11:46:17.940,126.5500,1
42377941531491,11:46:17.941,126.5600,1
42377941531491,11:46:17.941,126.5600,19
42377941559093,11:46:17.941,126.5600,81
42384204162117,11:46:24.204,126.6700,1
42443701573818,11:47:23.701,126.5600,1
42462129902980,11:47:42.129,126.6100,1
42481396502304,11:48:01.396,126.6200,1
42481396502304,11:48:01.396,126.6300,1
42515522808987,11:48:35.522,126.6100,75
42515523967162,11:48:35.523,126.5700,3
42515524052497,11:48:35.524,126.5600,166
42583704660074,11:49:43.704,126.5100,1
42639431717195,11:50:39.431,126.3400,4
42702451643244,11:51:42.451,126.3000,2
42702451671362,11:51:42.451,126.3000,98
42720238745804,11:52:00.238,126.2100,100
42720238745804,11:52:00.238,126.2100,100
42720238745804,11:52:00.238,126.2100,100
42720253966395,11:52:00.253,126.2000,75
42744916519642,11:52:24.916,126.1600,5
42791984616234,11:53:11.984,126.1900,100
42821921883458,11:53:41.921,126.1900,100
42851950810656,11:54:11.950,126.3000,100
42851953991936,11:54:11.953,126.3200,100
42870109816652,11:54:30.109,126.3200,1
43004039138840,11:56:44.039,126.5000,100
43004039138840,11:56:44.039,126.5000,100
43050259189662,11:57:30.259,126.5100,8
43143706199605,11:59:03.706,126.4400,4
43143706584824,11:59:03.706,126.4400,4
43143706606375,11:59:03.706,126.4400,4
43143706947133,11:59:03.706,126.4300,4
43143707287420,11:59:03.707,126.4200,100
43286244884586,12:01:26.244,126.4900,100
43299709668398,12:01:39.709,126.4400,5
43299710050571,12:01:39.710,126.4700,10
43299710525194,12:01:39.710,126.4400,10
43299710525194,12:01:39.710,126.4400,90
43299711489628,12:01:39.711,126.4400,10
43299711489628,12:01:39.711,126.4400,90
43353063139601,12:02:33.063,126.5000,100
43353063139601,12:02:33.063,126.5000,3
43353063240200,12:02:33.063,126.5000,100
43353063597276,12:02:33.063,126.5100,3
43355708957267,12:02:35.708,126.4400,75
43363208907067,12:02:43.208,126.4800,100
43545345858937,12:05:45.345,126.4900,100
43545345858937,12:05:45.345,126.5000,100
43545345858937,12:05:45.345,126.5000,100
43545396057997,12:05:45.396,126.5000,100
43545396057997,12:05:45.396,126.5000,100
43563696866714,12:06:03.696,126.4800,1
43668513553500,12:07:48.513,126.5200,2
43681449180710,12:08:01.449,126.4950,100
43710324570424,12:08:30.324,126.5200,1
43710769625273,12:08:30.769,126.4800,5
43743046988824,12:09:03.046,126.5700,100
43743047009856,12:09:03.047,126.5700,100
43743047009856,12:09:03.047,126.5800,13
43743048069025,12:09:03.048,126.5800,87
43744144728038,12:09:04.144,126.5900,2
43744145075635,12:09:04.145,126.6100,2
43744145075635,12:09:04.145,126.6200,2
43744145181939,12:09:04.145,126.6300,10
43744145427562,12:09:04.145,126.6100,90
43744145528612,12:09:04.145,126.6100,10
43744145528612,12:09:04.145,126.6300,80
43744145683985,12:09:04.145,126.6300,10
43744145968819,12:09:04.145,126.6400,2
43744146605880,12:09:04.146,126.6100,2
43744147080226,12:09:04.147,126.6100,28
43744148073095,12:09:04.148,126.6600,2
43744148205797,12:09:04.148,126.5750,100
43755254907621,12:09:15.254,126.6600,100
43755254907621,12:09:15.254,126.6600,100
43755254907621,12:09:15.254,126.6600,75
43755254907621,12:09:15.254,126.6600,50
43755255870712,12:09:15.255,126.6700,2
43755255870712,12:09:15.255,126.6700,98
43755255896225,12:09:15.255,126.6700,2
43755255955571,12:09:15.255,126.6800,2
43755256282815,12:09:15.256,126.6900,2
43755256282815,12:09:15.256,126.7000,1
43755256282815,12:09:15.256,126.7100,2
43755257108398,12:09:15.257,126.7200,2
43788042949467,12:09:48.042,126.7000,1
43802125385379,12:10:02.125,126.6100,100
43835432139538,12:10:35.432,126.6100,100
43836342342139,12:10:36.342,126.6000,100
43836342370345,12:10:36.342,126.6000,5
43836345474897,12:10:36.345,126.6500,10
43846402993573,12:10:46.402,126.7300,2
43846403011776,12:10:46.403,126.7400,2
43846403446524,12:10:46.403,126.7500,2
43848058527983,12:10:48.058,126.7500,100
43848058527983,12:10:48.058,126.7600,2
43848058527983,12:10:48.058,126.7700,2
43848058527983,12:10:48.058,126.7800,2
43848058527983,12:10:48.058,126.7800,94
43904354564870,12:11:44.354,126.7900,1
43904355059684,12:11:44.355,126.8000,2
43904355059684,12:11:44.355,126.8000,98
43904359678564,12:11:44.359,126.8000,2
43904359678564,12:11:44.359,126.8000,98
43904360197877,12:11:44.360,126.8000,2
43904362861658,12:11:44.362,126.8100,1
43906802330653,12:11:46.802,126.7800,10
43907955617136,12:11:47.955,126.7500,100
43907955643375,12:11:47.955,126.7500,23
43907955791978,12:11:47.955,126.7400,12
43930017780661,12:12:10.017,126.8200,1
43930017780661,12:12:10.017,126.8300,1
43930017879021,12:12:10.017,126.8300,3
43930019734342,12:12:10.019,126.8400,1
43930019734342,12:12:10.019,126.8500,1
43930019734342,12:12:10.019,126.8600,1
43960908992630,12:12:40.908,126.8000,100
43998944100678,12:13:18.944,126.7300,4
44060778129892,12:14:20.778,126.7900,28
44060778477951,12:14:20.778,126.7900,68
44127440333895,12:15:27.440,126.7500,1
44245367585075,12:17:25.367,126.8400,100
44353246794125,12:19:13.246,126.8400,29
44442605039214,12:20:42.605,126.8500,100
44442605039214,12:20:42.605,126.8500,3
44442605039214,12:20:42.605,126.8500,100
44445975767477,12:20:45.975,126.8700,100
44447718500543,12:20:47.718,126.8800,2
44459550993021,12:20:59.550,126.8900,8
44459551016954,12:20:59.551,126.8900,8
44459551022265,12:20:59.551,126.8900,84
44459551022265,12:20:59.551,126.8900,1
44459551022265,12:20:59.551,126.8900,1
44459551022265,12:20:59.551,126.8900,3
44459551022265,12:20:59.551,126.8900,8
44459551052871,12:20:59.551,126.8900,92
44481735637674,12:21:21.735,126.9000,1
44481735637674,12:21:21.735,126.9000,1
44485756782219,12:21:25.756,126.8600,1
44521291375940,12:22:01.291,126.9100,1
44521291375940,12:22:01.291,126.9100,1
44521291375940,12:22:01.291,126.9100,2
44521291375940,12:22:01.291,126.9100,3
44569111988731,12:22:49.111,126.8300,1
44582292851037,12:23:02.292,126.7700,14
44582292851037,12:23:02.292,126.7700,4
44582292922318,12:23:02.292,126.7600,11
44582295179597,12:23:02.295,126.7200,100
44582295208402,12:23:02.295,126.7200,20
44582295208402,12:23:02.295,126.7200,10
44582919509493,12:23:02.919,126.7100,100
44582919509493,12:23:02.919,126.7200,70
44582919509493,12:23:02.919,126.7200,80
44582919543035,12:23:02.919,126.7200,20
44582919543035,12:23:02.919,126.7200,100
44582919543035,12:23:02.919,126.7200,20
44582919543035,12:23:02.919,126.7200,20
44582919543035,12:23:02.919,126.7200,10
44582919579443,12:23:02.919,126.7200,57
44596866117445,12:23:16.866,126.6800,100
44647874862111,12:24:07.874,126.6700,1
44683744108239,12:24:43.744,126.6700,1
44683744108239,12:24:43.744,126.6700,99
44683744140983,12:24:43.744,126.6700,1
44709271658318,12:25:09.271,126.6400,1
44710701174376,12:25:10.701,126.5900,6
44788195059664,12:26:28.195,126.6000,1
44837443813286,12:27:17.443,126.6100,10
44837444582623,12:27:17.444,126.6400,20
44854217897696,12:27:34.217,126.5700,1
44854217897696,12:27:34.217,126.5700,1
44854218580796,12:27:34.218,126.5500,6
44877278405378,12:27:57.278,126.5000,100
44877278438913,12:27:57.278,126.5000,44
44877278438913,12:27:57.278,126.5000,10
44881428803007,12:28:01.428,126.4600,100
44980003230569,12:29:40.003,126.4600,100
45037065341227,12:30:37.065,126.4600,1
45058143247038,12:30:58.143,126.5300,100
45064631953566,12:31:04.631,126.5500,100
45066129822800,12:31:06.129,126.5600,12
45066129859129,12:31:06.129,126.5600,88
45126613034528,12:32:06.613,126.5600,1
45144762452953,12:32:24.762,126.5600,1
45152053166863,12:32:32.053,126.5600,1
45152246912286,12:32:32.246,126.5100,100
45152246912286,12:32:32.246,126.5100,100
45152246912286,12:32:32.246,126.5000,100
45152246912286,12:32:32.246,126.5000,6
45215715185768,12:33:35.715,126.5500,1
45222465037518,12:33:42.465,126.5000,100
45222465247394,12:33:42.465,126.5000,100
45257844499630,12:34:17.844,126.5000,1
45318840685186,12:35:18.840,126.4900,1
45339276333125,12:35:39.276,126.5400,3
45339276333125,12:35:39.276,126.5400,97
45339276417570,12:35:39.276,126.5400,3
45339276417570,12:35:39.276,126.5400,97
45339278423248,12:35:39.278,126.5500,100
45345271566385,12:35:45.271,126.4500,6
45345272306655,12:35:45.272,126.4400,1
45345333435806,12:35:45.333,126.4300,100
45347151923660,12:35:47.151,126.4000,100
45347151949270,12:35:47.151,126.4000,100
45347156091418,12:35:47.156,126.3700,1
45395237377255,12:36:35.237,126.3500,1
45461097472748,12:37:41.097,126.3500,2
45496256936770,12:38:16.256,126.4100,24
45496257377267,12:38:16.257,126.4100,52
45496257410546,12:38:16.257,126.3850,100
45496378974957,12:38:16.378,126.4100,25
45496378974957,12:38:16.378,126.4100,75
45502442024066,12:38:22.442,126.3600,1
45526464834793,12:38:46.464,126.3400,1
45526464834793,12:38:46.464,126.3400,7
45526465186860,12:38:46.465,126.3300,1
45526465186860,12:38:46.465,126.3300,3
45526465218291,12:38:46.465,126.3300,4
45574696237314,12:39:34.696,126.3250,100
45574704320714,12:39:34.704,126.3200,1
45574711727298,12:39:34.711,126.3000,1
45574726059304,12:39:34.726,126.3300,10
45574726328435,12:39:34.726,126.3400,16
45574726357127,12:39:34.726,126.3400,30
45623841621407,12:40:23.841,126.3700,2
45624035199065,12:40:24.035,126.4100,3
45624035480240,12:40:24.035,126.4200,1
45717960887224,12:41:57.960,126.4700,1
45724086968893,12:42:04.086,126.5300,1
45767225609582,12:42:47.225,126.4400,38
45867955200704,12:44:27.955,126.3600,6
45867955204324,12:44:27.955,126.3600,6
45867955655009,12:44:27.955,126.3500,4
45956739966888,12:45:56.739,126.3100,100
45961643850852,12:46:01.643,126.3900,3
45961643850852,12:46:01.643,126.4000,2
45961643850852,12:46:01.643,126.4200,95
45961643885829,12:46:01.643,126.4200,5
45961644011814,12:46:01.644,126.4200,5
45970312167036,12:46:10.312,126.3200,6
45970500567487,12:46:10.500,126.3200,100
45970502365264,12:46:10.502,126.3900,100
45970502991056,12:46:10.502,126.4000,1
46175922654696,12:49:35.922,126.3900,1
46175922679343,12:49:35.922,126.4000,2
46252718867359,12:50:52.718,126.4500,2
46252719165487,12:50:52.719,126.4500,1
46255012220448,12:50:55.012,126.3800,6
46263624513413,12:51:03.624,126.3700,100
46342447233541,12:52:22.447,126.3200,30
46342447387359,12:52:22.447,126.3100,6
46387749774816,12:53:07.749,126.3900,3
46409610426935,12:53:29.610,126.3500,100
46409610463959,12:53:29.610,126.3500,210
46409610463959,12:53:29.610,126.3500,102
46412448038577,12:53:32.448,126.3100,100
46535023238683,12:55:35.023,126.2500,6
46535023240053,12:55:35.023,126.2500,1
46542686499408,12:55:42.686,126.2100,100
46592481618397,12:56:32.481,126.2400,100
46624499046101,12:57:04.499,126.3200,2
46679105476726,12:57:59.105,126.3700,1
46679105476726,12:57:59.105,126.3700,2
46716091287208,12:58:36.091,126.3600,91
46716091300172,12:58:36.091,126.3600,9
46813439013182,13:00:13.439,126.3000,100
46813439013182,13:00:13.439,126.3000,6
46898636722837,13:01:38.636,126.3600,1
46898636722837,13:01:38.636,126.3600,99
46898636759675,13:01:38.636,126.3600,1
46898636788068,13:01:38.636,126.3600,100
46923714295298,13:02:03.714,126.2800,100
47064222672191,13:04:24.222,126.2500,8
47064223057041,13:04:24.223,126.2500,8
47064223646307,13:04:24.223,126.2500,16
47064224388276,13:04:24.224,126.2500,16
47072142587154,13:04:32.142,126.2900,10
47072142838792,13:04:32.142,126.2900,8
47072143645678,13:04:32.143,126.2900,8
47079952150909,13:04:39.952,126.2450,16
47079952659345,13:04:39.952,126.2450,8
47079953395176,13:04:39.953,126.2450,24
47079954288072,13:04:39.954,126.2450,4
47079954827818,13:04:39.954,126.2900,6
47136184789015,13:05:36.184,126.2400,1
47188026890237,13:06:28.026,126.2400,1
47201306372762,13:06:41.306,126.2400,1
47216118927688,13:06:56.118,126.2400,1
47218359052524,13:06:58.359,126.2300,100
47248979960444,13:07:28.979,126.2400,2
47268681667115,13:07:48.681,126.2500,2
47268682293025,13:07:48.682,126.2500,2
47268685553041,13:07:48.685,126.2600,2
47268686236038,13:07:48.686,126.2800,2
47309360175471,13:08:29.360,126.2500,1
47343852304152,13:09:03.852,126.2500,1
47370268405750,13:09:30.268,126.2500,1
47430440525078,13:10:30.440,126.2500,1
47439045135901,13:10:39.045,126.2900,50
47439045135901,13:10:39.045,126.2900,48
47455385064214,13:10:55.385,126.2500,100
47474399074337,13:11:14.399,126.3000,88
47474399102765,13:11:14.399,126.3000,12
47486198124300,13:11:26.198,126.2800,1
47490420805886,13:11:30.420,126.2800,1
47539469485144,13:12:19.469,126.2300,50
47539469485144,13:12:19.469,126.2200,100
47539469485144,13:12:19.469,126.2200,50
47548007619802,13:12:28.007,126.2700,1
47583229595050,13:13:03.229,126.2300,100
47583229682563,13:13:03.229,126.2300,6
47588219799726,13:13:08.219,126.2000,1
47591551143551,13:13:11.551,126.1800,1
47591551175001,13:13:11.551,126.1600,1
47591551305969,13:13:11.551,126.1400,1
47597988394843,13:13:17.988,126.1300,1
47597988394843,13:13:17.988,126.1300,100
47640004937075,13:14:00.004,126.1450,100
47640004998920,13:14:00.004,126.2000,36
47664131086514,13:14:24.131,126.1500,1
47664131103693,13:14:24.131,126.1500,20
47668173357979,13:14:28.173,126.1500,1
47710274378487,13:15:10.274,126.1200,1
47729728810496,13:15:29.728,126.1500,1
47765551217459,13:16:05.551,126.1500,1
47789825177256,13:16:29.825,126.1400,1
47789848959392,13:16:29.848,126.1700,10
47789849100002,13:16:29.849,126.1900,3
47793333322503,13:16:33.333,126.1900,2
47808989646432,13:16:48.989,126.1400,10
47808989646432,13:16:48.989,126.1400,10
47848021703932,13:17:28.021,126.1800,1
47848022195236,13:17:28.022,126.1900,1
47849848660190,13:17:29.848,126.1400,1
47861958871357,13:17:41.958,126.1800,1
47881708748889,13:18:01.708,126.1900,1
47881708748889,13:18:01.708,126.1900,4
47881708776418,13:18:01.708,126.1900,96
47881717846937,13:18:01.717,126.1900,1
47883050600633,13:18:03.050,126.1900,1
47883050646646,13:18:03.050,126.2000,100
47883051205215,13:18:03.051,126.2100,100
47883051309074,13:18:03.051,126.2100,100
47883051492076,13:18:03.051,126.2200,100
47900170561713,13:18:20.170,126.1800,45
47972710270764,13:19:32.710,126.2100,1
47972710506567,13:19:32.710,126.2200,96
47972740687474,13:19:32.740,126.2200,4
47972740687474,13:19:32.740,126.2200,1
47973255525682,13:19:33.255,126.2200,1
47973282000344,13:19:33.282,126.2400,100
47974298907591,13:19:34.298,126.2200,1
47974298907591,13:19:34.298,126.2200,1
47974302398122,13:19:34.302,126.1800,6
48028006804085,13:20:28.006,126.1600,1
48040864710527,13:20:40.864,126.1200,7
48043712324128,13:20:43.712,126.1600,1
48045826481305,13:20:45.826,126.1200,7
48045859476154,13:20:45.859,126.1200,7
48046036495618,13:20:46.036,126.1200,79
48046036495618,13:20:46.036,126.1100,1
48046036495618,13:20:46.036,126.1100,5
48046036495618,13:20:46.036,126.1100,1
48046036495618,13:20:46.036,126.1100,14
48046036529267,13:20:46.036,126.1100,7
48046036661411,13:20:46.036,126.1100,2
48046036851959,13:20:46.036,126.1100,77
48046036851959,13:20:46.036,126.1000,1
48046036851959,13:20:46.036,126.1000,24
48046036854235,13:20:46.036,126.1000,76
48046036854235,13:20:46.036,126.1000,1
48046987958567,13:20:46.987,126.0900,7
48046987958567,13:20:46.987,126.0900,2
48046987958567,13:20:46.987,126.0800,20
48046987958567,13:20:46.987,126.0800,2
48046987958567,13:20:46.987,126.0500,69
48046988000216,13:20:46.988,126.0500,281
48046988000216,13:20:46.988,126.0500,1
48046988000216,13:20:46.988,126.0500,1
48046988447986,13:20:46.988,126.0400,100
48046988447986,13:20:46.988,126.0400,3
48046988457193,13:20:46.988,126.0300,1
48046988457193,13:20:46.988,126.0300,1
48088020238848,13:21:28.020,126.0800,1
48088020238848,13:21:28.020,126.0800,99
48088020265609,13:21:28.020,126.0800,1
48120127526991,13:22:00.127,126.1400,54
48120128398951,13:22:00.128,126.1400,7
48143456600400,13:22:23.456,126.0100,1
48143456600400,13:22:23.456,126.0100,1
48143456600400,13:22:23.456,126.0100,3
48143456600400,13:22:23.456,126.0100,5
48143458559395,13:22:23.458,126.0000,100
48143458559395,13:22:23.458,126.0000,100
48143458559395,13:22:23.458,126.0000,100
48143459002126,13:22:23.459,125.9900,2
48143459002126,13:22:23.459,125.9900,3
48147041877556,13:22:27.041,126.0000,100
48176874179822,13:22:56.874,125.9500,1
48176874179822,13:22:56.874,125.9500,4
48176874179822,13:22:56.874,125.9500,30
48176874607774,13:22:56.874,125.9300,100
48190657084755,13:23:10.657,125.9100,1
48190657084755,13:23:10.657,125.9100,1
48190657084755,13:23:10.657,125.9100,8
48217018154032,13:23:37.018,125.9900,100
48219019667877,13:23:39.019,126.0400,1
48268009839424,13:24:28.009,126.0300,1
48292766329230,13:24:52.766,126.0000,100
48292766356817,13:24:52.766,126.0000,100
48394254450940,13:26:34.254,126.1100,99
48394254629794,13:26:34.254,126.1200,100
48394254629794,13:26:34.254,126.1200,100
48394254629794,13:26:34.254,126.1200,39
48448029047241,13:27:28.029,126.1000,1
48448029047241,13:27:28.029,126.1000,99
48464696025726,13:27:44.696,126.2400,1
48508007533785,13:28:28.007,126.2000,1
48508007862486,13:28:28.007,126.2000,100
48571001880980,13:29:31.001,126.2900,1
48593203868798,13:29:53.203,126.2000,100
48593207781217,13:29:53.207,126.2100,100
48599736883003,13:29:59.736,126.1900,5
48599736883003,13:29:59.736,126.1900,100
48599736883003,13:29:59.736,126.1900,40
48599757546037,13:29:59.757,126.1500,1
48599757546037,13:29:59.757,126.1500,100
48599757754868,13:29:59.757,126.1300,100
48599817163281,13:29:59.817,126.1600,1
48626582049184,13:30:26.582,126.1700,1
48626582049184,13:30:26.582,126.1700,99
48626582119789,13:30:26.582,126.1700,1
48626582119789,13:30:26.582,126.1700,99
48626582149148,13:30:26.582,126.1700,1
48626582494296,13:30:26.582,126.1700,87
48626583267750,13:30:26.583,126.1700,13
48880355582644,13:34:40.355,126.1900,1
48880355582644,13:34:40.355,126.1900,6
48880377523513,13:34:40.377,126.1900,94
48880378106037,13:34:40.378,126.1900,44
48933502603296,13:35:33.502,126.2300,40
48942380306161,13:35:42.380,126.1400,6
48982247042152,13:36:22.247,126.1800,2
49037808468546,13:37:17.808,126.1800,42
49152485450576,13:39:12.485,126.1100,10
49152486299989,13:39:12.486,126.0800,100
49152486299989,13:39:12.486,126.0800,6
49152486299989,13:39:12.486,126.0800,10
49186572167955,13:39:46.572,126.0900,27
49232430772099,13:40:32.430,126.1700,40
49232430790888,13:40:32.430,126.1800,3
49232430790888,13:40:32.430,126.1900,2
49232431888056,13:40:32.431,126.2000,100
49386082432902,13:43:06.082,126.2300,100
49427474652389,13:43:47.474,126.1800,3
49474862666892,13:44:34.862,126.1500,3
49474862666892,13:44:34.862,126.1500,85
49474862721800,13:44:34.862,126.1500,50
49512267842352,13:45:12.267,126.1200,48
49512267869034,13:45:12.267,126.1200,52
49570247248761,13:46:10.247,126.1500,100
49570248104989,13:46:10.248,126.2000,2
49570248104989,13:46:10.248,126.2000,4
49570248104989,13:46:10.248,126.2000,100
49570248569866,13:46:10.248,126.2100,3
49759417235633,13:49:19.417,126.1400,1
49769459134856,13:49:29.459,126.1500,100
49823505384484,13:50:23.505,126.2100,3
49823505384484,13:50:23.505,126.2100,6
49823505732606,13:50:23.505,126.2100,9
49823505758477,13:50:23.505,126.2100,85
49823506740148,13:50:23.506,126.2200,2
49823506740148,13:50:23.506,126.2200,10
50149535735088,13:55:49.535,126.1900,2
50156096509651,13:55:56.096,126.1900,2
50156096509651,13:55:56.096,126.1900,100
50243147166398,13:57:23.147,126.1900,100
50274298799607,13:57:54.298,126.1600,1
50323636396772,13:58:43.636,126.1600,5
50330484056732,13:58:50.484,126.1300,1
50330484092434,13:58:50.484,126.1300,13
50330484092434,13:58:50.484,126.1300,8
50331806045444,13:58:51.806,126.1200,11
50331806045444,13:58:51.806,126.1200,9
50331806057485,13:58:51.806,126.1200,1
50340000323844,13:59:00.000,126.0800,100
50340000323844,13:59:00.000,126.0700,100
50340000323844,13:59:00.000,126.0000,100
50340000323844,13:59:00.000,126.0000,100
50340000323844,13:59:00.000,126.0000,10
50340000763023,13:59:00.000,126.0000,100
50388794985200,13:59:48.794,126.0100,84
50402697716886,14:00:02.697,126.0900,1
50402702496707,14:00:02.702,126.0400,100
50402702612905,14:00:02.702,126.1000,65
50402702652489,14:00:02.702,126.1000,35
50402705506587,14:00:02.705,126.0800,100
50402713076510,14:00:02.713,126.0800,100
50402714853009,14:00:02.714,126.0500,100
50408591702867,14:00:08.591,126.1450,100
50409044463838,14:00:09.044,126.3100,100
50413053727161,14:00:13.053,126.3000,81
50413056101319,14:00:13.056,126.3000,19
50446511051570,14:00:46.511,126.1500,100
50446513561830,14:00:46.513,126.1000,100
50446513787339,14:00:46.513,126.0900,1
50446516682743,14:00:46.516,126.0800,1
50446516822905,14:00:46.516,126.0200,1
50446520132312,14:00:46.520,126.0000,100
50446520520853,14:00:46.520,126.0200,100
50446573317491,14:00:46.573,126.0700,100
50447059935822,14:00:47.059,126.1000,6
50450166366976,14:00:50.166,126.1000,94
50453486740389,14:00:53.486,126.0000,100
50453486949578,14:00:53.486,125.9900,2
50453488160095,14:00:53.488,125.9800,1
50525442263417,14:02:05.442,126.4000,100
50525450117514,14:02:05.450,126.3900,1
50525450117514,14:02:05.450,126.3900,99
50525450185684,14:02:05.450,126.3900,1
50526524027383,14:02:06.524,126.3500,100
50527024025389,14:02:07.024,126.3500,100
50550410582431,14:02:30.410,126.4250,171
50551118965420,14:02:31.118,126.4700,100
50552152123117,14:02:32.152,126.5050,100
50584230001053,14:03:04.230,126.5800,23
50584398346317,14:03:04.398,126.6300,100
50609018891306,14:03:29.018,126.7500,10
50613226195143,14:03:33.226,126.7950,200
50616472417466,14:03:36.472,126.8200,100
50667618586699,14:04:27.618,126.9000,100
50667618612421,14:04:27.618,126.9000,141
50667618624707,14:04:27.618,126.9000,259
50671420662498,14:04:31.420,126.8950,100
50683222927893,14:04:43.222,126.9700,100
50683222992604,14:04:43.222,126.9700,100
50683224403953,14:04:43.224,127.0000,1350
50683430307900,14:04:43.430,127.0900,230
50683430307900,14:04:43.430,127.0900,70
50683430339984,14:04:43.430,127.0900,30
50764920528536,14:06:04.920,127.1800,100
50764955530547,14:06:04.955,127.1800,100
50774124684688,14:06:14.124,127.1950,100
50776903516776,14:06:16.903,127.2450,100
50778284068976,14:06:18.284,127.3000,100
50778284916951,14:06:18.284,127.3200,72
50778284950148,14:06:18.284,127.3200,278
50780285045431,14:06:20.285,127.3900,1
50780285851049,14:06:20.285,127.3900,100
50780285851049,14:06:20.285,127.3400,51
50787503538548,14:06:27.503,127.4000,100
50801103373486,14:06:41.103,127.4000,100
50813829403586,14:06:53.829,127.4000,100
50813844728723,14:06:53.844,127.4500,596
50813844774688,14:06:53.844,127.4500,104
50813907835821,14:06:53.907,127.4400,96
50817843263807,14:06:57.843,127.4400,100
50817843316016,14:06:57.843,127.4500,100
50818319078291,14:06:58.319,127.4500,1
50822420969699,14:07:02.420,127.4000,100
50834692813107,14:07:14.692,127.4000,100
50834692813107,14:07:14.692,127.3900,58
50834692813107,14:07:14.692,127.3900,42
50834692885120,14:07:14.692,127.3900,58
50834693387693,14:07:14.693,127.3300,36
50834693399833,14:07:14.693,127.3300,22
50834693885502,14:07:14.693,127.3300,25
50835475109845,14:07:15.475,127.4000,100
50932208759477,14:08:52.208,127.4050,100
50932222961959,14:08:52.222,127.4050,200
50939189693024,14:08:59.189,127.4600,1
50939189766225,14:08:59.189,127.4700,100
50939189824904,14:08:59.189,127.4700,1
50939189824904,14:08:59.189,127.4700,7
50946284910334,14:09:06.284,127.5000,1
50998003810645,14:09:58.003,127.4500,9
50998003811205,14:09:58.003,127.4700,100
50998003816906,14:09:58.003,127.4700,100
50998003839725,14:09:58.003,127.4500,100
50998003848586,14:09:58.003,127.4500,91
50998003848586,14:09:58.003,127.4400,9
50998003913769,14:09:58.003,127.4400,91
50998004079396,14:09:58.004,127.3900,100
50998062614782,14:09:58.062,127.4700,17
50998062674180,14:09:58.062,127.4700,100
50998062708018,14:09:58.062,127.4700,200
50998062745960,14:09:58.062,127.4800,17
50998062774158,14:09:58.062,127.4900,17
50998062909622,14:09:58.062,127.4400,10
50998283319457,14:09:58.283,127.5000,17
50998283390861,14:09:58.283,127.5000,100
50998283420961,14:09:58.283,127.5100,17
51011355105691,14:10:11.355,127.5600,87
51011355700895,14:10:11.355,127.5700,9
51011355700895,14:10:11.355,127.5700,91
51011356003190,14:10:11.356,127.5700,9
51011356003190,14:10:11.356,127.5700,91
51011356090532,14:10:11.356,127.5700,9
51011356619327,14:10:11.356,127.5700,100
51012783281735,14:10:12.783,127.5300,142
51012783300233,14:10:12.783,127.5300,47
51012783318291,14:10:12.783,127.5300,3
51060891712842,14:11:00.891,127.5900,1
51060891712842,14:11:00.891,127.5900,26
51060891712842,14:11:00.891,127.5900,73
51060892201596,14:11:00.892,127.5900,27
51060892201596,14:11:00.892,127.6100,73
51060892210720,14:11:00.892,127.6100,7
51060892828939,14:11:00.892,127.6100,20
51060893938799,14:11:00.893,127.7000,100
51060893938799,14:11:00.893,127.7100,100
51072755284392,14:11:12.755,127.6000,100
51089124066744,14:11:29.124,127.7200,69
51089124066744,14:11:29.124,127.7200,1
51089124066744,14:11:29.124,127.7200,14
51089124361834,14:11:29.124,127.7200,83
51089124455575,14:11:29.124,127.7200,3
51089124543130,14:11:29.124,127.7300,81
51089124553180,14:11:29.124,127.7300,184
51089124589420,14:11:29.124,127.7300,80
51089124624965,14:11:29.124,127.7300,3
51089124703056,14:11:29.124,127.7300,81
51089125158959,14:11:29.125,127.7300,71
51090749668962,14:11:30.749,127.7300,100
51090749680118,14:11:30.749,127.6900,2
51090749747823,14:11:30.749,127.6900,98
51090750863557,14:11:30.750,127.6900,10
51132045694207,14:12:12.045,127.7900,88
51132045694207,14:12:12.045,127.7900,12
51132045753027,14:12:12.045,127.7900,23
51132045753027,14:12:12.045,127.7900,1
51132045753027,14:12:12.045,127.7900,76
51132045767381,14:12:12.045,127.7900,24
51132045767381,14:12:12.045,127.7900,50
51132046002170,14:12:12.046,127.8000,9
51147132851478,14:12:27.132,127.8700,58
51149032160038,14:12:29.032,127.8700,42
51176940175482,14:12:56.940,127.9200,1
51214379152510,14:13:34.379,127.9200,200
51214379635289,14:13:34.379,127.9200,212
51241125010749,14:14:01.125,127.9700,53
51241125010749,14:14:01.125,127.9700,31
51247467765042,14:14:07.467,127.9900,100
51247467830683,14:14:07.467,127.9900,11
51247467830683,14:14:07.467,127.9900,30
51247467830683,14:14:07.467,127.9900,59
51267270113068,14:14:27.270,128.0100,1
51267270317023,14:14:27.270,128.0100,99
51267270405960,14:14:27.270,128.0200,100
51267271352045,14:14:27.271,128.0200,100
51267272151874,14:14:27.272,127.9700,4
51267276485884,14:14:27.276,127.9700,108
51267276832574,14:14:27.276,127.9700,100
51267276856474,14:14:27.276,127.9700,1
51267277035662,14:14:27.277,127.9700,8
51272201357628,14:14:32.201,128.0600,1
51285911642682,14:14:45.911,128.1100,1
51300187349024,14:15:00.187,128.0300,1
51300187635731,14:15:00.187,128.0300,90
51300242166646,14:15:00.242,128.0200,200
51300242166646,14:15:00.242,127.9900,100
51300243009181,14:15:00.243,127.9800,200
51300243073869,14:15:00.243,127.9800,100
51300243073869,14:15:00.243,127.9800,66
51300304284341,14:15:00.304,127.9300,100
51300304284341,14:15:00.304,127.9300,100
51300304284341,14:15:00.304,127.9300,236
51301107935660,14:15:01.107,127.9800,200
51301727066126,14:15:01.727,127.9300,100
51301727066126,14:15:01.727,127.9300,100
51304639507106,14:15:04.639,128.0400,38
51304639514807,14:15:04.639,128.0400,4
51304640098956,14:15:04.640,128.0800,100
51304640821354,14:15:04.640,128.0800,100
51304640821354,14:15:04.640,128.1400,100
51306453734929,14:15:06.453,128.1700,100
51306453734929,14:15:06.453,128.1700,500
51306453878654,14:15:06.453,128.1700,117
51306455301931,14:15:06.455,128.2500,100
51314333304787,14:15:14.333,128.2200,17
51314333304787,14:15:14.333,128.2200,58
51314714107934,14:15:14.714,128.2200,27
51315238073533,14:15:15.238,128.1500,100
51315238073533,14:15:15.238,128.1500,100
51315238073533,14:15:15.238,128.1500,100
51315238073533,14:15:15.238,128.1500,20
51315238154675,14:15:15.238,128.1500,60
51315238564727,14:15:15.238,128.1000,100
51315238564727,14:15:15.238,128.1000,100
51315238564727,14:15:15.238,128.1000,100
51315238564727,14:15:15.238,128.1000,80
51315240206633,14:15:15.240,128.0800,100
51315240670609,14:15:15.240,128.0700,14
51317268115251,14:15:17.268,128.0800,50
51317268142146,14:15:17.268,128.0800,132
51317757683048,14:15:17.757,128.0300,100
51323545113613,14:15:23.545,128.0200,100
51324279709313,14:15:24.279,128.0600,15
51376875231495,14:16:16.875,127.9500,28
51376875305937,14:16:16.875,128.0000,100
51385489417182,14:16:25.489,128.0600,1
51385489417182,14:16:25.489,128.0600,1
51385490241741,14:16:25.490,128.0700,100
51385490241741,14:16:25.490,128.0700,1
51386524948641,14:16:26.524,128.0000,65
51441238949918,14:17:21.238,128.0150,100
51441701603231,14:17:21.701,127.9600,100
51442232696793,14:17:22.232,127.9500,100
51442233919397,14:17:22.233,127.9500,4
51474275009853,14:17:54.275,127.8800,100
51474527267577,14:17:54.527,127.8600,100
51485163151962,14:18:05.163,127.9100,2
51485163214139,14:18:05.163,127.8900,100
51489822863640,14:18:09.822,127.8900,100
51489842467112,14:18:09.842,127.8900,300
51491382221523,14:18:11.382,127.9300,16
51491382615340,14:18:11.382,127.9400,10
51491382920163,14:18:11.382,127.9500,100
51491383587377,14:18:11.383,127.9700,23
51491384103315,14:18:11.384,127.9300,100
51491402482256,14:18:11.402,128.0000,100
51491402482256,14:18:11.402,128.0000,1
51491402482256,14:18:11.402,128.0000,20
51491414865989,14:18:11.414,127.9400,100
51498267253651,14:18:18.267,127.9450,100
51501215957852,14:18:21.215,127.9500,100
51501215973856,14:18:21.215,127.9500,58
51501216208602,14:18:21.216,127.9600,61
51501216391691,14:18:21.216,127.9600,39
51501216874055,14:18:21.216,127.9500,100
51579353787116,14:19:39.353,127.9800,100
51579353787116,14:19:39.353,127.9900,1
51579353787116,14:19:39.353,127.9900,99
51618342620447,14:20:18.342,127.9600,10
51618342620447,14:20:18.342,127.9600,12
51633828218586,14:20:33.828,127.8600,104
51635679199008,14:20:35.679,127.8600,66
51635688388655,14:20:35.688,127.8400,100
51636873367621,14:20:36.873,127.8500,138
51636962422692,14:20:36.962,127.8500,800
51637238152422,14:20:37.238,127.8500,100
51639818965394,14:20:39.818,127.8800,100
51642270189915,14:20:42.270,127.9700,1953
51642270220435,14:20:42.270,127.9700,100
51642271062748,14:20:42.271,127.9600,100
51642271062748,14:20:42.271,127.9600,100
51642271062748,14:20:42.271,127.9600,100
51642271062748,14:20:42.271,127.9700,61
51642271062748,14:20:42.271,127.9700,100
51642271556905,14:20:42.271,127.9700,100
51642271769587,14:20:42.271,127.9400,3
51642271775713,14:20:42.271,127.9400,7
51642272053779,14:20:42.272,127.9700,1
51654265231283,14:20:54.265,127.9700,2
51654265231283,14:20:54.265,127.9700,7
51677004509285,14:21:17.004,127.9700,1
51677004509285,14:21:17.004,127.9700,99
51677004578256,14:21:17.004,127.9700,1
51677005205629,14:21:17.005,127.9800,100
51677005835422,14:21:17.005,127.9900,1
51733250988014,14:22:13.250,128.0700,100
51733250988014,14:22:13.250,128.0700,1
51733250988014,14:22:13.250,128.0700,100
51733250988014,14:22:13.250,128.0700,10
51733251326093,14:22:13.251,128.0800,1
51733283328169,14:22:13.283,128.1900,100
51801319916238,14:23:21.319,128.1500,100
51801319916238,14:23:21.319,128.1500,100
51801321254661,14:23:21.321,128.1400,21
51801939797993,14:23:21.939,128.1400,79
51801939797993,14:23:21.939,128.1400,21
51801939862602,14:23:21.939,128.1400,79
51801939862602,14:23:21.939,128.1400,21
51803803455005,14:23:23.803,128.2200,100
51904140666138,14:25:04.140,128.1900,100
51910410913133,14:25:10.410,128.3300,1
51919730116757,14:25:19.730,128.2950,100
51922735283850,14:25:22.735,128.3300,10
51932006909670,14:25:32.006,128.3300,50
51937858779589,14:25:37.858,128.3400,100
51937858837298,14:25:37.858,128.3400,100
51937858870442,14:25:37.858,128.3400,100
51945437582407,14:25:45.437,128.3300,100
51945437661541,14:25:45.437,128.3300,100
51951242183078,14:25:51.242,128.3600,2
51951242183078,14:25:51.242,128.3600,40
51954335412778,14:25:54.335,128.3300,100
51963232470597,14:26:03.232,128.3300,100
51970628237433,14:26:10.628,128.2900,5
51970628271990,14:26:10.628,128.2900,40
51970628326957,14:26:10.628,128.2900,55
51970628326957,14:26:10.628,128.2900,10
51970628326957,14:26:10.628,128.2900,10
51970628326957,14:26:10.628,128.2900,10
51970628326957,14:26:10.628,128.2900,10
51970628341667,14:26:10.628,128.2900,20
51971187346721,14:26:11.187,128.3250,200
51971187420252,14:26:11.187,128.2900,1
51971187444054,14:26:11.187,128.3250,199
51971471688174,14:26:11.471,128.3250,100
51976810750940,14:26:16.810,128.3600,7
51976810758549,14:26:16.810,128.3600,5
51976810758549,14:26:16.810,128.3600,28
51976811091594,14:26:16.811,128.3700,100
51976811529363,14:26:16.811,128.3700,11
51976811539896,14:26:16.811,128.3800,50
51976811692323,14:26:16.811,128.3800,5
51976811724124,14:26:16.811,128.3800,45
52003768174965,14:26:43.768,128.3600,200
52003768202631,14:26:43.768,128.3600,199
52007255976669,14:26:47.255,128.3400,100
52008323305208,14:26:48.323,128.3400,100
52017742012445,14:26:57.742,128.3400,100
52030978170085,14:27:10.978,128.3400,100
52030978194740,14:27:10.978,128.3100,16
52030978229035,14:27:10.978,128.3400,100
52030978381017,14:27:10.978,128.3000,98
52030978595341,14:27:10.978,128.3000,2
52030979031691,14:27:10.979,128.3400,100
52030980325513,14:27:10.980,128.4000,100
52030980527331,14:27:10.980,128.4000,19
52030980866579,14:27:10.980,128.4100,100
52030980917709,14:27:10.980,128.4100,19
52030980917709,14:27:10.980,128.4100,81
52030980924015,14:27:10.980,128.4100,19
52030980924015,14:27:10.980,128.4100,81
52030980969618,14:27:10.980,128.4100,19
52030980969618,14:27:10.980,128.4100,81
52030980989519,14:27:10.980,128.4100,19
52030980989519,14:27:10.980,128.4100,81
52030981054114,14:27:10.981,128.4100,19
52030996044388,14:27:10.996,128.4100,1
52031002557238,14:27:11.002,128.4100,1
52032935240911,14:27:12.935,128.4300,4
52032936252620,14:27:12.936,128.4300,96
52032936252620,14:27:12.936,128.4300,100
52032936819027,14:27:12.936,128.4400,100
52032949300989,14:27:12.949,128.4700,100
52032952642180,14:27:12.952,128.4900,300
52037481339848,14:27:17.481,128.4400,30
52037481355515,14:27:17.481,128.4400,30
52037481527633,14:27:17.481,128.4400,30
52037482706791,14:27:17.482,128.4400,140
52043457790338,14:27:23.457,128.4000,100
52043457905119,14:27:23.457,128.4000,60
52043460701147,14:27:23.460,128.4000,9
52045224717627,14:27:25.224,128.4300,60
52048394873290,14:27:28.394,128.4400,100
52078178733284,14:27:58.178,128.4900,100
52078178733284,14:27:58.178,128.4900,33
52078178733284,14:27:58.178,128.4900,100
52078179261016,14:27:58.179,128.5000,100
52078180258865,14:27:58.180,128.5100,19
52084289382107,14:28:04.289,128.5200,100
52084289382107,14:28:04.289,128.5200,100
52084289382107,14:28:04.289,128.5200,17
52084413542608,14:28:04.413,128.5300,100
52087870160770,14:28:07.870,128.5500,100
52110231764321,14:28:30.231,128.5300,100
52110231813737,14:28:30.231,128.5300,100
52110233217818,14:28:30.233,128.5400,19
52110233217818,14:28:30.233,128.5400,81
52110233285999,14:28:30.233,128.5400,19
52110233749063,14:28:30.233,128.5800,100
52110233758368,14:28:30.233,128.5800,30
52110233758368,14:28:30.233,128.5800,19
52110233758368,14:28:30.233,128.5800,51
52110233787837,14:28:30.233,128.5800,49
52110233787837,14:28:30.233,128.5800,51
52110233801762,14:28:30.233,128.5800,49
52110233801762,14:28:30.233,128.5800,51
52110233817424,14:28:30.233,128.5800,49
52110233817424,14:28:30.233,128.5800,51
52110233900875,14:28:30.233,128.5800,49
52110233900875,14:28:30.233,128.5800,51
52110235206283,14:28:30.235,128.5800,49
52110235264147,14:28:30.235,128.5900,28
52110235264147,14:28:30.235,128.5900,36
52110236155207,14:28:30.236,128.5600,100
52159457532032,14:29:19.457,128.5400,100
52159457556627,14:29:19.457,128.4900,45
52159457971865,14:29:19.457,128.4900,55
52159458358397,14:29:19.458,128.4900,100
52159458358397,14:29:19.458,128.4900,100
52159458716268,14:29:19.458,128.5000,100
52159458716268,14:29:19.458,128.4900,62
52178246405819,14:29:38.246,128.5700,14
52178246422372,14:29:38.246,128.5700,6
52178246422372,14:29:38.246,128.5700,1
52178246429444,14:29:38.246,128.5800,1
52178246562916,14:29:38.246,128.5900,20
52181504769057,14:29:41.504,128.6500,100
52184018277531,14:29:44.018,128.6200,50
52193252764958,14:29:53.252,128.6500,100
52193252837213,14:29:53.252,128.6500,56
52193252837213,14:29:53.252,128.6500,138
52202249347481,14:30:02.249,128.5800,100
52202376412383,14:30:02.376,128.5800,258
52205588998720,14:30:05.588,128.5200,100
52206757997885,14:30:06.757,128.5200,100
52209277999702,14:30:09.277,128.5200,100
52209864998095,14:30:09.864,128.5200,100
52213502010699,14:30:13.502,128.5200,100
52215392569807,14:30:15.392,128.5200,100
52215392592599,14:30:15.392,128.5200,100
52227439086274,14:30:27.439,128.5200,100
52253443154872,14:30:53.443,128.5500,1
52253443154872,14:30:53.443,128.5500,100
52253443487582,14:30:53.443,128.5600,6
52253443658515,14:30:53.443,128.5700,100
52253443709017,14:30:53.443,128.5700,1
52253443709017,14:30:53.443,128.5700,99
52253443719226,14:30:53.443,128.5700,1
52253443719226,14:30:53.443,128.5700,99
52253443862221,14:30:53.443,128.5700,58
52259292509084,14:30:59.292,128.5350,100
52259713474599,14:30:59.713,128.5350,168
52272316029849,14:31:12.316,128.5900,40
52272316029849,14:31:12.316,128.5900,60
52272316821087,14:31:12.316,128.5900,40
52275243864671,14:31:15.243,128.5400,100
52284325680403,14:31:24.325,128.5400,100
52284325753768,14:31:24.325,128.5000,100
52284355864017,14:31:24.355,128.4900,16
52284355864017,14:31:24.355,128.4900,61
52284355923502,14:31:24.355,128.4900,100
52284355923502,14:31:24.355,128.4800,78
52284355960514,14:31:24.355,128.4800,90
52284355960514,14:31:24.355,128.4800,10
52284356597037,14:31:24.356,128.4800,50
52287872900511,14:31:27.872,128.6000,1
52287872900511,14:31:27.872,128.6000,31
52298157708442,14:31:38.157,128.5400,100
52311105083102,14:31:51.105,128.5400,150
52311105085680,14:31:51.105,128.5400,50
52311105085680,14:31:51.105,128.5300,59
52311105126213,14:31:51.105,128.5300,91
52313953602389,14:31:53.953,128.5100,100
52313953926431,14:31:53.953,128.5300,200
52313954238457,14:31:53.954,128.5300,21
52313954238457,14:31:53.954,128.5300,79
52320753646256,14:32:00.753,128.5300,1
52320753666517,14:32:00.753,128.5400,100
52320753666517,14:32:00.753,128.5400,100
52320754210250,14:32:00.754,128.5700,100
52323321321367,14:32:03.321,128.6000,19
52323321321367,14:32:03.321,128.6000,100
52323321321367,14:32:03.321,128.6000,81
52323321712497,14:32:03.321,128.6000,8
52338751902571,14:32:18.751,128.5400,100
52348786916811,14:32:28.786,128.5900,1
52348786916811,14:32:28.786,128.5900,39
52348787451575,14:32:28.787,128.6000,66
52348787451575,14:32:28.787,128.6000,7
52355280858296,14:32:35.280,128.6000,2
52358867854069,14:32:38.867,128.5000,70
52377288597478,14:32:57.288,128.4800,9
52377288666448,14:32:57.288,128.5400,100
52377288672123,14:32:57.288,128.4800,91
52377288843866,14:32:57.288,128.4300,19
52377289008454,14:32:57.289,128.4800,38
52377289035008,14:32:57.289,128.4800,62
52377289035008,14:32:57.289,128.4800,38
52377289597752,14:32:57.289,128.4900,79
52377290460595,14:32:57.290,128.5100,100
52377290593943,14:32:57.290,128.5600,91
52377290644060,14:32:57.290,128.5900,100
52377290669921,14:32:57.290,128.5900,21
52377290669921,14:32:57.290,128.5900,79
52377290698888,14:32:57.290,128.5900,21
52377290698888,14:32:57.290,128.5900,79
52377290725664,14:32:57.290,128.5900,21
52377290725664,14:32:57.290,128.5900,79
52377290742113,14:32:57.290,128.5900,21
52377290742113,14:32:57.290,128.5900,79
52377312034299,14:32:57.312,128.6200,100
52377312034299,14:32:57.312,128.6200,158
52377312192463,14:32:57.312,128.6200,100
52377312644530,14:32:57.312,128.6300,21
52382660159061,14:33:02.660,128.5400,100
52382691784576,14:33:02.691,128.4800,100
52383268030792,14:33:03.268,128.4800,100
52385499028819,14:33:05.499,128.4600,100
52386849027807,14:33:06.849,128.4600,100
52388650030135,14:33:08.650,128.4600,100
52409340703869,14:33:29.340,128.5500,100
52409340703869,14:33:29.340,128.5500,100
52409340703869,14:33:29.340,128.5500,100
52409341524951,14:33:29.341,128.5700,100
52409341821727,14:33:29.341,128.5700,99
52409342827485,14:33:29.342,128.5700,1
52409342827485,14:33:29.342,128.5700,100
52432888750608,14:33:52.888,128.5700,1
52432888750608,14:33:52.888,128.5700,8
52459727966100,14:34:19.727,128.6300,19
52459728075374,14:34:19.728,128.5800,10
52459728075374,14:34:19.728,128.5800,90
52459728249435,14:34:19.728,128.6300,10
52461937369677,14:34:21.937,128.5400,100
52461937369677,14:34:21.937,128.5400,100
52461937434506,14:34:21.937,128.5400,100
52491527154770,14:34:51.527,128.5900,44
52491527154770,14:34:51.527,128.5900,1
52491527154770,14:34:51.527,128.5900,100
52514483154234,14:35:14.483,128.5900,1
52514506617004,14:35:14.506,128.5900,100
52518231584475,14:35:18.231,128.5700,100
52520345638537,14:35:20.345,128.5500,100
52520345638537,14:35:20.345,128.5500,100
52520412488854,14:35:20.412,128.4800,93
52520412488854,14:35:20.412,128.4800,4
52520412515817,14:35:20.412,128.4800,75
52520427853883,14:35:20.427,128.5400,100
52523761836069,14:35:23.761,128.5700,8
52548620017472,14:35:48.620,128.5150,100
52548621468155,14:35:48.621,128.5000,100
52548621468155,14:35:48.621,128.4900,100
52548621816309,14:35:48.621,128.4900,4
52548621844896,14:35:48.621,128.4900,96
52558043251929,14:35:58.043,128.5200,71
52560918734999,14:36:00.918,128.4600,33
52560918767970,14:36:00.918,128.4600,67
52564459646225,14:36:04.459,128.3700,30
52564459656710,14:36:04.459,128.3600,100
52564734433168,14:36:04.734,128.3100,100
52579867676258,14:36:19.867,128.3000,100
52579867676258,14:36:19.867,128.3100,100
52579867676258,14:36:19.867,128.3100,1
52579867676258,14:36:19.867,128.3200,99
52579868113825,14:36:19.868,128.3200,1
52579868144080,14:36:19.868,128.3300,100
52579868144080,14:36:19.868,128.3300,100
52579868144080,14:36:19.868,128.3300,1
52579869104520,14:36:19.869,128.3400,15
52588563016383,14:36:28.563,128.3100,18
52588563016383,14:36:28.563,128.3100,100
52588563016383,14:36:28.563,128.3100,100
52588563016383,14:36:28.563,128.3100,47
52629375000075,14:37:09.375,128.2500,100
52629375000075,14:37:09.375,128.2500,100
52646763040754,14:37:26.763,128.2100,46
52646763057207,14:37:26.763,128.2100,54
52646763057207,14:37:26.763,128.2100,1
52646763653467,14:37:26.763,128.1400,100
52646772641627,14:37:26.772,128.2100,1
52685709490919,14:38:05.709,128.1600,100
52688174362246,14:38:08.174,128.2700,1
52688174362246,14:38:08.174,128.2800,17
52698059870117,14:38:18.059,128.2200,200
52701619200386,14:38:21.619,128.2200,100
52711573917995,14:38:31.573,128.1300,200
52711822908166,14:38:31.822,128.0600,100
52711902308980,14:38:31.902,128.0500,100
52711902637892,14:38:31.902,128.0500,100
52728231819994,14:38:48.231,128.2100,27
52728231875592,14:38:48.231,128.2100,73
52728231875592,14:38:48.231,128.2100,1
52903527821302,14:41:43.527,128.0100,100
52910263990832,14:41:50.263,127.9500,40
52910267580067,14:41:50.267,127.9200,100
52910555728431,14:41:50.555,127.9300,100
52910765085212,14:41:50.765,127.9600,100
52910766092554,14:41:50.766,128.0100,100
52910766092554,14:41:50.766,128.0100,100
52921373870420,14:42:01.373,128.0500,100
52958575639254,14:42:38.575,128.0500,11
52958575639254,14:42:38.575,128.0500,89
52964472100395,14:42:44.472,128.0500,11
52976606140124,14:42:56.606,128.0700,100
52994895480944,14:43:14.895,127.9500,50
52995179581070,14:43:15.179,127.9000,75
52995179581070,14:43:15.179,127.9000,25
52995179989189,14:43:15.179,127.9000,17
52995328455939,14:43:15.328,127.9300,100
52995328482630,14:43:15.328,127.9300,87
52995328482630,14:43:15.328,127.9300,100
52995328545902,14:43:15.328,127.9300,100
52996071393173,14:43:16.071,127.9000,100
52996076647613,14:43:16.076,127.8900,69
52996076734605,14:43:16.076,127.8900,31
53073524638825,14:44:33.524,127.8800,17
53073524638825,14:44:33.524,127.8700,33
53087987056661,14:44:47.987,127.9150,100
53095547680460,14:44:55.547,127.9700,2
53095547680460,14:44:55.547,127.9700,80
53095547751421,14:44:55.547,127.9150,129
53095548121276,14:44:55.548,127.9700,20
53095548121276,14:44:55.548,127.9700,6
53098546755230,14:44:58.546,127.9200,100
53099422298050,14:44:59.422,127.9150,100
53099422298050,14:44:59.422,127.9700,3
53099422298050,14:44:59.422,127.9700,100
53099422298050,14:44:59.422,127.9700,1
53110844500277,14:45:10.844,127.8600,50
53110844500277,14:45:10.844,127.8600,177
53110844500277,14:45:10.844,127.8600,15
53110844578387,14:45:10.844,127.8600,15
53139640779085,14:45:39.640,127.9100,100
53188359683700,14:46:28.359,127.9700,49
53188359698355,14:46:28.359,127.9100,100
53188359698355,14:46:28.359,127.9700,46
53188359714285,14:46:28.359,127.9700,5
53188359714285,14:46:28.359,127.9700,1
53188359714285,14:46:28.359,127.9700,2
53188359714285,14:46:28.359,127.9700,100
53188359714285,14:46:28.359,127.9700,100
53188359714285,14:46:28.359,127.9700,7
53188359759309,14:46:28.359,127.9800,67
53188359777955,14:46:28.359,127.9800,33
53188359777955,14:46:28.359,127.9800,1
53188360805057,14:46:28.360,127.9700,70
53192362826731,14:46:32.362,128.0100,100
53192362826731,14:46:32.362,128.0300,149
53192362860511,14:46:32.362,128.0300,100
53207987615155,14:46:47.987,128.0700,100
53213636998021,14:46:53.636,128.0700,1
53221765716077,14:47:01.765,128.1000,1
53221765716077,14:47:01.765,128.1200,10
53221765716077,14:47:01.765,128.1300,5
53221770688884,14:47:01.770,128.1300,5
53221770688884,14:47:01.770,128.1300,3
53221771093400,14:47:01.771,128.1300,8
53221771122147,14:47:01.771,128.1300,83
53221771263912,14:47:01.771,128.1300,6
53240399699906,14:47:20.399,128.1700,5
53240399772306,14:47:20.399,128.1800,10
53240399835116,14:47:20.399,128.2000,1
53252082366995,14:47:32.082,128.1300,124
53252082394060,14:47:32.082,128.1300,76
53252082394060,14:47:32.082,128.1100,100
53252082394060,14:47:32.082,128.1100,24
53252082416316,14:47:32.082,128.1100,76
53252082416316,14:47:32.082,128.1100,24
53252082440521,14:47:32.082,128.1100,16
53252082440521,14:47:32.082,128.1100,100
53252082462935,14:47:32.082,128.1000,15
53299934808777,14:48:19.934,128.1700,1
53493830858798,14:51:33.830,128.1300,4
53493832936120,14:51:33.832,128.1400,100
53493832973499,14:51:33.832,128.1400,4
53498951370798,14:51:38.951,128.1700,100
53498951413355,14:51:38.951,128.1700,100
53498951413355,14:51:38.951,128.1700,6
53526738870384,14:52:06.738,128.1700,16
53526738870384,14:52:06.738,128.1700,7
53526738901850,14:52:06.738,128.1700,10
53526738901850,14:52:06.738,128.1700,10
53538979768766,14:52:18.979,128.2300,1
53538979768766,14:52:18.979,128.2300,99
53538979794281,14:52:18.979,128.2300,1
53538979795601,14:52:18.979,128.2300,1
53543170122958,14:52:23.170,128.2500,100
53543170166172,14:52:23.170,128.2600,2
53553217206454,14:52:33.217,128.2700,5
53557943814648,14:52:37.943,128.2900,10
53557944174802,14:52:37.944,128.3000,100
53557944174802,14:52:37.944,128.3000,1
53559459098274,14:52:39.459,128.3100,1
53559642804006,14:52:39.642,128.3100,100
53560234870157,14:52:40.234,128.3200,10
53567670767725,14:52:47.670,128.3300,10
53567670868954,14:52:47.670,128.3400,10
53567673945400,14:52:47.673,128.3500,100
53567673945400,14:52:47.673,128.3500,10
53567682963228,14:52:47.682,128.3600,5
53567686161794,14:52:47.686,128.3800,5
53567695686761,14:52:47.695,128.3500,70
53567695781958,14:52:47.695,128.3500,30
53567703341509,14:52:47.703,128.4300,5
53567710672285,14:52:47.710,128.4500,10
53595460061724,14:53:15.460,128.4800,10
53595460378279,14:53:15.460,128.5000,20
53595460438901,14:53:15.460,128.5100,100
53602663484448,14:53:22.663,128.4800,238
53602664836639,14:53:22.664,128.4800,10
53605794941849,14:53:25.794,128.4200,100
53615340283681,14:53:35.340,128.4000,100
53617151224539,14:53:37.151,128.3500,11
53617151591785,14:53:37.151,128.3400,100
53654367433902,14:54:14.367,128.3500,14
53692718540404,14:54:52.718,128.4200,24
53692718566535,14:54:52.718,128.4200,276
53692720823792,14:54:52.720,128.3700,100
53710836750935,14:55:10.836,128.3000,75
53710836750935,14:55:10.836,128.3000,50
53710836750935,14:55:10.836,128.2900,70
53802302753216,14:56:42.302,128.4300,7
53802303067551,14:56:42.303,128.3800,100
53802320281684,14:56:42.320,128.4300,100
53813488146162,14:56:53.488,128.4400,91
53813488170326,14:56:53.488,128.4400,9
53859959453868,14:57:39.959,128.3900,100
53859959453868,14:57:39.959,128.3900,1
53859959548546,14:57:39.959,128.4100,100
53860032396250,14:57:40.032,128.4200,10
53860032421255,14:57:40.032,128.4200,90
53860032421255,14:57:40.032,128.4200,1
53869874221765,14:57:49.874,128.4500,50
53869874248221,14:57:49.874,128.4500,50
53869874248221,14:57:49.874,128.4500,1
53869874248221,14:57:49.874,128.4500,13
53869874248221,14:57:49.874,128.4500,100
53869874248221,14:57:49.874,128.4500,1
53881636354974,14:58:01.636,128.4000,73
53892391510132,14:58:12.391,128.4600,100
53892391510132,14:58:12.391,128.4700,100
53892391510132,14:58:12.391,128.4700,7
53892391510132,14:58:12.391,128.4700,100
53892392707322,14:58:12.392,128.4700,64
53892395454925,14:58:12.395,128.4800,100
53897063718804,14:58:17.063,128.5200,10
53897064240634,14:58:17.064,128.5500,5
53897064762398,14:58:17.064,128.5600,5
53897065268004,14:58:17.065,128.5700,10
53897065268004,14:58:17.065,128.5700,100
53897066525509,14:58:17.066,128.5900,100
53897389680063,14:58:17.389,128.6000,21
53897908845028,14:58:17.908,128.6100,100
53901803532209,14:58:21.803,128.6200,1
53901803532209,14:58:21.803,128.6200,100
53908371077780,14:58:28.371,128.6300,10
53915071355581,14:58:35.071,128.6400,5
53982788649749,14:59:42.788,128.5800,11
54011779007801,15:00:11.779,128.5500,54
54011779032850,15:00:11.779,128.5500,46
54022955559204,15:00:22.955,128.5300,100
54022955626444,15:00:22.955,128.5200,100
54022955800699,15:00:22.955,128.5200,100
54057681626158,15:00:57.681,128.4800,100
54057681626158,15:00:57.681,128.4700,100
54075673655095,15:01:15.673,128.4700,93
54075673655095,15:01:15.673,128.4700,7
54075673682006,15:01:15.673,128.4700,41
54083658886618,15:01:23.658,128.4700,16
54083891538023,15:01:23.891,128.4800,100
54196218490466,15:03:16.218,128.3600,100
54200921590634,15:03:20.921,128.3500,40
54200921590634,15:03:20.921,128.3300,30
54201150670282,15:03:21.150,128.3600,8
54265281522897,15:04:25.281,128.2300,100
54265281887878,15:04:25.281,128.2400,84
54265281887878,15:04:25.281,128.2400,16
54271288261946,15:04:31.288,128.2100,100
54361150280945,15:06:01.150,128.0500,10
54361150954043,15:06:01.150,128.0100,100
54361170728400,15:06:01.170,128.0100,26
54363568573637,15:06:03.568,128.0100,54
54363568573637,15:06:03.568,128.0250,100
54363568573637,15:06:03.568,128.0500,100
54363568573637,15:06:03.568,128.0500,46
54363568656143,15:06:03.568,128.0500,54
54363568656143,15:06:03.568,128.0500,100
54363570626426,15:06:03.570,128.0300,10
54363570626426,15:06:03.570,128.0200,100
54363570626426,15:06:03.570,128.0100,50
54363570706587,15:06:03.570,128.0500,6
54363570715938,15:06:03.570,128.0500,4
54363570837233,15:06:03.570,128.0500,10
54363570837233,15:06:03.570,128.0500,10
54363570920267,15:06:03.570,128.0500,10
54363578001477,15:06:03.578,128.0200,100
54363578001477,15:06:03.578,128.0100,50
54363578001477,15:06:03.578,128.0100,100
54363578001477,15:06:03.578,128.0100,100
54363578001477,15:06:03.578,128.0100,100
54363578001477,15:06:03.578,128.0100,50
54363578654115,15:06:03.578,128.0100,50
54396400179493,15:06:36.400,128.1200,99
54397232591228,15:06:37.232,128.1200,1
54401480200201,15:06:41.480,128.1300,67
54401480231338,15:06:41.480,128.1300,33
54423222836614,15:07:03.222,128.1000,1
54424295527729,15:07:04.295,128.0800,100
54424295586740,15:07:04.295,128.0800,100
54452815932641,15:07:32.815,128.1200,11
54489379196746,15:08:09.379,128.2100,1
54489379196746,15:08:09.379,128.2100,4
54489379742742,15:08:09.379,128.2200,1
54489379861848,15:08:09.379,128.2300,2
54492746515511,15:08:12.746,128.2400,2
54492746663911,15:08:12.746,128.2800,1
54492750981003,15:08:12.750,128.2700,8
54492751061227,15:08:12.751,128.2800,4
54562322917029,15:09:22.322,128.2100,100
54562322917029,15:09:22.322,128.2100,6
54562322917029,15:09:22.322,128.2100,1
54562322917029,15:09:22.322,128.2100,7
54594412748815,15:09:54.412,128.1050,100
54594412748815,15:09:54.412,128.1300,3
54594412775978,15:09:54.412,128.1300,100
54604827206287,15:10:04.827,128.1700,100
54616140416424,15:10:16.140,128.2000,100
54616140416424,15:10:16.140,128.2000,35
54616140441946,15:10:16.140,128.2000,65
54634406873616,15:10:34.406,128.2400,100
54634406873616,15:10:34.406,128.2400,11
54634407634211,15:10:34.407,128.2400,100
54634407634211,15:10:34.407,128.2400,3
54634407692710,15:10:34.407,128.2400,97
54634407692710,15:10:34.407,128.2500,3
54634407740855,15:10:34.407,128.2500,97
54634407740855,15:10:34.407,128.2500,3
54634407756298,15:10:34.407,128.2500,97
54634407829928,15:10:34.407,128.2500,3
54634409326702,15:10:34.409,128.2600,100
54634432522109,15:10:34.432,128.2900,2
54634437913634,15:10:34.437,128.3000,2
54634443136005,15:10:34.443,128.3200,1
54645570334311,15:10:45.570,128.2300,100
54645570363792,15:10:45.570,128.2300,78
54656188077861,15:10:56.188,128.1900,59
54656188139789,15:10:56.188,128.1900,41
54656188139789,15:10:56.188,128.1900,100
54691392420961,15:11:31.392,128.2200,5
54710462810433,15:11:50.462,128.2400,100
54714855224658,15:11:54.855,128.2400,100
54768725295043,15:12:48.725,128.3000,100
54768725295043,15:12:48.725,128.3000,15
54768725295043,15:12:48.725,128.3000,100
54768725825876,15:12:48.725,128.3300,1
54776153182542,15:12:56.153,128.3150,100
54786897315265,15:13:06.897,128.2900,100
54786897315265,15:13:06.897,128.2900,100
54792515342336,15:13:12.515,128.3500,1
54792515342336,15:13:12.515,128.3500,100
54792516024476,15:13:12.516,128.3700,1
54796529944025,15:13:16.529,128.3400,100
54811572759927,15:13:31.572,128.3800,1
54824091593866,15:13:44.091,128.3900,10
54920959786124,15:15:20.959,128.4000,100
54921586323967,15:15:21.586,128.3800,5
54921906394228,15:15:21.906,128.4100,97
54921906394228,15:15:21.906,128.4100,100
54921954592980,15:15:21.954,128.4200,1
54921955244649,15:15:21.955,128.4300,1
54943503190655,15:15:43.503,128.4400,1
54943503190655,15:15:43.503,128.4400,84
54943503300411,15:15:43.503,128.4400,16
54943503300411,15:15:43.503,128.4400,14
54948022925637,15:15:48.022,128.4500,33
54948022925637,15:15:48.022,128.4500,1
54948022981330,15:15:48.022,128.4600,1
54955023310264,15:15:55.023,128.4700,100
54955023310264,15:15:55.023,128.4700,100
54955230579860,15:15:55.230,128.4900,1
54955250107134,15:15:55.250,128.5000,1
54955250387261,15:15:55.250,128.5200,1
55057812995479,15:17:37.812,128.4300,13
55057812995479,15:17:37.812,128.4300,12
55057812995479,15:17:37.812,128.4300,100
55057812995479,15:17:37.812,128.4300,40
55057812995479,15:17:37.812,128.4300,35
55057813130997,15:17:37.813,128.4300,65
55080869260730,15:18:00.869,128.4300,100
55101708586027,15:18:21.708,128.4300,100
55101708623796,15:18:21.708,128.4300,13
55101708623796,15:18:21.708,128.4300,2
55111772755676,15:18:31.772,128.4500,1
55111772755676,15:18:31.772,128.4500,13
55111772755676,15:18:31.772,128.4500,14
55167675548221,15:19:27.675,128.4500,42
55167675581352,15:19:27.675,128.4500,51
55167676767161,15:19:27.676,128.4800,100
55167676767161,15:19:27.676,128.4900,100
55167676767161,15:19:27.676,128.4900,1
55167676767161,15:19:27.676,128.4900,71
55167678686446,15:19:27.678,128.5000,2
55167679201717,15:19:27.679,128.5300,1
55167686544650,15:19:27.686,128.4900,1
55185036064057,15:19:45.036,128.5400,1
55185266799411,15:19:45.266,128.5600,1
55185266799411,15:19:45.266,128.5600,17
55185266799411,15:19:45.266,128.5600,63
55185266799411,15:19:45.266,128.5600,13
55185266799411,15:19:45.266,128.5600,6
55185266908652,15:19:45.266,128.5600,94
55202099631378,15:20:02.099,128.5700,1
55202099631378,15:20:02.099,128.5700,99
55202099661892,15:20:02.099,128.5700,1
55202099661892,15:20:02.099,128.5700,100
55202100267943,15:20:02.100,128.5800,1
55212334057234,15:20:12.334,128.6100,2
55249098021826,15:20:49.098,128.6400,1
55249098021826,15:20:49.098,128.6400,3
55249098021826,15:20:49.098,128.6400,3
55249105482430,15:20:49.105,128.6600,13
55249105597890,15:20:49.105,128.6700,1
55249105597890,15:20:49.105,128.6800,1
55249656616072,15:20:49.656,128.7100,1
55251750221741,15:20:51.750,128.7200,1
55274107175456,15:21:14.107,128.6500,37
55274107712516,15:21:14.107,128.6400,13
55274107812251,15:21:14.107,128.6300,10
55274111047969,15:21:14.111,128.6500,91
55274111175745,15:21:14.111,128.6500,91
55325657132675,15:22:05.657,128.5700,100
55358604844641,15:22:38.604,128.5300,2
55358605206669,15:22:38.605,128.5300,100
55358608134133,15:22:38.608,128.5400,1
55358608134133,15:22:38.608,128.5400,100
55358610795835,15:22:38.610,128.5600,13
55358615222337,15:22:38.615,128.5700,13
55358616044047,15:22:38.616,128.5300,99
55358616084510,15:22:38.616,128.5400,1
55358616157475,15:22:38.616,128.5300,1
55358616157475,15:22:38.616,128.5300,99
55358616809682,15:22:38.616,128.5400,1
55358628693538,15:22:38.628,128.5300,100
55358628693538,15:22:38.628,128.5300,10
55358669302203,15:22:38.669,128.4900,5
55387666687209,15:23:07.666,128.4500,100
55391997800505,15:23:11.997,128.4600,1
55408108564286,15:23:28.108,128.4700,10
55408115037933,15:23:28.115,128.4550,100
55452805591065,15:24:12.805,128.4300,50
55452827187186,15:24:12.827,128.4300,27
55454872896195,15:24:14.872,128.4300,100
55454872950941,15:24:14.872,128.4300,100
55454873038471,15:24:14.873,128.4300,12
55454873038471,15:24:14.873,128.4300,100
55454873038471,15:24:14.873,128.4300,15
55454873038471,15:24:14.873,128.4300,9
55477027686654,15:24:37.027,128.4300,100
55528508059781,15:25:28.508,128.4000,153
55573261933036,15:26:13.261,128.3900,100
55577839098188,15:26:17.839,128.4300,99
55577839938011,15:26:17.839,128.4300,1
55577839938011,15:26:17.839,128.4300,1
55577839938011,15:26:17.839,128.4300,10
55577841149199,15:26:17.841,128.4500,1
55577841149199,15:26:17.841,128.4500,99
55577841219227,15:26:17.841,128.4500,1
55577841219227,15:26:17.841,128.4500,10
55577841219227,15:26:17.841,128.4500,100
55577841219227,15:26:17.841,128.4500,91
55657339502703,15:27:37.339,128.4600,100
55657339502703,15:27:37.339,128.4600,1
55657339502703,15:27:37.339,128.4600,100
55673114271592,15:27:53.114,128.4700,57
55673114719964,15:27:53.114,128.4700,3
55673114719964,15:27:53.114,128.4700,41
55673117997749,15:27:53.117,128.4700,59
55673117997749,15:27:53.117,128.4700,49
55676983372314,15:27:56.983,128.5100,4
55677053564761,15:27:57.053,128.5200,2
55703822199552,15:28:23.822,128.5300,2
55703822199552,15:28:23.822,128.5300,9
55714623154075,15:28:34.623,128.5200,100
55731283023994,15:28:51.283,128.5200,1
55731283023994,15:28:51.283,128.5200,10
55748840491755,15:29:08.840,128.4800,100
55748840521206,15:29:08.840,128.4800,131
55748840521206,15:29:08.840,128.4800,4
55748840521206,15:29:08.840,128.4800,177
55748840651937,15:29:08.840,128.4700,100
55748840651937,15:29:08.840,128.4700,100
55748841265272,15:29:08.841,128.4600,100
55748842553906,15:29:08.842,128.4400,23
55748842579376,15:29:08.842,128.4400,77
55748842579376,15:29:08.842,128.4400,100
55748842579376,15:29:08.842,128.4400,100
55748842615048,15:29:08.842,128.4300,23
55748842672228,15:29:08.842,128.4300,23
55748842705875,15:29:08.842,128.4300,54
55748842764067,15:29:08.842,128.4200,100
55758791637420,15:29:18.791,128.4000,8
55776113537147,15:29:36.113,128.4100,1
55776114316639,15:29:36.114,128.3800,100
55812740455954,15:30:12.740,128.2400,100
55812740455954,15:30:12.740,128.2400,100
55845056772349,15:30:45.056,128.2600,54
55852146062160,15:30:52.146,128.2800,8
55853137411966,15:30:53.137,128.2900,50
55853137438934,15:30:53.137,128.2900,50
55853137438934,15:30:53.137,128.2900,2
55853137438934,15:30:53.137,128.2900,48
55853137438934,15:30:53.137,128.2900,100
55869405901899,15:31:09.405,128.3300,1
55869405901899,15:31:09.405,128.3300,100
55870232991508,15:31:10.232,128.3400,2
55870232991508,15:31:10.232,128.3400,100
55872430606324,15:31:12.430,128.3900,100
55872430627395,15:31:12.430,128.4100,99
55874481981328,15:31:14.481,128.3600,100
55874880761811,15:31:14.880,128.3500,7
55880991644247,15:31:20.991,128.3500,100
55906125882872,15:31:46.125,128.3300,100
55948021488675,15:32:28.021,128.3300,7
55985796422860,15:33:05.796,128.2900,7
55985797331522,15:33:05.797,128.2600,99
55985797359520,15:33:05.797,128.2600,1
55985798645368,15:33:05.798,128.2600,1
55986799497061,15:33:06.799,128.2600,100
56015598986915,15:33:35.598,128.2900,1
56015598986915,15:33:35.598,128.2900,99
56015599139020,15:33:35.599,128.2900,1
56015599139020,15:33:35.599,128.2900,99
56015599212459,15:33:35.599,128.2900,1
56015599633877,15:33:35.599,128.3000,5
56051239865683,15:34:11.239,128.2300,100
56051239891314,15:34:11.239,128.2300,51
56103897987061,15:35:03.897,128.2600,62
56103897987061,15:35:03.897,128.2600,6
56103897987061,15:35:03.897,128.2600,100
56103897987061,15:35:03.897,128.2600,37
56103898338981,15:35:03.898,128.2700,100
56103898377508,15:35:03.898,128.2700,50
56103898392843,15:35:03.898,128.2700,50
56103900651131,15:35:03.900,128.2500,100
56129042377314,15:35:29.042,128.2800,100
56129042377314,15:35:29.042,128.2800,2
56132470866822,15:35:32.470,128.2800,1
56134636519695,15:35:34.636,128.3000,100
56157045628134,15:35:57.045,128.3200,1
56157045628134,15:35:57.045,128.3200,100
56157244232795,15:35:57.244,128.3400,100
56170061811225,15:36:10.061,128.2900,7
56170061811225,15:36:10.061,128.2900,93
56170061837926,15:36:10.061,128.2900,7
56170062379572,15:36:10.062,128.2800,100
56196272023717,15:36:36.272,128.2500,100
56196272023717,15:36:36.272,128.2400,100
56197224083693,15:36:37.224,128.2600,2
56197224083693,15:36:37.224,128.2600,100
56199237893638,15:36:39.237,128.2600,1
56231824461646,15:37:11.824,128.2800,1
56241284920136,15:37:21.284,128.2400,100
56257146401553,15:37:37.146,128.2900,1
56270038653561,15:37:50.038,128.3000,292
56270038679373,15:37:50.038,128.3000,8
56270479752390,15:37:50.479,128.3100,7
56275919159230,15:37:55.919,128.2700,70
56275919159230,15:37:55.919,128.2700,100
56275919159230,15:37:55.919,128.2700,30
56295703721367,15:38:15.703,128.2300,152
56295703721367,15:38:15.703,128.2300,108
56295703721367,15:38:15.703,128.2300,40
56295703749094,15:38:15.703,128.2300,60
56323499277402,15:38:43.499,128.2900,80
56323521888457,15:38:43.521,128.3000,2
56323521888457,15:38:43.521,128.3000,5
56323777456602,15:38:43.777,128.3000,1
56323778093545,15:38:43.778,128.3100,100
56346928969967,15:39:06.928,128.2600,100
56403572795222,15:40:03.572,128.2200,50
56404009660586,15:40:04.009,128.2200,100
56404009700763,15:40:04.009,128.2200,1
56404010120682,15:40:04.010,128.2200,4
56404374677953,15:40:04.374,128.2400,100
56404374677953,15:40:04.374,128.2400,100
56404386570796,15:40:04.386,128.2600,2
56411969418304,15:40:11.969,128.2700,100
56411969418304,15:40:11.969,128.2700,74
56411969478381,15:40:11.969,128.2700,26
56411969478381,15:40:11.969,128.2700,74
56411969482194,15:40:11.969,128.2700,26
56412065328333,15:40:12.065,128.2700,6
56461739535306,15:41:01.739,128.2200,15
56463194658366,15:41:03.194,128.2000,100
56467006634126,15:41:07.006,128.1800,50
56468048349068,15:41:08.048,128.2100,80
56468061751365,15:41:08.061,128.2100,20
56468061751365,15:41:08.061,128.2100,80
56473466348863,15:41:13.466,128.2200,100
56473466420349,15:41:13.466,128.2200,1
56473466424489,15:41:13.466,128.2200,30
56473466653568,15:41:13.466,128.2300,1
56480465871244,15:41:20.465,128.2000,2
56481304771622,15:41:21.304,128.1800,2
56481304773827,15:41:21.304,128.1800,48
56481306653888,15:41:21.306,128.1700,100
56486785097919,15:41:26.785,128.1600,100
56487001689838,15:41:27.001,128.1500,100
56487128362109,15:41:27.128,128.1500,100
56498833179445,15:41:38.833,128.1400,5
56498833606196,15:41:38.833,128.1400,95
56499033982178,15:41:39.033,128.1100,100
56521807997321,15:42:01.807,128.1500,100
56521807997321,15:42:01.807,128.1500,100
56538630186980,15:42:18.630,128.1800,100
56538631581860,15:42:18.631,128.2000,96
56538631675011,15:42:18.631,128.2000,4
56538632165690,15:42:18.632,128.2100,18
56538632232379,15:42:18.632,128.2100,38
56577053462574,15:42:57.053,128.1700,100
56577053462574,15:42:57.053,128.1600,100
56580132370198,15:43:00.132,128.2100,44
56580132370198,15:43:00.132,128.2100,56
56580132406098,15:43:00.132,128.2100,44
56580132406098,15:43:00.132,128.2100,100
56580132406098,15:43:00.132,128.2100,100
56580132406098,15:43:00.132,128.2100,2
56590114166851,15:43:10.114,128.1700,7
56590114649288,15:43:10.114,128.1600,100
56590114649288,15:43:10.114,128.1600,5
56590114705927,15:43:10.114,128.1500,100
56635340849450,15:43:55.340,128.1900,100
56635340849450,15:43:55.340,128.1900,23
56635340849450,15:43:55.340,128.1900,100
56635341516844,15:43:55.341,128.1800,100
56635341516844,15:43:55.341,128.1700,10
56635341516844,15:43:55.341,128.1700,77
56640971082991,15:44:00.971,128.1900,10
56640971082991,15:44:00.971,128.1900,10
56640971082991,15:44:00.971,128.1900,1
56640971082991,15:44:00.971,128.1900,1
56640971082991,15:44:00.971,128.1900,1
56647483827228,15:44:07.483,128.2000,100
56647488389624,15:44:07.488,128.2000,100
56647488389624,15:44:07.488,128.2100,83
56647488415358,15:44:07.488,128.2100,17
56647488648285,15:44:07.488,128.1900,10
56665977445621,15:44:25.977,128.1700,12
56666771775337,15:44:26.771,128.2000,10
56668024440155,15:44:28.024,128.1900,7
56668661462554,15:44:28.661,128.2100,13
56668661462554,15:44:28.661,128.2100,87
56668732538921,15:44:28.732,128.2100,13
56668732538921,15:44:28.732,128.2100,37
56702222983108,15:45:02.222,128.2100,2
56702247937833,15:45:02.247,128.1800,100
56709326215151,15:45:09.326,128.1800,100
56709329207077,15:45:09.329,128.1700,2
56709329207077,15:45:09.329,128.1700,98
56709329355398,15:45:09.329,128.1700,2
56709329731426,15:45:09.329,128.1600,4
56709810038466,15:45:09.810,128.1900,100
56717633088062,15:45:17.633,128.2000,100
56717633088062,15:45:17.633,128.2000,1
56717633088062,15:45:17.633,128.2000,100
56722750909373,15:45:22.750,128.2100,100
56722751024590,15:45:22.751,128.2100,100
56722751024590,15:45:22.751,128.2100,1
56722751052853,15:45:22.751,128.2100,100
56730663282926,15:45:30.663,128.2200,100
56730663339973,15:45:30.663,128.2200,100
56730663339973,15:45:30.663,128.2200,44
56730663359110,15:45:30.663,128.2200,56
56730664821428,15:45:30.664,128.2200,100
56736163537995,15:45:36.163,128.2400,100
56736163537995,15:45:36.163,128.2400,100
56751256562446,15:45:51.256,128.2700,5
56751256562446,15:45:51.256,128.2700,100
56751256562446,15:45:51.256,128.2700,1
56752913990412,15:45:52.913,128.2800,100
56755782294077,15:45:55.782,128.2900,100
56755782582035,15:45:55.782,128.3000,5
56760169801230,15:46:00.169,128.3000,100
56762525854313,15:46:02.525,128.3200,100
56769914939671,15:46:09.914,128.2900,12
56775893771049,15:46:15.893,128.3000,2
56775893771049,15:46:15.893,128.3100,61
56775960208404,15:46:15.960,128.3100,39
56775960208404,15:46:15.960,128.3100,11
56777299129300,15:46:17.299,128.2700,100
56777299129300,15:46:17.299,128.2700,100
56777299640456,15:46:17.299,128.2700,100
56808517162401,15:46:48.517,128.2600,80
56811011200640,15:46:51.011,128.2750,100
56811998188813,15:46:51.998,128.2750,100
56821206044764,15:47:01.206,128.2700,100
56821206084177,15:47:01.206,128.2700,108
56821206098270,15:47:01.206,128.2700,92
56827942319950,15:47:07.942,128.2600,20
56827942319950,15:47:07.942,128.2600,100
56827942319950,15:47:07.942,128.2600,29
56827942752266,15:47:07.942,128.2600,71
56845889954733,15:47:25.889,128.2500,2
56857677093228,15:47:37.677,128.2300,100
56860689428906,15:47:40.689,128.2300,186
56860689428906,15:47:40.689,128.2300,14
56864400833839,15:47:44.400,128.2400,5
56864401377156,15:47:44.401,128.2500,2
56864500652517,15:47:44.500,128.2400,56
56869199852748,15:47:49.199,128.2450,100
56869199953566,15:47:49.199,128.2600,2
56869214744018,15:47:49.214,128.2700,1
56869215035318,15:47:49.215,128.2600,100
56869216143679,15:47:49.216,128.2800,26
56869216145428,15:47:49.216,128.2800,74
56876309512413,15:47:56.309,128.2700,100
56880011960275,15:48:00.011,128.3000,100
56880011960275,15:48:00.011,128.3000,100
56880011960275,15:48:00.011,128.3000,9
56880011960275,15:48:00.011,128.3000,151
56887250166383,15:48:07.250,128.2700,7
56887250166383,15:48:07.250,128.2700,28
56910380815679,15:48:30.380,128.2300,100
56910384409388,15:48:30.384,128.2200,99
56936451357282,15:48:56.451,128.2300,100
56936452711391,15:48:56.452,128.2200,1
56939152757697,15:48:59.152,128.2300,1
56949111628066,15:49:09.111,128.2100,7
56949112963959,15:49:09.112,128.1900,100
56949126092990,15:49:09.126,128.1800,100
56965692008128,15:49:25.692,128.1800,16
56965692056725,15:49:25.692,128.1800,84
56965692056725,15:49:25.692,128.1800,68
56965692096453,15:49:25.692,128.1800,32
56965692096453,15:49:25.692,128.1800,1
56965692096453,15:49:25.692,128.1800,16
56965692240126,15:49:25.692,128.1800,84
56965708266311,15:49:25.708,128.1700,75
56965708266311,15:49:25.708,128.1600,100
56965708266311,15:49:25.708,128.1500,19
56965708266311,15:49:25.708,128.1500,6
56965708355266,15:49:25.708,128.1700,10
56965708833196,15:49:25.708,128.1700,10
56966473319368,15:49:26.473,128.1800,2
56966478984243,15:49:26.478,128.1900,100
56966479180795,15:49:26.479,128.1900,48
56969341421190,15:49:29.341,128.1600,18
56996935115925,15:49:56.935,128.1200,100
56996937090043,15:49:56.937,128.1300,100
57000112618456,15:50:00.112,128.1100,7
57004022193292,15:50:04.022,128.1000,100
57010193068359,15:50:10.193,128.1000,94
57010519047154,15:50:10.519,128.0800,18
57019785113192,15:50:19.785,128.1000,99
57019804432568,15:50:19.804,128.1000,1
57019805048566,15:50:19.805,128.1100,2
57031183521461,15:50:31.183,128.1100,100
57031183521461,15:50:31.183,128.1100,44
57031183521461,15:50:31.183,128.1100,11
57031184727125,15:50:31.184,128.1200,24
57031185714857,15:50:31.185,128.1200,10
57037002281669,15:50:37.002,128.1200,1
57037002281669,15:50:37.002,128.1200,100
57037002281669,15:50:37.002,128.1200,100
57037002281669,15:50:37.002,128.1200,89
57037003176137,15:50:37.003,128.1300,8
57037003233540,15:50:37.003,128.1300,32
57037003296062,15:50:37.003,128.1200,100
57037024458638,15:50:37.024,128.1200,100
57037043262179,15:50:37.043,128.1200,100
57038726328253,15:50:38.726,128.1200,50
57041187224756,15:50:41.187,128.1100,100
57044626306297,15:50:44.626,128.1100,8
57044628797831,15:50:44.628,128.1100,9
57047337599456,15:50:47.337,128.1200,50
57047338256722,15:50:47.338,128.1100,100
57047338282494,15:50:47.338,128.1100,100
57047338282494,15:50:47.338,128.1100,100
57060044579372,15:51:00.044,128.1000,93
57060863123963,15:51:00.863,128.1000,7
57060863123963,15:51:00.863,128.1000,63
57060868212804,15:51:00.868,128.1000,37
57060868212804,15:51:00.868,128.1000,63
57060868252453,15:51:00.868,128.1000,37
57063202702736,15:51:03.202,128.1000,100
57066967135806,15:51:06.967,128.0900,94
57066967822351,15:51:06.967,128.0900,6
57068309750046,15:51:08.309,128.1100,49
57068318798964,15:51:08.318,128.1100,51
57068341992178,15:51:08.341,128.1200,100
57068342023794,15:51:08.342,128.1200,30
57070519680451,15:51:10.519,128.1300,69
57070519716242,15:51:10.519,128.1300,31
57070519716242,15:51:10.519,128.1300,100
57096374663468,15:51:36.374,128.1400,100
57096374663468,15:51:36.374,128.1400,100
57113390704441,15:51:53.390,128.1100,100
57113390704441,15:51:53.390,128.1100,68
57141014733734,15:52:21.014,128.0950,100
57141016579891,15:52:21.016,128.1000,10
57141022109323,15:52:21.022,128.1100,32
57141022109323,15:52:21.022,128.1100,100
57141023358786,15:52:21.023,128.1100,100
57141025275976,15:52:21.025,128.0900,100
57151578526977,15:52:31.578,128.0600,100
57151578553491,15:52:31.578,128.0600,25
57156619454715,15:52:36.619,128.0500,100
57156619454715,15:52:36.619,128.0500,100
57156624906962,15:52:36.624,128.0300,1
57173511269402,15:52:53.511,128.0200,1
57173511269402,15:52:53.511,128.0200,99
57173511302182,15:52:53.511,128.0200,1
57183110585182,15:53:03.110,128.0100,1
57183110585182,15:53:03.110,128.0100,1
57187112008305,15:53:07.112,128.0100,22
57189965991292,15:53:09.965,128.0100,77
57190241228929,15:53:10.241,128.0100,28
57191091335850,15:53:11.091,128.0100,72
57194409833369,15:53:14.409,128.0100,100
57206766955962,15:53:26.766,128.0000,100
57206766955962,15:53:26.766,128.0000,200
57206766955962,15:53:26.766,128.0000,100
57206767407446,15:53:26.767,127.9900,1
57206767407446,15:53:26.767,127.9900,60
57206767441875,15:53:26.767,127.9900,40
57206771214047,15:53:26.771,127.9700,1
57206771214047,15:53:26.771,127.9700,99
57206842013433,15:53:26.842,127.9700,1
57207166964897,15:53:27.166,127.9600,1
57207166964897,15:53:27.166,127.9600,98
57207167008682,15:53:27.167,127.9600,2
57207541725540,15:53:27.541,127.9500,2
57213651432832,15:53:33.651,127.9400,1
57213815613362,15:53:33.815,127.9300,1
57224355785358,15:53:44.355,127.9200,1
57224671829444,15:53:44.671,127.9100,2
57229007724168,15:53:49.007,127.9000,100
57230024967466,15:53:50.024,127.9000,100
57241771281005,15:54:01.771,127.9000,5
57246757454756,15:54:06.757,127.9200,4
57246757586271,15:54:06.757,127.9300,55
57246757586271,15:54:06.757,127.9300,52
57246757586271,15:54:06.757,127.9300,100
57246757586271,15:54:06.757,127.9300,100
57247680038253,15:54:07.680,127.9400,309
57247680038253,15:54:07.680,127.9400,91
57247680070228,15:54:07.680,127.9400,9
57263031481386,15:54:23.031,127.9100,90
57270726570451,15:54:30.726,127.9500,63
57270726736585,15:54:30.726,127.9500,37
57285073091825,15:54:45.073,127.9300,185
57285073127143,15:54:45.073,127.9300,6
57285073173116,15:54:45.073,127.9300,94
57285073173116,15:54:45.073,127.9200,6
57300037290589,15:55:00.037,127.9500,100
57300055440771,15:55:00.055,127.9600,100
57300058647054,15:55:00.058,127.9500,100
57304061770844,15:55:04.061,128.0300,8
57304061801462,15:55:04.061,128.0300,192
57318883421423,15:55:18.883,128.1000,2
57318883421423,15:55:18.883,128.1000,7
57318921099458,15:55:18.921,128.0900,100
57330058021904,15:55:30.058,128.1000,100
57330060304150,15:55:30.060,128.1200,100
57330060304150,15:55:30.060,128.1200,12
57331669630500,15:55:31.669,128.1300,29
57344038950428,15:55:44.038,128.1500,17
57379842333563,15:56:19.842,128.1600,20
57382543851821,15:56:22.543,128.1600,56
57392009682733,15:56:32.009,128.2000,27
57392009682733,15:56:32.009,128.2000,15
57392011650692,15:56:32.011,128.2000,100
57392035869285,15:56:32.035,128.2000,10
57392035869285,15:56:32.035,128.2100,90
57392040263080,15:56:32.040,128.2100,10
57392170159137,15:56:32.170,128.2100,7
57393026641436,15:56:33.026,128.1900,100
57393027052416,15:56:33.027,128.1700,22
57411679678849,15:56:51.679,128.1800,100
57411685723024,15:56:51.685,128.1400,4
57414084505500,15:56:54.084,128.1600,100
57414086353404,15:56:54.086,128.1500,100
57431020522648,15:57:11.020,128.1450,100
57431020996892,15:57:11.020,128.1700,100
57431021693075,15:57:11.021,128.1700,100
57443902360302,15:57:23.902,128.1200,7
57467902252246,15:57:47.902,128.1500,100
57467941000316,15:57:47.941,128.1400,38
57467978714879,15:57:47.978,128.1300,70
57467978764710,15:57:47.978,128.1300,30
57467978964659,15:57:47.978,128.1200,10
57467979097352,15:57:47.979,128.1300,10
57467979097352,15:57:47.979,128.1300,24
57467979194290,15:57:47.979,128.1300,22
57467979221465,15:57:47.979,128.1300,54
57468243409531,15:57:48.243,128.1600,47
57468243526889,15:57:48.243,128.1400,100
57468243761187,15:57:48.243,128.1600,4
57468244074967,15:57:48.244,128.1600,15
57468244130419,15:57:48.244,128.1600,25
57468244150797,15:57:48.244,128.1600,9
57468244150797,15:57:48.244,128.1600,23
57468244158246,15:57:48.244,128.1600,77
57470821673392,15:57:50.821,128.1200,100
57474157684650,15:57:54.157,128.1200,100
57483458781049,15:58:03.458,128.1400,26
57483459571607,15:58:03.459,128.1400,13
57483459664331,15:58:03.459,128.1400,61
57483459664331,15:58:03.459,128.1400,25
57483481223823,15:58:03.481,128.1400,2
57483481291220,15:58:03.481,128.1400,1
57483481354775,15:58:03.481,128.1400,1
57487548001314,15:58:07.548,128.1400,59
57487548001314,15:58:07.548,128.1600,41
57494087790966,15:58:14.087,128.1600,59
57496765664243,15:58:16.765,128.1300,100
57499807589376,15:58:19.807,128.1600,100
57507321999353,15:58:27.321,128.1600,16
57507323551768,15:58:27.323,128.1600,16
57516469513332,15:58:36.469,128.1600,100
57529455171508,15:58:49.455,128.1900,100
57538905312759,15:58:58.905,128.2050,100
57538905312759,15:58:58.905,128.2100,100
57538905621052,15:58:58.905,128.2100,100
57539703703922,15:58:59.703,128.2000,77
57560134927545,15:59:20.134,128.1200,100
57570612769300,15:59:30.612,128.1100,11
57574829487389,15:59:34.829,128.0700,19
