timestamp,time,price,volume
34200369772523,09:30:00.369,14.7200,4340
34400250951415,09:33:20.250,14.6800,35
34400250951415,09:33:20.250,14.6800,3
34413016327721,09:33:33.016,14.7000,100
34424454653989,09:33:44.454,14.6600,100
34449073568548,09:34:09.073,14.7000,25
34540197292956,09:35:40.197,14.7650,100
34569597485366,09:36:09.597,14.7650,200
34599011807279,09:36:39.011,14.7650,100
34651634621827,09:37:31.634,14.7000,15
34816126136982,09:40:16.126,14.7700,200
34816126136982,09:40:16.126,14.7800,300
34834536785516,09:40:34.536,14.7400,200
34834536825165,09:40:34.536,14.7400,1
34993439954857,09:43:13.439,14.7600,1
35010529532872,09:43:30.529,14.7650,100
35012554071377,09:43:32.554,14.7500,100
35016262609828,09:43:36.262,14.7400,100
35016262609828,09:43:36.262,14.7400,100
35018684192634,09:43:38.684,14.7300,200
35231623318525,09:47:11.623,14.7500,100
35687296194044,09:54:47.296,14.7500,200
35722041260332,09:55:22.041,14.7400,1
35722041260332,09:55:22.041,14.7400,99
35722041441761,09:55:22.041,14.7400,1
35722041441761,09:55:22.041,14.7400,100
35785163354753,09:56:25.163,14.7500,100
35785164371435,09:56:25.164,14.7500,200
35893260090632,09:58:13.260,14.7500,100
35901768125208,09:58:21.768,14.7500,100
35982108660139,09:59:42.108,14.7500,50
35982108660139,09:59:42.108,14.7500,50
35984820869213,09:59:44.820,14.7600,100
36124776879985,10:02:04.776,14.7600,100
36137700377021,10:02:17.700,14.7800,73
36144471443306,10:02:24.471,14.7800,127
36211619992295,10:03:31.619,14.8500,100
36416179025798,10:06:56.179,14.8400,100
36470776287392,10:07:50.776,14.8400,100
36470776287392,10:07:50.776,14.8400,100
36650951085122,10:10:50.951,14.8400,100
36656703207501,10:10:56.703,14.8400,100
36694505758630,10:11:34.505,14.8250,100
36720612357933,10:12:00.612,14.8250,100
36720614535299,10:12:00.614,14.8250,200
36739355260124,10:12:19.355,14.8400,100
36748988288235,10:12:28.988,14.8600,100
36749750618191,10:12:29.750,14.8500,70
36749989368967,10:12:29.989,14.8300,161
36767547413206,10:12:47.547,14.8600,9
36892196155960,10:14:52.196,14.8800,100
36963743201660,10:16:03.743,14.9000,160
36968631805579,10:16:08.631,14.9000,100
36969577056777,10:16:09.577,14.9000,10
36969577056777,10:16:09.577,14.9000,100
36985377855323,10:16:25.377,14.9300,200
37064718074736,10:17:44.718,14.9300,100
37105110488374,10:18:25.110,14.9000,100
37105110488374,10:18:25.110,14.9000,100
37105110732012,10:18:25.110,14.8900,100
37105110994318,10:18:25.110,14.8900,100
37148603433245,10:19:08.603,14.9100,1
37268740044679,10:21:08.740,14.9000,100
37273269237044,10:21:13.269,14.8900,100
37275765866352,10:21:15.765,14.8900,100
37422991520871,10:23:42.991,14.9000,20
37422993637404,10:23:42.993,14.9000,200
37422993687477,10:23:42.993,14.9000,80
37422995776075,10:23:42.995,14.9000,200
37468979196771,10:24:28.979,14.9000,100
37469035487163,10:24:29.035,14.9000,200
37492951899380,10:24:52.951,14.9200,100
37492951899380,10:24:52.951,14.9300,100
37493242398908,10:24:53.242,14.9300,100
37496802597099,10:24:56.802,14.9100,100
37497135621759,10:24:57.135,14.9300,100
37497135621759,10:24:57.135,14.9300,200
37497446047343,10:24:57.446,14.9400,200
37497447424279,10:24:57.447,14.9400,100
37500596689277,10:25:00.596,14.9300,100
37650627438707,10:27:30.627,15.0000,52
37650627438707,10:27:30.627,15.0000,100
37650627438707,10:27:30.627,15.0000,63
37650627893560,10:27:30.627,15.0000,37
37650627893560,10:27:30.627,15.0000,100
37663228319204,10:27:43.228,15.0300,100
37669293908303,10:27:49.293,15.0500,100
37702999380673,10:28:22.999,15.0650,200
37734361499019,10:28:54.361,15.1000,60
37899342104283,10:31:39.342,15.0400,100
38000937102820,10:33:20.937,15.0200,100
38046227274784,10:34:06.227,15.0000,5
38078649812236,10:34:38.649,15.0000,10
38078649812236,10:34:38.649,15.0000,100
38078649812236,10:34:38.649,15.0000,90
38108889937731,10:35:08.889,15.0000,10
38108889937731,10:35:08.889,15.0000,90
38147101561942,10:35:47.101,15.0000,200
38147101561942,10:35:47.101,15.0000,100
38147101561942,10:35:47.101,15.0000,100
38150765469277,10:35:50.765,14.9700,100
38167225602083,10:36:07.225,14.9900,43
38255265856040,10:37:35.265,14.9900,57
38255265856040,10:37:35.265,14.9900,16
38255269230399,10:37:35.269,15.0000,100
38255269230399,10:37:35.269,15.0000,27
38280068858986,10:38:00.068,15.0000,100
38386650279886,10:39:46.650,15.0200,100
38437759987147,10:40:37.759,15.0400,20
38437759987147,10:40:37.759,15.0400,10
38437760045346,10:40:37.760,15.0400,90
38449599060838,10:40:49.599,15.0500,10
38449600578412,10:40:49.600,15.0500,10
38452959214577,10:40:52.959,15.0600,50
38585755049727,10:43:05.755,15.1200,50
38585755049727,10:43:05.755,15.1200,15
38585755049727,10:43:05.755,15.1200,35
38609202697811,10:43:29.202,15.1300,100
38614945997894,10:43:34.945,15.1300,100
38658493797062,10:44:18.493,15.1200,100
38658494006076,10:44:18.494,15.1200,100
38658497242932,10:44:18.497,15.1300,100
38658497242932,10:44:18.497,15.1300,25
38660849254809,10:44:20.849,15.1200,75
38660849947703,10:44:20.849,15.1200,25
38663597166975,10:44:23.597,15.1100,100
38714550215291,10:45:14.550,15.0900,100
38873267353415,10:47:53.267,15.1300,100
38873275753586,10:47:53.275,15.1400,100
38908126126637,10:48:28.126,15.1800,100
38910374270152,10:48:30.374,15.2000,100
38935115037141,10:48:55.115,15.1800,100
38935116369274,10:48:55.116,15.1800,100
39274858265161,10:54:34.858,15.1800,170
39293664535742,10:54:53.664,15.1800,100
39357555346881,10:55:57.555,15.2000,100
39362582335984,10:56:02.582,15.2000,100
39362582335984,10:56:02.582,15.2000,275
39481211169675,10:58:01.211,15.2100,100
39481211169675,10:58:01.211,15.2100,100
39481211169675,10:58:01.211,15.2100,300
39481211696041,10:58:01.211,15.2000,200
39483454823341,10:58:03.454,15.1900,50
39547531933316,10:59:07.531,15.2100,100
39576664649891,10:59:36.664,15.2200,5
39579582238059,10:59:39.582,15.1900,42
39584850586350,10:59:44.850,15.1900,58
39664843635963,11:01:04.843,15.1800,100
39671447231707,11:01:11.447,15.2000,100
39803823123162,11:03:23.823,15.2000,100
39803823123162,11:03:23.823,15.2000,100
39803838524817,11:03:23.838,15.2000,100
39803859103501,11:03:23.859,15.2000,100
40042351777256,11:07:22.351,15.1900,237
40042351785261,11:07:22.351,15.1900,63
40042351785261,11:07:22.351,15.1900,100
40255320489660,11:10:55.320,15.0600,100
40336967229833,11:12:16.967,15.0500,100
40336967229833,11:12:16.967,15.0500,14
40336967229833,11:12:16.967,15.0500,186
40336967277413,11:12:16.967,15.0500,14
40336967277413,11:12:16.967,15.0500,6
40336967294134,11:12:16.967,15.0500,14
40336968241430,11:12:16.968,15.0500,100
40336968299009,11:12:16.968,15.0500,86
40337104662518,11:12:17.104,15.0500,94
40362820555345,11:12:42.820,15.0900,100
40362820850253,11:12:42.820,15.0800,100
40366909482985,11:12:46.909,15.0700,100
40366909482985,11:12:46.909,15.0700,100
40916336397941,11:21:56.336,15.0600,100
41172701761679,11:26:12.701,15.0600,100
41172702882110,11:26:12.702,15.0500,100
41243604308953,11:27:23.604,15.0600,100
41316331761924,11:28:36.331,15.0600,100
41404498094989,11:30:04.498,15.0400,200
41404498148816,11:30:04.498,15.0400,100
41407907778368,11:30:07.907,15.0300,100
41419546722647,11:30:19.546,15.0200,100
41484884159552,11:31:24.884,15.0100,100
41484884159552,11:31:24.884,15.0000,140
41488952681915,11:31:28.952,15.0000,100
41491793605972,11:31:31.793,15.0000,30
41526759064715,11:32:06.759,14.9800,50
41606659032915,11:33:26.659,14.9900,155
41884374904731,11:38:04.374,15.0300,5
41936762592033,11:38:56.762,15.0100,100
41936762592033,11:38:56.762,15.0100,8
41936762592033,11:38:56.762,15.0100,100
42366153804838,11:46:06.153,14.9700,100
42409105794313,11:46:49.105,14.9500,25
42409105794313,11:46:49.105,14.9500,100
42409105794313,11:46:49.105,14.9500,30
42544187139680,11:49:04.187,14.9300,100
42544188835249,11:49:04.188,14.9300,76
42574959051004,11:49:34.959,14.9300,24
42574959051004,11:49:34.959,14.9300,100
42574959051004,11:49:34.959,14.9300,100
42574959051004,11:49:34.959,14.9300,200
42574959051004,11:49:34.959,14.9300,100
42909688844234,11:55:09.688,14.9500,300
43100318055920,11:58:20.318,14.9500,6
43350293204903,12:02:30.293,14.9800,200
43350293242366,12:02:30.293,14.9800,6
43350383015297,12:02:30.383,14.9800,100
43559293342733,12:05:59.293,14.9700,100
43559293861356,12:05:59.293,14.9600,100
43940135916968,12:12:20.135,14.9600,6
43940172291177,12:12:20.172,14.9600,94
43940172291177,12:12:20.172,14.9600,6
44105572108231,12:15:05.572,14.9600,100
44379798495057,12:19:39.798,14.9900,200
44609414271812,12:23:29.414,14.9700,200
44609414271812,12:23:29.414,14.9700,100
44609414356986,12:23:29.414,14.9700,100
45100019802459,12:31:40.019,15.0000,500
45100019802459,12:31:40.019,15.0000,300
45100019802459,12:31:40.019,15.0000,500
45100019877018,12:31:40.019,15.0100,100
45735848325428,12:42:15.848,15.0600,11
46137538995262,12:48:57.538,15.0800,100
46137539159604,12:48:57.539,15.0800,100
46137539909465,12:48:57.539,15.0800,100
46206824627062,12:50:06.824,15.0800,100
46206824775565,12:50:06.824,15.0800,100
46240148916686,12:50:40.148,15.0800,100
46240148916686,12:50:40.148,15.0800,100
46240148916686,12:50:40.148,15.0800,200
46240148916686,12:50:40.148,15.0800,100
46240148916686,12:50:40.148,15.0800,100
46446420175894,12:54:06.420,15.0900,200
46518009752332,12:55:18.009,15.0800,100
46518009752332,12:55:18.009,15.0800,200
46518070370611,12:55:18.070,15.0700,200
46518070370611,12:55:18.070,15.0700,100
46604051860316,12:56:44.051,15.0100,100
46609512957719,12:56:49.512,15.0000,100
46609512957719,12:56:49.512,15.0000,100
47366937848332,13:09:26.937,15.0000,1
47366937848332,13:09:26.937,15.0000,100
47672493656990,13:14:32.493,15.0200,100
47969343329375,13:19:29.343,15.0000,100
47969343329375,13:19:29.343,15.0000,20
47969343329375,13:19:29.343,15.0000,300
48137943637937,13:22:17.943,15.0100,100
49568455707486,13:46:08.455,15.0000,7
49568455707486,13:46:08.455,15.0000,93
50219195757575,13:56:59.195,15.0300,200
50219195757575,13:56:59.195,15.0300,100
50219198583292,13:56:59.198,15.0100,100
50219199917957,13:56:59.199,15.0100,100
50219202763358,13:56:59.202,15.0100,100
50403508199404,14:00:03.508,15.0100,500
50403508199404,14:00:03.508,15.0100,100
50403508199404,14:00:03.508,15.0100,400
50403510617067,14:00:03.510,15.0100,100
50403510617067,14:00:03.510,15.0300,100
50403510617067,14:00:03.510,15.0400,10
50403510617067,14:00:03.510,15.0700,90
50424830497176,14:00:24.830,15.0900,100
50499953103873,14:01:39.953,15.0900,200
50499953169929,14:01:39.953,15.0900,5
50499953169929,14:01:39.953,15.0900,100
50564253951537,14:02:44.253,15.0900,20
50564258828276,14:02:44.258,15.1000,17
50564258828276,14:02:44.258,15.1000,100
50624590902000,14:03:44.590,15.1000,9
50644594694216,14:04:04.594,15.1000,20
50644594800711,14:04:04.594,15.1000,80
50655647509465,14:04:15.647,15.1900,100
50780497129024,14:06:20.497,15.1500,100
50780497129024,14:06:20.497,15.1500,100
50939906825743,14:08:59.906,15.1700,200
50939907278129,14:08:59.907,15.1700,100
50943287699722,14:09:03.287,15.2000,3
50996595151087,14:09:56.595,15.1900,50
50996595204108,14:09:56.595,15.1900,50
51136353705399,14:12:16.353,15.1900,100
51213448319719,14:13:33.448,15.1800,100
51217409317420,14:13:37.409,15.1800,100
51253857443605,14:14:13.857,15.2000,100
51275512665653,14:14:35.512,15.2300,100
51277566686153,14:14:37.566,15.2100,200
51279709960628,14:14:39.709,15.2100,200
51285135724452,14:14:45.135,15.2500,100
51285135724452,14:14:45.135,15.2500,100
51285135724452,14:14:45.135,15.2500,1
51285135724452,14:14:45.135,15.2500,50
51285135724452,14:14:45.135,15.2500,149
51886109265983,14:24:46.109,15.2500,100
51886111287916,14:24:46.111,15.2500,100
51886845155182,14:24:46.845,15.2400,100
51886845155182,14:24:46.845,15.2400,100
51933711682478,14:25:33.711,15.2500,100
51933711682478,14:25:33.711,15.2500,100
52043577995700,14:27:23.577,15.2000,100
52129152625075,14:28:49.152,15.1900,100
52131962084355,14:28:51.962,15.1800,100
52131962084355,14:28:51.962,15.1800,200
52131985055442,14:28:51.985,15.1800,100
52161088262798,14:29:21.088,15.1800,200
52161088262798,14:29:21.088,15.1800,100
52210060407036,14:30:10.060,15.2000,100
52424166427730,14:33:44.166,15.2100,100
52428881479486,14:33:48.881,15.2100,11
52428881582584,14:33:48.881,15.2200,100
52428881582584,14:33:48.881,15.2200,47
52428881582584,14:33:48.881,15.2200,53
52428899869628,14:33:48.899,15.2000,100
52629324653148,14:37:09.324,15.1700,200
52640742518202,14:37:20.742,15.2100,200
52640742518202,14:37:20.742,15.2200,200
52640742598522,14:37:20.742,15.2200,200
52640780795440,14:37:20.780,15.2300,100
52640780795440,14:37:20.780,15.2300,100
52640791047151,14:37:20.791,15.2000,30
52640791047151,14:37:20.791,15.2000,70
52653798577167,14:37:33.798,15.2000,30
52653798577167,14:37:33.798,15.2000,70
52653798634322,14:37:33.798,15.2000,30
52677683557150,14:37:57.683,15.2300,100
52677683557150,14:37:57.683,15.2300,100
52683500697789,14:38:03.500,15.2300,100
52683500697789,14:38:03.500,15.2300,100
52706725787109,14:38:26.725,15.2100,100
52706725787109,14:38:26.725,15.2100,100
52735029025994,14:38:55.029,15.2400,200
52739738165174,14:38:59.738,15.2200,137
52831219895218,14:40:31.219,15.2500,200
52831219895218,14:40:31.219,15.2600,100
52831219895218,14:40:31.219,15.2600,150
52860615586686,14:41:00.615,15.2400,200
52860615624526,14:41:00.615,15.2400,300
52912582823571,14:41:52.582,15.2500,200
52958429994881,14:42:38.429,15.2600,200
52958431580641,14:42:38.431,15.2700,100
52974521126516,14:42:54.521,15.2800,20
52974521126516,14:42:54.521,15.2800,100
53043874098925,14:44:03.874,15.2900,100
53043892069995,14:44:03.892,15.2700,100
53043892069995,14:44:03.892,15.2700,100
53045707202405,14:44:05.707,15.2800,100
53045707202405,14:44:05.707,15.2800,100
53124021711623,14:45:24.021,15.2800,100
53251278367866,14:47:31.278,15.3000,200
53251278464530,14:47:31.278,15.3000,496
53251278510753,14:47:31.278,15.3000,200
53251278571544,14:47:31.278,15.3000,104
53251280297728,14:47:31.280,15.3000,100
53266591015677,14:47:46.591,15.3000,100
53268207105507,14:47:48.207,15.3200,100
53356357618566,14:49:16.357,15.3400,100
53356360809933,14:49:16.360,15.3400,100
53356364482678,14:49:16.364,15.3500,100
53356383668672,14:49:16.383,15.3400,100
53361565252518,14:49:21.565,15.3400,100
53363891192360,14:49:23.891,15.3400,60
53431940909629,14:50:31.940,15.3700,100
53434624265228,14:50:34.624,15.4000,300
53436135556257,14:50:36.135,15.4000,150
53440596423914,14:50:40.596,15.3900,100
53449894152863,14:50:49.894,15.3900,100
53449894152863,14:50:49.894,15.3900,100
53454034397938,14:50:54.034,15.4300,59
53454292273526,14:50:54.292,15.4300,241
53455272482172,14:50:55.272,15.4400,100
53494530719088,14:51:34.530,15.4500,100
53502437730068,14:51:42.437,15.4800,100
53503288013712,14:51:43.288,15.4800,100
53540560616884,14:52:20.560,15.5100,200
53540560616884,14:52:20.560,15.5000,200
53541879423502,14:52:21.879,15.4900,100
53548159418898,14:52:28.159,15.4800,100
53548159418898,14:52:28.159,15.4800,3
53548160195567,14:52:28.160,15.4800,97
53557540629062,14:52:37.540,15.4600,250
53581600623504,14:53:01.600,15.4700,20
53581602213096,14:53:01.602,15.4700,30
53581603482459,14:53:01.603,15.4600,100
53589607647415,14:53:09.607,15.4700,500
53740722925836,14:55:40.722,15.4700,200
53794513728404,14:56:34.513,15.4700,100
53819634609055,14:56:59.634,15.4700,100
53819634609055,14:56:59.634,15.4700,100
53829039487115,14:57:09.039,15.3600,100
54000973335393,15:00:00.973,15.3600,200
54004252299746,15:00:04.252,15.3300,100
54004252299746,15:00:04.252,15.3300,100
54004252299746,15:00:04.252,15.3300,100
54071829859858,15:01:11.829,15.3300,100
54128260554974,15:02:08.260,15.3300,100
54128260554974,15:02:08.260,15.3300,100
54128260554974,15:02:08.260,15.3300,200
54190123099897,15:03:10.123,15.3300,78
54246302018825,15:04:06.302,15.3400,100
54246302089624,15:04:06.302,15.3400,100
54246302089624,15:04:06.302,15.3400,100
54246302129713,15:04:06.302,15.3400,100
54246302176513,15:04:06.302,15.3500,100
54246302223196,15:04:06.302,15.3500,100
54246303554177,15:04:06.303,15.3400,100
54246303554177,15:04:06.303,15.3400,100
54426207382957,15:07:06.207,15.3400,100
54426207474576,15:07:06.207,15.3600,12
54432123682097,15:07:12.123,15.3500,100
54432123682097,15:07:12.123,15.3500,100
54432123784985,15:07:12.123,15.3600,100
54432124337692,15:07:12.124,15.3500,15
54432124337692,15:07:12.124,15.3500,85
54435360370175,15:07:15.360,15.3500,15
54492146507926,15:08:12.146,15.3400,100
54492146507926,15:08:12.146,15.3400,200
54499334382721,15:08:19.334,15.3500,100
54563656382095,15:09:23.656,15.3300,100
54644665379109,15:10:44.665,15.3000,100
54644665379109,15:10:44.665,15.3000,200
54644674332525,15:10:44.674,15.2900,100
54644676009322,15:10:44.676,15.2900,100
54644676009322,15:10:44.676,15.2900,200
54711108484254,15:11:51.108,15.2600,2
54711108646150,15:11:51.108,15.2600,100
54711113921509,15:11:51.113,15.2600,100
54717642864369,15:11:57.642,15.2300,100
54725043140711,15:12:05.043,15.2000,100
54725043140711,15:12:05.043,15.2000,100
54725046724923,15:12:05.046,15.1900,100
54725046724923,15:12:05.046,15.1900,100
55097388844255,15:18:17.388,15.2400,200
55097388844255,15:18:17.388,15.2400,100
55110540208109,15:18:30.540,15.2800,75
55160404011722,15:19:20.404,15.2400,100
55223708173133,15:20:23.708,15.2800,100
55223708173133,15:20:23.708,15.2800,300
55223708173133,15:20:23.708,15.2800,55
55284602749632,15:21:24.602,15.2600,100
55284602749632,15:21:24.602,15.2600,100
55575877324375,15:26:15.877,15.2900,100
55700160123215,15:28:20.160,15.3100,100
55704460314967,15:28:24.460,15.3100,99
55704460341577,15:28:24.460,15.3100,1
55713781273052,15:28:33.781,15.3000,100
55713786347193,15:28:33.786,15.3100,100
55838484181082,15:30:38.484,15.3200,100
55852316285820,15:30:52.316,15.3200,100
55890223523358,15:31:30.223,15.3200,800
55890223523358,15:31:30.223,15.3200,300
55890223523358,15:31:30.223,15.3200,100
55890223523358,15:31:30.223,15.3200,100
55890640553715,15:31:30.640,15.3100,100
55898253956933,15:31:38.253,15.3000,100
55898253956933,15:31:38.253,15.3000,1
55907687202575,15:31:47.687,15.2900,100
55907687202575,15:31:47.687,15.2900,100
56024506618493,15:33:44.506,15.2800,100
56075272172512,15:34:35.272,15.2500,25
56181411752393,15:36:21.411,15.2400,100
56281661038421,15:38:01.661,15.2000,100
56308739160147,15:38:28.739,15.2000,100
56348451275476,15:39:08.451,15.2000,100
56348451404763,15:39:08.451,15.2100,100
56387300561175,15:39:47.300,15.2100,27
56390893167222,15:39:50.893,15.2000,100
56422788338293,15:40:22.788,15.2100,5
56422788338293,15:40:22.788,15.2100,242
56422788376678,15:40:22.788,15.2100,158
56422789975206,15:40:22.789,15.2200,100
56442964682321,15:40:42.964,15.2200,100
56442972976854,15:40:42.972,15.2100,100
56478576670665,15:41:18.576,15.2100,100
56478576670665,15:41:18.576,15.2100,100
56510735090401,15:41:50.735,15.2000,100
56510735090401,15:41:50.735,15.2000,100
56533655466109,15:42:13.655,15.1800,200
56533657845974,15:42:13.657,15.1800,100
56593239783073,15:43:13.239,15.1800,100
56593241042546,15:43:13.241,15.1800,100
56788270382742,15:46:28.270,15.1800,100
56788270786684,15:46:28.270,15.1900,290
56846509110834,15:47:26.509,15.1800,100
56893171471498,15:48:13.171,15.1800,200
56893171471498,15:48:13.171,15.1800,100
56988285713667,15:49:48.285,15.1900,100
56988285713667,15:49:48.285,15.1900,117
56988285754051,15:49:48.285,15.1900,683
56988286182254,15:49:48.286,15.1900,66
56988287827050,15:49:48.287,15.2000,200
56988290289946,15:49:48.290,15.2000,33
56988290342077,15:49:48.290,15.2000,2
57024663784537,15:50:24.663,15.1900,91
57067957541469,15:51:07.957,15.1900,9
57067973430777,15:51:07.973,15.1800,100
57088105529029,15:51:28.105,15.1600,66
57112489741277,15:51:52.489,15.1600,34
57114461638449,15:51:54.461,15.1500,64
57168497932895,15:52:48.497,15.1650,88
57214516357555,15:53:34.516,15.1500,87
57259798707202,15:54:19.798,15.1500,100
57259891317816,15:54:19.891,15.1700,32
57259891317816,15:54:19.891,15.1700,66
57267506893638,15:54:27.506,15.1500,100
57267506893638,15:54:27.506,15.1500,100
57302487002768,15:55:02.487,15.1400,100
57302487247624,15:55:02.487,15.1500,100
57306348136402,15:55:06.348,15.1500,100
57309493951902,15:55:09.493,15.1500,100
57309493951902,15:55:09.493,15.1500,100
57317284063857,15:55:17.284,15.1600,100
57317284063857,15:55:17.284,15.1600,100
57317284095620,15:55:17.284,15.1600,60
57317284137059,15:55:17.284,15.1600,121
57317284532736,15:55:17.284,15.1600,32
57333506691426,15:55:33.506,15.1500,154
57343619475778,15:55:43.619,15.1500,1146
57347223385219,15:55:47.223,15.1350,100
57347232420290,15:55:47.232,15.1300,100
57347232420290,15:55:47.232,15.1300,1300
57347232420290,15:55:47.232,15.1300,100
57347232420290,15:55:47.232,15.1300,195
57347598093363,15:55:47.598,15.1400,99
57349903184108,15:55:49.903,15.1400,100
57349903234736,15:55:49.903,15.1400,101
57349903234736,15:55:49.903,15.1400,99
57351192761358,15:55:51.192,15.1250,100
57351192761358,15:55:51.192,15.1100,40
57355903978753,15:55:55.903,15.1250,100
57355903978753,15:55:55.903,15.1100,60
57355903978753,15:55:55.903,15.1100,40
57369307070634,15:56:09.307,15.1200,100
57369307520277,15:56:09.307,15.1200,26
57369307520277,15:56:09.307,15.1200,126
57369307520277,15:56:09.307,15.1200,48
57369307592487,15:56:09.307,15.1200,44
57369455966214,15:56:09.455,15.1200,26
57369455966214,15:56:09.455,15.1300,74
57372328330209,15:56:12.328,15.1100,13
57372328407339,15:56:12.328,15.1200,100
57372328407339,15:56:12.328,15.1200,10
57374308425931,15:56:14.308,15.1300,100
57404836305956,15:56:44.836,15.1200,50
57407023381715,15:56:47.023,15.1200,50
57407023381715,15:56:47.023,15.1200,41
57414994469775,15:56:54.994,15.1200,82
57432778970308,15:57:12.778,15.1300,137
57432778970308,15:57:12.778,15.1300,30
57432778970308,15:57:12.778,15.1300,88
57432778970308,15:57:12.778,15.1300,120
57432778970308,15:57:12.778,15.1300,24
57432778970308,15:57:12.778,15.1300,44
57432789200410,15:57:12.789,15.1200,256
57434255885525,15:57:14.255,15.1300,100
57460355955256,15:57:40.355,15.1300,44
57460355955256,15:57:40.355,15.1300,100
57460355955256,15:57:40.355,15.1300,337
57460356223260,15:57:40.356,15.1300,114
57462000874215,15:57:42.000,15.1300,100
57462000874215,15:57:42.000,15.1300,100
57466766171800,15:57:46.766,15.1200,144
57472165555820,15:57:52.165,15.1200,142
57483891513038,15:58:03.891,15.1250,100
57521117770102,15:58:41.117,15.1200,676
57521117770102,15:58:41.117,15.1200,400
57521117770102,15:58:41.117,15.1200,100
57521117770102,15:58:41.117,15.1200,300
57521117770102,15:58:41.117,15.1200,77
57521122313024,15:58:41.122,15.1200,100
57521124938527,15:58:41.124,15.1200,33
57521335944310,15:58:41.335,15.1200,90
57521335944310,15:58:41.335,15.1200,10
57521891509070,15:58:41.891,15.1200,200
57522891425847,15:58:42.891,15.1200,100
57523891376490,15:58:43.891,15.1200,100
57525131574020,15:58:45.131,15.1200,100
57527892068383,15:58:47.892,15.1200,100
57528827278844,15:58:48.827,15.1200,190
57528827278844,15:58:48.827,15.1200,195
57531130986505,15:58:51.130,15.1200,300
57531132234150,15:58:51.132,15.1200,405
57531132234150,15:58:51.132,15.1200,245
57531170599258,15:58:51.170,15.1200,100
57532891192769,15:58:52.891,15.1200,100
57537360615994,15:58:57.360,15.1200,19
57537361118462,15:58:57.361,15.1200,100
57537361311795,15:58:57.361,15.1200,36
57537893310071,15:58:57.893,15.1100,100
57546066783686,15:59:06.066,15.1150,100
57546066783686,15:59:06.066,15.1100,100
57546129868325,15:59:06.129,15.1100,56
57557339536976,15:59:17.339,15.1100,44
57557339536976,15:59:17.339,15.1100,56
57560893221982,15:59:20.893,15.1100,100
57560893322620,15:59:20.893,15.1200,275
57560893322620,15:59:20.893,15.1200,9
57560893757163,15:59:20.893,15.1200,291
57560893757163,15:59:20.893,15.1200,178
57563652115649,15:59:23.652,15.1200,200
57563652115649,15:59:23.652,15.1200,1300
57563652115649,15:59:23.652,15.1200,350
57564893195829,15:59:24.893,15.1200,50
57564893195829,15:59:24.893,15.1200,50
57567893154943,15:59:27.893,15.1200,100
57571893273036,15:59:31.893,15.1200,100
57574893397989,15:59:34.893,15.1250,100
57578891767405,15:59:38.891,15.1250,100
57582062943882,15:59:42.062,15.1300,100
57582891399133,15:59:42.891,15.1250,100
57585380676784,15:59:45.380,15.1250,100
57585380676784,15:59:45.380,15.1200,37
57585895378453,15:59:45.895,15.1200,100
57586029172113,15:59:46.029,15.1200,17
57589892871570,15:59:49.892,15.1200,100
57591304545879,15:59:51.304,15.1200,250
57592104038761,15:59:52.104,15.1200,46
57592104038761,15:59:52.104,15.1200,105
57592895324396,15:59:52.895,15.1200,100
57593088901823,15:59:53.088,15.1300,100
57595063237055,15:59:55.063,15.1200,200
57595066948125,15:59:55.066,15.1300,42
57595499100035,15:59:55.499,15.1300,300
57600229564094,16:00:00.229,15.1300,82
57600229564094,16:00:00.229,15.1300,106379
58379346100370,16:12:59.346,15.2800,12
