timestamp,time,price,volume
27623487076111,07:40:23.487,167.0000,100
27623501053361,07:40:23.501,167.0000,152
27623507653212,07:40:23.507,167.0000,48
33122027010361,09:12:02.027,168.0800,1
33159913176809,09:12:39.913,168.0800,22
34200896676082,09:30:00.896,168.4000,13196
34200963863311,09:30:00.963,168.5000,1
34201075690366,09:30:01.075,168.1600,14
34201646313897,09:30:01.646,168.5000,54
34201851616842,09:30:01.851,168.6300,100
34204127441736,09:30:04.127,168.3700,3
34207496972097,09:30:07.496,168.6150,100
34213792697607,09:30:13.792,168.3300,100
34218548900730,09:30:18.548,168.2800,100
34231885078011,09:30:31.885,168.3300,6
34232229322894,09:30:32.229,168.3300,94
34232229322894,09:30:32.229,168.2900,6
34232229391824,09:30:32.229,168.2900,100
34232229422084,09:30:32.229,168.2300,100
34232230492705,09:30:32.230,168.1600,110
34234044998669,09:30:34.044,168.1600,37
34238149074036,09:30:38.149,168.2800,76
34238149074036,09:30:38.149,168.2900,15
34238149074036,09:30:38.149,168.2900,9
34238149113026,09:30:38.149,168.2900,1
34238868596851,09:30:38.868,168.2100,100
34240176696929,09:30:40.176,168.2100,100
34240202070138,09:30:40.202,168.1600,7
34240202070138,09:30:40.202,168.1600,21
34243449208674,09:30:43.449,168.1600,40
34243449208674,09:30:43.449,168.1600,60
34248107525406,09:30:48.107,168.1600,2
34248107525406,09:30:48.107,168.1500,98
34248107557381,09:30:48.107,168.1500,2
34248109580945,09:30:48.109,168.1000,100
34252583973630,09:30:52.583,168.1100,100
34259301681166,09:30:59.301,168.1300,100
34263870285361,09:31:03.870,168.1000,100
34268643016521,09:31:08.643,168.0100,24
34268643016521,09:31:08.643,168.0100,76
34273404713329,09:31:13.404,168.0100,4
34273404713329,09:31:13.404,168.0100,29
34273404713329,09:31:13.404,168.0000,67
34274500190400,09:31:14.500,168.0000,113
34274500190400,09:31:14.500,168.0000,400
34274500190400,09:31:14.500,168.0000,110
34274500190400,09:31:14.500,168.0000,100
34274500190400,09:31:14.500,168.0000,30
34293573085582,09:31:33.573,167.5900,4
34293573085582,09:31:33.573,167.5000,96
34294446308772,09:31:34.446,167.6900,100
34294446308772,09:31:34.446,167.7400,100
34301719579962,09:31:41.719,167.7900,10
34301720145880,09:31:41.720,167.8700,100
34302092199675,09:31:42.092,167.8700,50
34302092227447,09:31:42.092,167.8700,50
34302092308446,09:31:42.092,167.8700,100
34302092327834,09:31:42.092,167.8800,100
34304366606582,09:31:44.366,167.8800,4
34304366606582,09:31:44.366,167.8800,6
34304367090058,09:31:44.367,167.8800,100
34313240482910,09:31:53.240,167.8300,100
34313969769438,09:31:53.969,167.5400,100
34319046451452,09:31:59.046,167.5100,100
34325397516808,09:32:05.397,167.8400,5
34325402202530,09:32:05.402,167.8400,22
34325404010470,09:32:05.404,167.8400,22
34325406252653,09:32:05.406,167.8400,19
34325408086247,09:32:05.408,167.8400,19
34325409897458,09:32:05.409,167.8400,13
34325409897458,09:32:05.409,167.8700,6
34325409927937,09:32:05.409,167.8700,94
34325409927937,09:32:05.409,167.8700,10
34325409927937,09:32:05.409,167.8700,100
34325410855997,09:32:05.410,167.9200,100
34325410855997,09:32:05.410,167.9200,100
34325410885105,09:32:05.410,167.9300,100
34349588633444,09:32:29.588,168.0550,100
34349588666004,09:32:29.588,168.2700,1
34349588666004,09:32:29.588,168.2700,74
34349588675988,09:32:29.588,168.2700,26
34349588675988,09:32:29.588,168.2700,100
34349588782071,09:32:29.588,168.4000,25
34349591189263,09:32:29.591,168.2700,24
34349591702597,09:32:29.591,168.2700,10
34349591821000,09:32:29.591,168.2700,21
34349591870835,09:32:29.591,168.2700,45
34349592897964,09:32:29.592,168.3200,24
34349592928059,09:32:29.592,168.3200,65
34349592934533,09:32:29.592,168.3200,11
34417079199048,09:33:37.079,168.8200,100
34417079505550,09:33:37.079,168.8500,50
34424654867314,09:33:44.654,169.0000,32
34424654880714,09:33:44.654,169.0000,46
34424654894934,09:33:44.654,169.0000,147
34424654904335,09:33:44.654,169.0000,45
34428219359557,09:33:48.219,169.1300,28
34450117824249,09:34:10.117,169.4000,4
34450117824249,09:34:10.117,169.4200,96
34450117876932,09:34:10.117,169.4200,4
34461198265025,09:34:21.198,169.3000,100
34461204060113,09:34:21.204,169.2900,100
34461204124024,09:34:21.204,169.2600,100
34461204605536,09:34:21.204,169.2500,100
34471446292013,09:34:31.446,168.9800,100
34482203650552,09:34:42.203,168.9600,120
34482203671073,09:34:42.203,168.9600,20
34490337368342,09:34:50.337,169.1700,100
34497381449249,09:34:57.381,169.2500,4
34497957790295,09:34:57.957,169.2500,20
34502965026623,09:35:02.965,169.2500,76
34535037508034,09:35:35.037,169.2650,100
34535037508034,09:35:35.037,169.1700,4
34535037508034,09:35:35.037,169.1700,36
34535037541341,09:35:35.037,169.1700,64
34535037541341,09:35:35.037,169.1700,36
34535037541341,09:35:35.037,169.1700,40
34535037592704,09:35:35.037,169.1600,4
34535038052141,09:35:35.038,169.1600,4
34535038052141,09:35:35.038,169.1600,4
34535038052141,09:35:35.038,169.1700,92
34546085061660,09:35:46.085,168.9100,1
34548165407275,09:35:48.165,169.1500,100
34548165407275,09:35:48.165,169.1500,100
34554605809416,09:35:54.605,169.2600,1
34554605870432,09:35:54.605,169.2600,4
34576398671385,09:36:16.398,169.1600,50
34576398671385,09:36:16.398,169.1400,50
34576398683812,09:36:16.398,169.1400,50
34576398683812,09:36:16.398,169.1000,50
34576398696324,09:36:16.398,169.1000,50
34594475620048,09:36:34.475,168.8700,100
34602134039283,09:36:42.134,169.0100,1
34643612095788,09:37:23.612,168.9700,1
34673133835829,09:37:53.133,168.9200,70
34673133835829,09:37:53.133,168.8900,30
34673134077324,09:37:53.134,168.8900,70
34673134077324,09:37:53.134,168.8900,30
34673134141472,09:37:53.134,168.8800,4
34673134141472,09:37:53.134,168.8800,86
34673134155750,09:37:53.134,168.8800,14
34673134165921,09:37:53.134,168.8700,86
34673134180329,09:37:53.134,168.8700,14
34673134186850,09:37:53.134,168.8500,2
34673134186850,09:37:53.134,168.8500,3
34673134206357,09:37:53.134,168.8300,100
34712284127767,09:38:32.284,168.7800,100
34712284155109,09:38:32.284,168.7800,100
34712284188239,09:38:32.284,168.7600,2
34712284188239,09:38:32.284,168.7200,1
34712284188239,09:38:32.284,168.7200,20
34712284277576,09:38:32.284,168.7800,100
34718994447942,09:38:38.994,168.7800,1
34718994512995,09:38:38.994,168.7800,49
34718994517919,09:38:38.994,168.7800,51
34724219272058,09:38:44.219,168.7800,10
34724219272058,09:38:44.219,168.7800,10
34740709810229,09:39:00.709,168.7800,1
34761009560799,09:39:21.009,168.5100,15
34761009592968,09:39:21.009,168.5100,85
34761009681246,09:39:21.009,168.5100,100
34761010133008,09:39:21.010,168.4900,48
34761010143558,09:39:21.010,168.5100,7
34761010561579,09:39:21.010,168.4900,100
34761010681147,09:39:21.010,168.4800,100
34761026877257,09:39:21.026,168.5100,100
34761026880490,09:39:21.026,168.5200,1
34761027261397,09:39:21.027,168.5100,10
34762664976653,09:39:22.664,168.3900,100
34762665010819,09:39:22.665,168.3900,2
34762665010819,09:39:22.665,168.3900,98
34762665016249,09:39:22.665,168.3900,2
34767663946072,09:39:27.663,168.3700,1
34773164499646,09:39:33.164,168.4600,86
34773164547416,09:39:33.164,168.4600,14
34773164623223,09:39:33.164,168.5100,100
34796690180680,09:39:56.690,168.5300,74
34796692148437,09:39:56.692,168.5300,26
34821614621052,09:40:21.614,168.5000,56
34821614651471,09:40:21.614,168.5000,44
34821614729611,09:40:21.614,168.5000,100
34823775758900,09:40:23.775,168.5000,100
34825209275743,09:40:25.209,168.5000,18
34825209331435,09:40:25.209,168.5000,82
34826950726688,09:40:26.950,168.5000,100
34830139589828,09:40:30.139,168.5000,50
34830139659683,09:40:30.139,168.5000,50
34846287027540,09:40:46.287,168.6100,100
34850887646641,09:40:50.887,168.8200,8
34872763153436,09:41:12.763,168.6100,100
34872763153436,09:41:12.763,168.5400,100
34878215518095,09:41:18.215,168.5500,100
34878215518095,09:41:18.215,168.5500,100
34878215518095,09:41:18.215,168.5400,10
34878215545797,09:41:18.215,168.5400,100
34878215545797,09:41:18.215,168.5400,100
34878215577101,09:41:18.215,168.5300,10
34878215593700,09:41:18.215,168.5200,100
34878215620429,09:41:18.215,168.5100,13
34878216013042,09:41:18.216,168.5300,17
34887779957353,09:41:27.779,168.5200,100
34887780074470,09:41:27.780,168.5200,74
34887780111035,09:41:27.780,168.5200,26
34887780177197,09:41:27.780,168.5100,50
34887784934372,09:41:27.784,168.5200,50
34900236391984,09:41:40.236,168.2500,100
34903398938091,09:41:43.398,168.3200,10
34903398956654,09:41:43.398,168.3200,90
34992579255702,09:43:12.579,168.6800,3
34999213134804,09:43:19.213,168.6800,3
34999213176935,09:43:19.213,168.6800,3
34999213197788,09:43:19.213,168.6800,41
34999213197788,09:43:19.213,168.7000,3
34999213221125,09:43:19.213,168.7200,14
34999213241176,09:43:19.213,168.7200,86
35019952483047,09:43:39.952,168.6300,100
35019952556637,09:43:39.952,168.6100,100
35019952563663,09:43:39.952,168.6300,100
35022964433798,09:43:42.964,168.4900,100
35022964983593,09:43:42.964,168.5000,5
35022965099481,09:43:42.965,168.5000,95
35026395400095,09:43:46.395,168.3700,38
35027506791865,09:43:47.506,168.3300,100
35027506791865,09:43:47.506,168.3300,100
35027506860617,09:43:47.506,168.3300,100
35036104870465,09:43:56.104,168.3400,86
35036104870465,09:43:56.104,168.2600,14
35041190232825,09:44:01.190,168.3000,100
35041190314748,09:44:01.190,168.3000,52
35041190318252,09:44:01.190,168.3000,48
35044426689924,09:44:04.426,168.2500,88
35044426701377,09:44:04.426,168.2500,48
35044426709392,09:44:04.426,168.2500,144
35044426716395,09:44:04.426,168.2500,20
35044426716395,09:44:04.426,168.2400,100
35044426716395,09:44:04.426,168.2400,26
35044426771841,09:44:04.426,168.2400,74
35044426771841,09:44:04.426,168.2400,26
35044426901616,09:44:04.426,168.2400,74
35044426901616,09:44:04.426,168.2400,18
35044426993930,09:44:04.426,168.2300,53
35044427232966,09:44:04.427,168.2300,25
35064605127924,09:44:24.605,168.2500,2
35065289125683,09:44:25.289,168.0400,86
35069227540808,09:44:29.227,167.8800,100
35069230781079,09:44:29.230,167.8900,100
35069230781079,09:44:29.230,167.8800,100
35069230781079,09:44:29.230,167.8800,30
35069230781079,09:44:29.230,167.8800,100
35069230781079,09:44:29.230,167.8700,100
35069230781079,09:44:29.230,167.8700,13
35071379425498,09:44:31.379,167.7000,100
35152202858595,09:45:52.202,168.2500,100
35153845875880,09:45:53.845,167.9800,100
35172203573279,09:46:12.203,168.0700,100
35172203573279,09:46:12.203,168.0100,100
35224731354540,09:47:04.731,168.2200,20
35224731406607,09:47:04.731,168.2500,20
35225205979453,09:47:05.205,168.3900,30
35225205979453,09:47:05.205,168.4100,170
35225206028066,09:47:05.206,168.4100,30
35225206042621,09:47:05.206,168.4100,100
35225206045575,09:47:05.206,168.4200,3
35225206053072,09:47:05.206,168.4300,100
35225206109981,09:47:05.206,168.4100,100
35225438439901,09:47:05.438,168.5200,11
35225438439901,09:47:05.438,168.5200,89
35225438482339,09:47:05.438,168.5200,11
35225439083888,09:47:05.439,168.5200,100
35227392855431,09:47:07.392,168.5200,9
35227392855431,09:47:07.392,168.5200,100
35227392855431,09:47:07.392,168.5200,100
35287460138528,09:48:07.460,168.3300,6
35287460138528,09:48:07.460,168.3300,88
35287460183542,09:48:07.460,168.3100,100
35287460183542,09:48:07.460,168.3000,5
35287460183542,09:48:07.460,168.3000,100
35287460211928,09:48:07.460,168.2800,52
35291392449233,09:48:11.392,168.0000,2
35307166568866,09:48:27.166,168.0200,20
35307166568866,09:48:27.166,168.0200,73
35307166586815,09:48:27.166,168.0200,27
35331652812548,09:48:51.652,167.8800,2
35358622676549,09:49:18.622,168.1600,23
35363734408907,09:49:23.734,168.0700,102
35363734486149,09:49:23.734,168.0600,2
35363734486149,09:49:23.734,168.0600,100
35363735059051,09:49:23.735,168.0400,3
35363737008282,09:49:23.737,168.0200,1
35411979523046,09:50:11.979,168.0100,288
35416204204781,09:50:16.204,168.2800,66
35416204233372,09:50:16.204,168.2800,34
35416204254743,09:50:16.204,168.2700,34
35416204263294,09:50:16.204,168.2700,66
35450525329791,09:50:50.525,168.4700,7
35458435890048,09:50:58.435,168.2800,1
35458436768262,09:50:58.436,168.2700,63
35458436781441,09:50:58.436,168.2700,37
35458436798858,09:50:58.436,168.2600,12
35458436809805,09:50:58.436,168.2600,88
35491415016626,09:51:31.415,168.2600,90
35491415016626,09:51:31.415,168.2600,20
35491415059998,09:51:31.415,168.2600,57
35491416763622,09:51:31.416,168.2600,9
35491418404618,09:51:31.418,168.2600,10
35491418404618,09:51:31.418,168.2800,44
35491419136868,09:51:31.419,168.2800,10
35527728811576,09:52:07.728,168.2800,10
35533759290129,09:52:13.759,168.2700,2
35533759379356,09:52:13.759,168.2600,2
35540412962748,09:52:20.412,168.2500,28
35540412978257,09:52:20.412,168.2500,72
35540412978257,09:52:20.412,168.2500,28
35540412989109,09:52:20.412,168.2500,72
35540413466464,09:52:20.413,168.2300,1
35540413519204,09:52:20.413,168.2100,100
35540413644128,09:52:20.413,168.1900,7
35540413669289,09:52:20.413,168.1900,93
35555057822501,09:52:35.057,168.1300,2
35563332237118,09:52:43.332,168.1800,100
35563332532662,09:52:43.332,168.1800,100
35563332551992,09:52:43.332,168.1900,100
35563332558827,09:52:43.332,168.1900,10
35574743014972,09:52:54.743,168.3100,100
35574743050617,09:52:54.743,168.3200,100
35574750672196,09:52:54.750,168.3600,100
35602493881118,09:53:22.493,168.3000,100
35621170121128,09:53:41.170,168.3700,9
35621170706752,09:53:41.170,168.3000,100
35621171521360,09:53:41.171,168.2700,100
35621171814248,09:53:41.171,168.2600,4
35621171842190,09:53:41.171,168.2600,4
35621173616463,09:53:41.173,168.2400,100
35638977121829,09:53:58.977,168.2700,100
35638977225810,09:53:58.977,168.2700,50
35638977251617,09:53:58.977,168.2700,50
35638979951382,09:53:58.979,168.3000,44
35638979998109,09:53:58.979,168.3000,56
35638980502564,09:53:58.980,168.2800,10
35638980838740,09:53:58.980,168.2700,100
35638983444466,09:53:58.983,168.3000,10
35638983444466,09:53:58.983,168.3000,10
35638983444466,09:53:58.983,168.3000,10
35638983444466,09:53:58.983,168.3000,10
35638983444466,09:53:58.983,168.3000,10
35638983444466,09:53:58.983,168.3000,50
35638984712566,09:53:58.984,168.3000,50
35638984712566,09:53:58.984,168.3000,50
35639059169600,09:53:59.059,168.3000,50
35643264790467,09:54:03.264,168.1800,100
35643264893762,09:54:03.264,168.1400,74
35643264919767,09:54:03.264,168.1400,26
35643271073058,09:54:03.271,168.1500,100
35643282047380,09:54:03.282,168.1500,100
35681121843412,09:54:41.121,168.2700,25
35681638263684,09:54:41.638,168.2700,75
35685608790482,09:54:45.608,168.3500,26
35685610497861,09:54:45.610,168.3600,22
35685612121333,09:54:45.612,168.3600,22
35685613653049,09:54:45.613,168.3600,56
35685613653049,09:54:45.613,168.3600,44
35685613742586,09:54:45.613,168.3600,22
35685614192713,09:54:45.614,168.3600,34
35726929301560,09:55:26.929,168.2600,100
35751689533197,09:55:51.689,168.2200,5
35759257570411,09:55:59.257,168.2100,5
35759257627384,09:55:59.257,168.2000,100
35759257674650,09:55:59.257,168.1900,100
35759257674650,09:55:59.257,168.1900,3
35759257674650,09:55:59.257,168.1900,3
35759257731362,09:55:59.257,168.1700,100
35763802964704,09:56:03.802,168.0800,100
35764311829313,09:56:04.311,168.0700,45
35774572598940,09:56:14.572,168.0600,100
35823977952133,09:57:03.977,168.1900,100
35828681905460,09:57:08.681,168.2000,10
35828681917889,09:57:08.681,168.2000,90
35828682203282,09:57:08.682,168.2000,25
35856298105346,09:57:36.298,168.3000,100
35856298144381,09:57:36.298,168.3100,10
35856298227275,09:57:36.298,168.3600,100
35871605925475,09:57:51.605,168.2600,100
35871605968168,09:57:51.605,168.2500,100
35874823221941,09:57:54.823,168.2600,10
35946117049364,09:59:06.117,168.4200,21
35969414877852,09:59:29.414,168.4500,100
35969804672275,09:59:29.804,168.4200,10
35969804868467,09:59:29.804,168.4200,100
35969805417115,09:59:29.805,168.4200,90
35969805417115,09:59:29.805,168.4000,10
35969805424401,09:59:29.805,168.4000,90
35969805424401,09:59:29.805,168.3900,10
35969810581585,09:59:29.810,168.3900,90
35969816214886,09:59:29.816,168.3400,100
35969819499567,09:59:29.819,168.3500,7
35969825075621,09:59:29.825,168.3300,6
35969842360053,09:59:29.842,168.3700,3
35969842439724,09:59:29.842,168.3300,3
35970472018037,09:59:30.472,168.2800,100
35970472047962,09:59:30.472,168.2600,70
35970472420386,09:59:30.472,168.2500,100
35971415411885,09:59:31.415,168.3000,100
35995869917655,09:59:55.869,168.1800,100
35998035088292,09:59:58.035,168.3000,74
35998035119179,09:59:58.035,168.3000,26
35998035221980,09:59:58.035,168.3200,100
35998035387661,09:59:58.035,168.3500,100
35998035387661,09:59:58.035,168.3500,100
35998035387661,09:59:58.035,168.3500,47
35998035514522,09:59:58.035,168.3500,100
35998035514972,09:59:58.035,168.3500,100
36010325064210,10:00:10.325,168.2300,123
36010325073748,10:00:10.325,168.2300,123
36010325090085,10:00:10.325,168.2300,61
36010325121876,10:00:10.325,168.2300,123
36010325130831,10:00:10.325,168.2300,70
36010325223738,10:00:10.325,168.2200,7
36010325233643,10:00:10.325,168.2200,16
36010325233643,10:00:10.325,168.2200,27
36010325249663,10:00:10.325,168.2200,73
36010325278240,10:00:10.325,168.2100,100
36010325593795,10:00:10.325,168.2100,1
36010325712059,10:00:10.325,168.1700,100
36011130264290,10:00:11.130,168.0800,10
36011130296539,10:00:11.130,168.0800,90
36016434792735,10:00:16.434,167.9400,100
36029509116613,10:00:29.509,168.0800,22
36038255012741,10:00:38.255,168.0900,18
36038255061141,10:00:38.255,168.0900,82
36038255061141,10:00:38.255,168.0900,16
36038255135906,10:00:38.255,168.0900,25
36038255143774,10:00:38.255,168.0900,70
36038255151396,10:00:38.255,168.0900,5
36038255151396,10:00:38.255,168.0900,45
36038255152148,10:00:38.255,168.0900,55
36038255508592,10:00:38.255,168.1500,16
36044058304513,10:00:44.058,168.2300,100
36052666419013,10:00:52.666,168.2400,22
36052666698783,10:00:52.666,168.2400,18
36056447611351,10:00:56.447,168.2400,3
36059262382946,10:00:59.262,168.2400,20
36059262426848,10:00:59.262,168.2400,12
36060023290428,10:01:00.023,168.3100,8
36060023290428,10:01:00.023,168.3100,42
36060023340299,10:01:00.023,168.3100,5
36060023412209,10:01:00.023,168.3100,2
36070401773277,10:01:10.401,168.3000,100
36070401773277,10:01:10.401,168.3000,192
36070410773649,10:01:10.410,168.2900,11
36070410789419,10:01:10.410,168.2900,76
36070410817233,10:01:10.410,168.2900,13
36090340250225,10:01:30.340,168.3000,51
36090340630791,10:01:30.340,168.3900,100
36129946902876,10:02:09.946,168.4500,1
36159879724855,10:02:39.879,168.4800,100
36159879746205,10:02:39.879,168.4800,62
36159879746205,10:02:39.879,168.4800,16
36159879746205,10:02:39.879,168.4800,100
36159879746205,10:02:39.879,168.4800,46
36159879752381,10:02:39.879,168.4800,54
36159879752381,10:02:39.879,168.4800,46
36159879759583,10:02:39.879,168.4800,137
36159879760120,10:02:39.879,168.4800,100
36159879777248,10:02:39.879,168.4800,100
36159879777865,10:02:39.879,168.4800,54
36159879778277,10:02:39.879,168.4800,100
36159879779851,10:02:39.879,168.4800,5
36159879803392,10:02:39.879,168.4800,100
36159879884666,10:02:39.879,168.4800,100
36159879884666,10:02:39.879,168.4800,158
36159887150819,10:02:39.887,168.4700,6
36159887150819,10:02:39.887,168.4700,94
36159887646169,10:02:39.887,168.4700,6
36159887646169,10:02:39.887,168.4800,16
36159887646169,10:02:39.887,168.4800,78
36159887678190,10:02:39.887,168.4800,22
36160811818248,10:02:40.811,168.4800,100
36160811818248,10:02:40.811,168.4800,100
36160812226481,10:02:40.812,168.4700,100
36161073381450,10:02:41.073,168.4500,74
36161073425290,10:02:41.073,168.4500,26
36173903106760,10:02:53.903,168.1700,1
36178135631772,10:02:58.135,168.1700,100
36178670902095,10:02:58.670,168.0600,38
36179929492552,10:02:59.929,168.0600,62
36183020826306,10:03:03.020,168.0000,1
36226063369502,10:03:46.063,168.1700,100
36234674923053,10:03:54.674,168.0000,6
36234676340930,10:03:54.676,167.9400,100
36234680177743,10:03:54.680,167.9200,100
36238146658674,10:03:58.146,167.9800,100
36238505761916,10:03:58.505,167.9500,100
36238505776034,10:03:58.505,167.9500,1
36238505838314,10:03:58.505,167.9500,74
36239936452330,10:03:59.936,167.9900,100
36240752578488,10:04:00.752,167.9900,1
36252766891961,10:04:12.766,167.9400,100
36252766891961,10:04:12.766,167.9400,20
36252766913825,10:04:12.766,167.9400,80
36252767417901,10:04:12.767,167.9000,98
36252767436405,10:04:12.767,167.9000,2
36252767519070,10:04:12.767,167.8800,100
36265896278688,10:04:25.896,167.8500,100
36265896278688,10:04:25.896,167.8500,87
36265896278688,10:04:25.896,167.8500,13
36270784662269,10:04:30.784,167.9200,10
36270784662269,10:04:30.784,167.9200,90
36270784744907,10:04:30.784,167.9200,10
36271791326002,10:04:31.791,167.9200,1
36281957193041,10:04:41.957,167.8100,100
36297645766761,10:04:57.645,167.7500,1
36297646078711,10:04:57.646,167.7400,2
36343490392608,10:05:43.490,167.7500,100
36343490420457,10:05:43.490,167.7700,5
36354631757958,10:05:54.631,167.9300,100
36359128327833,10:05:59.128,167.9700,100
36359943714430,10:05:59.943,167.9100,100
36368040653635,10:06:08.040,167.9000,100
36368040653635,10:06:08.040,167.9000,200
36368040653635,10:06:08.040,167.9000,96
36368041008327,10:06:08.041,167.9000,4
36381205474965,10:06:21.205,168.0300,100
36381205489563,10:06:21.205,168.0400,100
36381205506617,10:06:21.205,168.0600,100
36381205506617,10:06:21.205,168.0700,80
36388370178148,10:06:28.370,168.1400,100
36430191998489,10:07:10.191,168.0500,100
36430192005462,10:07:10.192,168.0500,100
36430192046925,10:07:10.192,168.0400,100
36430192048421,10:07:10.192,168.0300,100
36430192076763,10:07:10.192,167.9900,48
36430192092679,10:07:10.192,167.9900,52
36451623881879,10:07:31.623,167.9100,100
36452415985636,10:07:32.415,167.8900,100
36452416298613,10:07:32.416,167.8000,100
36463378144809,10:07:43.378,167.7000,50
36515346728098,10:08:35.346,167.8000,17
36515347825292,10:08:35.347,167.7900,2
36521285767220,10:08:41.285,167.7800,300
36521297918300,10:08:41.297,167.7700,1
36521300209379,10:08:41.300,167.7600,2
36551346296768,10:09:11.346,167.6400,1
36551346957016,10:09:11.346,167.6600,100
36551347043022,10:09:11.347,167.6600,100
36553379365167,10:09:13.379,167.6600,89
36579975294421,10:09:39.975,167.7200,100
36579975334830,10:09:39.975,167.7200,16
36579975349964,10:09:39.975,167.7200,16
36579975396045,10:09:39.975,167.7200,68
36579975396045,10:09:39.975,167.7300,32
36579975405582,10:09:39.975,167.7300,68
36579975626971,10:09:39.975,167.7300,11
36579975811339,10:09:39.975,167.8400,100
36623054667166,10:10:23.054,167.7400,100
36625323680545,10:10:25.323,167.7400,1
36681164152872,10:11:21.164,167.9900,10
36681164623605,10:11:21.164,167.9900,100
36681164772470,10:11:21.164,168.0000,10
36681683442389,10:11:21.683,168.0300,100
36681841557849,10:11:21.841,168.0400,22
36700196185077,10:11:40.196,168.1700,100
36700196190415,10:11:40.196,168.1800,6
36700196234769,10:11:40.196,168.2000,1
36700196234769,10:11:40.196,168.2000,100
36700196295647,10:11:40.196,168.1300,10
36705455153163,10:11:45.455,168.1600,42
36705455200739,10:11:45.455,168.1600,15
36705455327330,10:11:45.455,168.1600,43
36705455327330,10:11:45.455,168.1600,15
36705455404477,10:11:45.455,168.1500,25
36705458535373,10:11:45.458,168.1200,15
36705462080689,10:11:45.462,168.1200,2
36705463754612,10:11:45.463,168.0800,100
36705467399164,10:11:45.467,168.0700,87
36705467399164,10:11:45.467,168.0700,16
36758982219760,10:12:38.982,168.2400,17
36763378507116,10:12:43.378,168.3200,100
36778534728521,10:12:58.534,168.2500,100
36778534776912,10:12:58.534,168.2400,1
36778534790882,10:12:58.534,168.2400,99
36778534816096,10:12:58.534,168.2500,100
36800586231658,10:13:20.586,168.3300,4
36800586231658,10:13:20.586,168.3300,15
36800586737917,10:13:20.586,168.3100,6
36872576197866,10:14:32.576,168.4500,1
36872576197866,10:14:32.576,168.4500,99
36884192106766,10:14:44.192,168.5100,100
36884192595430,10:14:44.192,168.5400,100
36884192929675,10:14:44.192,168.5500,68
36902721526574,10:15:02.721,168.5100,1
36902721555544,10:15:02.721,168.5100,2
36907182708792,10:15:07.182,168.4600,40
36922620401581,10:15:22.620,168.4500,1
36922620725730,10:15:22.620,168.4400,100
36922620741821,10:15:22.620,168.4200,100
36934769329375,10:15:34.769,168.3500,100
36945476359424,10:15:45.476,168.4900,8
36978470250876,10:16:18.470,168.5700,87
36978470277464,10:16:18.470,168.5700,13
36978470277464,10:16:18.470,168.5700,100
36978470277464,10:16:18.470,168.5700,1
36978472292870,10:16:18.472,168.6400,100
36978472334107,10:16:18.472,168.6400,47
36978487437478,10:16:18.487,168.6800,9
36978487475946,10:16:18.487,168.6800,91
37038597951857,10:17:18.597,168.7000,100
37038625929505,10:17:18.625,168.5800,3
37038625993670,10:17:18.625,168.5800,100
37039240422748,10:17:19.240,168.5800,100
37039240466284,10:17:19.240,168.5800,3
37039240466284,10:17:19.240,168.5800,17
37040542048950,10:17:20.542,168.5700,100
37040542110033,10:17:20.542,168.5700,100
37040542110033,10:17:20.542,168.5700,100
37040542110033,10:17:20.542,168.5700,2
37040542135803,10:17:20.542,168.5700,80
37040542202697,10:17:20.542,168.5700,20
37040542440762,10:17:20.542,168.5600,8
37040542447757,10:17:20.542,168.5600,92
37040542972205,10:17:20.542,168.5500,2
37060693837555,10:17:40.693,168.5700,200
37071449025432,10:17:51.449,168.5400,100
37071449025432,10:17:51.449,168.5400,17
37071449025432,10:17:51.449,168.5400,83
37071449394561,10:17:51.449,168.5400,17
37094057401167,10:18:14.057,168.3900,4
37098820780134,10:18:18.820,168.3900,2
37098873412407,10:18:18.873,168.3900,2
37098922627884,10:18:18.922,168.3900,2
37099050455085,10:18:19.050,168.3900,2
37099092107541,10:18:19.092,168.3900,2
37099140707566,10:18:19.140,168.3900,2
37099199414560,10:18:19.199,168.3900,2
37099301213665,10:18:19.301,168.3900,2
37099330489878,10:18:19.330,168.3900,2
37099378122258,10:18:19.378,168.3900,2
37105555939407,10:18:25.555,168.3800,2
37114586260374,10:18:34.586,168.3800,2
37114641182949,10:18:34.641,168.3800,2
37114798264878,10:18:34.798,168.3800,2
37114846665039,10:18:34.846,168.3800,2
37114901044670,10:18:34.901,168.3800,2
37115038090628,10:18:35.038,168.3800,2
37115086114086,10:18:35.086,168.3800,2
37115113968958,10:18:35.113,168.3800,2
37115115612224,10:18:35.115,168.3800,2
37115154446782,10:18:35.154,168.3800,2
37221866986493,10:20:21.866,168.5400,100
37221867015743,10:20:21.867,168.5400,1
37221867029586,10:20:21.867,168.5500,90
37221867055583,10:20:21.867,168.5500,20
37221867055583,10:20:21.867,168.5500,8
37221867116244,10:20:21.867,168.5600,100
37221867205215,10:20:21.867,168.5900,100
37221867394012,10:20:21.867,168.5400,100
37221867394012,10:20:21.867,168.5400,100
37221867419043,10:20:21.867,168.6000,18
37221870340536,10:20:21.870,168.5700,100
37273307364171,10:21:13.307,168.5000,100
37277634549879,10:21:17.634,168.4900,7
37277634637669,10:21:17.634,168.4700,7
37277634637669,10:21:17.634,168.4700,100
37277634637669,10:21:17.634,168.4700,3
37277634637669,10:21:17.634,168.4700,100
37277634792221,10:21:17.634,168.4700,48
37277634794235,10:21:17.634,168.4700,8
37277634843168,10:21:17.634,168.4700,44
37279870461573,10:21:19.870,168.4800,100
37279870461573,10:21:19.870,168.4800,40
37279870527372,10:21:19.870,168.5000,100
37316575792072,10:21:56.575,168.4900,10
37345668924300,10:22:25.668,168.5500,100
37345750881189,10:22:25.750,168.5300,100
37345750923524,10:22:25.750,168.5200,6
37345750930226,10:22:25.750,168.5100,59
37345753513103,10:22:25.753,168.5200,3
37345753513103,10:22:25.753,168.5200,97
37345753541611,10:22:25.753,168.5200,3
37348029228223,10:22:28.029,168.5200,17
37348029291774,10:22:28.029,168.5200,100
37348029303555,10:22:28.029,168.5100,100
37360861067640,10:22:40.861,168.4600,100
37383708123263,10:23:03.708,168.5200,67
37383708131661,10:23:03.708,168.5200,33
37383708134083,10:23:03.708,168.5200,100
37442307563643,10:24:02.307,168.5200,2
37442355381791,10:24:02.355,168.5200,2
37442487824722,10:24:02.487,168.5200,2
37442630613298,10:24:02.630,168.5000,2
37442732499316,10:24:02.732,168.5100,2
37442758636996,10:24:02.758,168.5100,2
37457661174638,10:24:17.661,168.5000,2
37459879527442,10:24:19.879,168.5000,2
37459917004998,10:24:19.917,168.5000,2
37463034276821,10:24:23.034,168.5500,2
37463140447576,10:24:23.140,168.5500,2
37463167867706,10:24:23.167,168.5500,2
37463291995607,10:24:23.291,168.5500,2
37474723325169,10:24:34.723,168.5800,6
37514580984501,10:25:14.580,168.6600,10
37514581595591,10:25:14.581,168.6600,100
37535712493495,10:25:35.712,168.7200,6
37538907846284,10:25:38.907,168.6700,2
37539012533534,10:25:39.012,168.6500,2
37539102738920,10:25:39.102,168.6500,2
37548706375563,10:25:48.706,168.7500,10
37548706375563,10:25:48.706,168.7500,90
37548706404998,10:25:48.706,168.7500,10
37562587791099,10:26:02.587,168.8800,300
37562587791099,10:26:02.587,168.8700,100
37562587791099,10:26:02.587,168.8700,13
37562587791099,10:26:02.587,168.8700,100
37562587825553,10:26:02.587,168.8600,14
37562587931581,10:26:02.587,168.8700,100
37562588378897,10:26:02.588,168.8400,100
37570386244759,10:26:10.386,168.8100,2
37570545975947,10:26:10.545,168.8100,2
37570546465062,10:26:10.546,168.8100,98
37570546892719,10:26:10.546,168.8000,100
37570832271959,10:26:10.832,168.7500,2
37570880189277,10:26:10.880,168.7400,2
37571584735100,10:26:11.584,168.7800,74
37571585233185,10:26:11.585,168.7800,26
37572422051717,10:26:12.422,168.7400,2
37572423657263,10:26:12.423,168.7400,2
37573290800367,10:26:13.290,168.7700,100
37574254134138,10:26:14.254,168.7400,2
37574303039730,10:26:14.303,168.7400,2
37574347032429,10:26:14.347,168.7400,2
37574447645484,10:26:14.447,168.7400,2
37574525957481,10:26:14.525,168.7400,2
37574577844962,10:26:14.577,168.7400,2
37574690179142,10:26:14.690,168.7400,2
37574731382373,10:26:14.731,168.7400,2
37574767109345,10:26:14.767,168.7400,2
37574813148491,10:26:14.813,168.7400,2
37619789203570,10:26:59.789,168.8000,25
37619789813710,10:26:59.789,168.7800,10
37619789813710,10:26:59.789,168.7700,90
37619789910328,10:26:59.789,168.8000,10
37619790448319,10:26:59.790,168.7900,98
37625739461704,10:27:05.739,168.7600,100
37696431313063,10:28:16.431,168.7500,2
37696466382324,10:28:16.466,168.7500,2
37736897446095,10:28:56.897,168.9000,10
37736897446095,10:28:56.897,168.9000,11
37736897682413,10:28:56.897,168.9000,89
37736897700178,10:28:56.897,168.9000,11
37736897700178,10:28:56.897,168.9200,100
37736897700178,10:28:56.897,168.9300,89
37736897779752,10:28:56.897,168.9300,11
37737011954355,10:28:57.011,168.9000,100
37740402872269,10:29:00.402,168.9000,100
37743447525596,10:29:03.447,168.8400,100
37743447567345,10:29:03.447,168.8400,1
37743447654293,10:29:03.447,168.8400,100
37743447824917,10:29:03.447,168.8300,8
37743448440048,10:29:03.448,168.8100,1
37743448465024,10:29:03.448,168.8100,99
37743448465024,10:29:03.448,168.8100,8
37743450551125,10:29:03.450,168.8000,400
37743450792909,10:29:03.450,168.7800,8
37772461180066,10:29:32.461,168.7500,2
37772640831747,10:29:32.640,168.7300,2
37781977804649,10:29:41.977,168.7500,2
37782072883798,10:29:42.072,168.7400,2
37782365028767,10:29:42.365,168.7400,2
37782412792597,10:29:42.412,168.7400,2
37782468030954,10:29:42.468,168.7400,2
37782506854062,10:29:42.506,168.7400,2
37782526223794,10:29:42.526,168.7400,2
37831458395914,10:30:31.458,168.8000,2
37831508325313,10:30:31.508,168.8000,2
37831555926635,10:30:31.555,168.8000,2
37831656274363,10:30:31.656,168.8000,2
37831703259216,10:30:31.703,168.8000,2
37831768971591,10:30:31.768,168.8100,2
37831872365164,10:30:31.872,168.8100,2
37831890239259,10:30:31.890,168.8100,2
37831981733806,10:30:31.981,168.8100,2
37832002296005,10:30:32.002,168.8100,2
37921810548120,10:32:01.810,168.8300,5
37921810548120,10:32:01.810,168.8300,56
37921810908279,10:32:01.810,168.8200,4
37921810957377,10:32:01.810,168.8100,100
37921810957377,10:32:01.810,168.8100,63
37921810978556,10:32:01.810,168.8100,37
37921811029597,10:32:01.811,168.8000,100
37921811029597,10:32:01.811,168.8000,100
37921811075160,10:32:01.811,168.7900,100
37921812471377,10:32:01.812,168.7600,2
37965184511200,10:32:45.184,168.9000,1
37965184525904,10:32:45.184,168.9200,23
37965184545641,10:32:45.184,168.9300,51
37965184585803,10:32:45.184,168.9300,49
38027844883082,10:33:47.844,168.8700,100
38027844960029,10:33:47.844,168.8500,100
38112918709555,10:35:12.918,168.8500,100
38112918709555,10:35:12.918,168.8600,9
38112918941727,10:35:12.918,168.8900,100
38112928265093,10:35:12.928,168.8300,81
38113822633017,10:35:13.822,168.9100,100
38115642368672,10:35:15.642,168.9100,1
38135325713430,10:35:35.325,168.8700,100
38135325713430,10:35:35.325,168.8600,58
38182381928939,10:36:22.381,168.9800,100
38182381928939,10:36:22.381,168.9900,100
38182381928939,10:36:22.381,169.0000,500
38182381928939,10:36:22.381,169.0000,11
38182382024472,10:36:22.382,169.0000,53
38182382038048,10:36:22.382,169.0000,36
38182382038048,10:36:22.382,169.0000,10
38182382038048,10:36:22.382,169.0000,54
38182382059709,10:36:22.382,169.0000,46
38182382059709,10:36:22.382,169.0000,1
38182383057546,10:36:22.383,169.0200,12
38182383071628,10:36:22.383,169.0000,100
38182383083930,10:36:22.383,169.0200,88
38182383122117,10:36:22.383,169.0300,4
38182386894892,10:36:22.386,168.9800,100
38182388073201,10:36:22.388,168.8900,100
38182394472933,10:36:22.394,168.9800,1
38234587809858,10:37:14.587,168.9000,200
38234587887698,10:37:14.587,168.8600,100
38234587887698,10:37:14.587,168.8600,23
38234588422887,10:37:14.588,168.9000,23
38234588430639,10:37:14.588,168.9000,77
38234668419830,10:37:14.668,168.9200,100
38234668427150,10:37:14.668,168.9200,3
38234668438250,10:37:14.668,168.9200,97
38236328658969,10:37:16.328,168.9100,100
38238149984949,10:37:18.149,168.9000,100
38238198317895,10:37:18.198,168.9500,100
38238198395290,10:37:18.198,168.9600,100
38238198432437,10:37:18.198,168.9600,3
38238198634648,10:37:18.198,168.9700,100
38238198699216,10:37:18.198,168.9700,8
38238198707440,10:37:18.198,168.9700,92
38238199172057,10:37:18.199,168.9600,100
38248086902670,10:37:28.086,168.9700,81
38248087063395,10:37:28.087,168.9700,19
38248087063395,10:37:28.087,168.9700,71
38248087093504,10:37:28.087,168.9700,29
38248201502608,10:37:28.201,168.9900,100
38261708222286,10:37:41.708,168.9000,100
38266095930494,10:37:46.095,168.8200,100
38266101540254,10:37:46.101,168.7700,51
38266101578479,10:37:46.101,168.7700,49
38268814473568,10:37:48.814,168.8200,49
38268814526126,10:37:48.814,168.8200,51
38298323027914,10:38:18.323,168.8600,300
38298323227695,10:38:18.323,168.8700,200
38298323227695,10:38:18.323,168.8700,100
38298323367514,10:38:18.323,168.8700,1
38298323540537,10:38:18.323,168.8700,5
38298323607365,10:38:18.323,168.8700,1
38298323619232,10:38:18.323,168.8700,100
38298323667537,10:38:18.323,168.8700,2
38298323668018,10:38:18.323,168.8700,92
38298323750566,10:38:18.323,168.8800,1
38298323825836,10:38:18.323,168.8700,100
38315061427072,10:38:35.061,168.8700,100
38406644702911,10:40:06.644,168.9700,15
38406645959673,10:40:06.645,169.0100,1
38449069891671,10:40:49.069,168.8900,100
38449069891671,10:40:49.069,168.8900,6
38449069907066,10:40:49.069,168.8800,10
38449069912859,10:40:49.069,168.8800,60
38449069915715,10:40:49.069,168.8800,30
38449069915715,10:40:49.069,168.8800,100
38449069915715,10:40:49.069,168.8800,4
38449069921326,10:40:49.069,168.8800,2
38449072873177,10:40:49.072,168.8800,3
38449686601502,10:40:49.686,168.8800,100
38451686406033,10:40:51.686,168.8900,100
38451686942558,10:40:51.686,168.9200,9
38476556960395,10:41:16.556,168.8900,100
38476557195184,10:41:16.557,168.8900,6
38476557197686,10:41:16.557,168.8900,94
38476567865926,10:41:16.567,168.8700,1
38476567964020,10:41:16.567,168.8500,1
38476568192788,10:41:16.568,168.8100,100
38476568192788,10:41:16.568,168.8000,100
38476568487596,10:41:16.568,168.8000,34
38476568491333,10:41:16.568,168.8000,66
38478623045462,10:41:18.623,168.8000,100
38478623124309,10:41:18.623,168.8000,100
38483932486245,10:41:23.932,168.8700,5
38483932723322,10:41:23.932,168.8700,95
38483932758749,10:41:23.932,168.8800,5
38483932846755,10:41:23.932,168.8800,95
38492047405845,10:41:32.047,168.8900,3
38492047405845,10:41:32.047,168.8900,97
38492047541075,10:41:32.047,168.8900,3
38507287113335,10:41:47.287,168.8650,200
38520192718971,10:42:00.192,168.8700,100
38590134292378,10:43:10.134,168.9100,100
38590134348934,10:43:10.134,168.9100,100
38590134374268,10:43:10.134,168.9100,59
38610760814694,10:43:30.760,168.9500,4
38610760814694,10:43:30.760,168.9500,1
38611719251383,10:43:31.719,169.0200,100
38611719261113,10:43:31.719,169.0500,10
38611719448628,10:43:31.719,169.0200,100
38611719452786,10:43:31.719,169.0800,90
38611719979408,10:43:31.719,169.0800,10
38657467181629,10:44:17.467,169.1000,100
38657472203112,10:44:17.472,169.1700,300
38657472203112,10:44:17.472,169.1700,1
38657472203112,10:44:17.472,169.1700,14
38657472555205,10:44:17.472,169.1800,100
38657473271342,10:44:17.473,169.1900,100
38657474302372,10:44:17.474,169.2000,100
38657474512219,10:44:17.474,169.2000,100
38657475206424,10:44:17.475,169.2300,100
38657476205571,10:44:17.476,169.2700,30
38657481427289,10:44:17.481,169.2700,6
38657481521643,10:44:17.481,169.2700,6
38662910398323,10:44:22.910,169.2700,57
38668723211366,10:44:28.723,169.3300,100
38671185229113,10:44:31.185,169.2700,100
38697271960311,10:44:57.271,169.3300,10
38752778469975,10:45:52.778,169.3300,100
38752778769402,10:45:52.778,169.3400,100
38754842434876,10:45:54.842,169.3500,9
38754842434876,10:45:54.842,169.3500,100
38754842935979,10:45:54.842,169.3500,100
38754844568768,10:45:54.844,169.3800,100
38754844594063,10:45:54.844,169.3800,100
38756609020835,10:45:56.609,169.4000,2
38756609048509,10:45:56.609,169.4000,48
38756609048509,10:45:56.609,169.4000,79
38812250132448,10:46:52.250,169.4300,74
38812250161698,10:46:52.250,169.4300,26
38812252236419,10:46:52.252,169.3800,47
38812252236419,10:46:52.252,169.3800,100
38812252236419,10:46:52.252,169.3800,74
38812252283579,10:46:52.252,169.3800,26
38812252283579,10:46:52.252,169.3800,100
38812252297369,10:46:52.252,169.3800,66
38812252344645,10:46:52.252,169.3800,30
38812252382316,10:46:52.252,169.3700,100
38812267283445,10:46:52.267,169.3300,100
38830731764726,10:47:10.731,169.2100,100
38830732224402,10:47:10.732,169.1800,100
38830732224402,10:47:10.732,169.1800,100
38830732301028,10:47:10.732,169.1800,100
38830732356747,10:47:10.732,169.1800,100
38859847726427,10:47:39.847,169.0700,10
38887258037101,10:48:07.258,169.1900,100
38887258037101,10:48:07.258,169.1900,100
38887258037101,10:48:07.258,169.1900,1
38887258554466,10:48:07.258,169.2000,63
38887258554466,10:48:07.258,169.2000,37
38887258583739,10:48:07.258,169.2000,100
38887258585089,10:48:07.258,169.2000,34
38887258585089,10:48:07.258,169.2000,100
38887994406368,10:48:07.994,169.2000,100
38887994424349,10:48:07.994,169.2000,100
38887994496800,10:48:07.994,169.2000,100
38971405362407,10:49:31.405,169.2700,100
38993398473342,10:49:53.398,169.1700,2
39000252617824,10:50:00.252,169.1600,100
39000252617824,10:50:00.252,169.1600,100
39000252617824,10:50:00.252,169.1600,88
39000252617824,10:50:00.252,169.1600,100
39000252656998,10:50:00.252,169.1600,50
39000252656998,10:50:00.252,169.1600,56
39000252815391,10:50:00.252,169.1600,44
39000252967842,10:50:00.252,169.1600,80
39000253106139,10:50:00.253,169.1600,20
39012764828410,10:50:12.764,169.1900,100
39012764828410,10:50:12.764,169.1900,100
39012764828410,10:50:12.764,169.1900,1
39012765581622,10:50:12.765,169.2100,8
39060418027502,10:51:00.418,169.2000,2
39060619894430,10:51:00.619,169.2000,2
39060663610369,10:51:00.663,169.2000,2
39060722573419,10:51:00.722,169.2000,2
39060771024167,10:51:00.771,169.2000,2
39060896027557,10:51:00.896,169.2000,2
39071900729986,10:51:11.900,169.2100,200
39071900870505,10:51:11.900,169.2000,46
39071900909897,10:51:11.900,169.2000,54
39115072082525,10:51:55.072,169.3100,100
39115072082525,10:51:55.072,169.3100,100
39115072087306,10:51:55.072,169.3100,100
39115072523127,10:51:55.072,169.3400,100
39121253759173,10:52:01.253,169.3100,2
39123673066241,10:52:03.673,169.2600,100
39123673066241,10:52:03.673,169.2600,3
39129748482760,10:52:09.748,169.1800,1
39130177924179,10:52:10.177,169.1800,2
39142043759091,10:52:22.043,169.1800,298
39142043759091,10:52:22.043,169.1800,2
39185231755771,10:53:05.231,169.1900,1
39185236328977,10:53:05.236,169.1900,2
39187361677594,10:53:07.361,169.1700,100
39187361677594,10:53:07.361,169.1700,2
39190398875883,10:53:10.398,169.0000,15
39194078310022,10:53:14.078,169.0100,100
39207618579560,10:53:27.618,169.1000,1
39207618579560,10:53:27.618,169.1000,37
39207618579560,10:53:27.618,169.1000,62
39207618585719,10:53:27.618,169.1000,3
39207618585719,10:53:27.618,169.1000,100
39207618585719,10:53:27.618,169.1100,100
39288293561256,10:54:48.293,169.1300,100
39311805775787,10:55:11.805,169.2000,4
39311805775787,10:55:11.805,169.2000,6
39311805775787,10:55:11.805,169.2000,100
39311805775787,10:55:11.805,169.2000,1
39311805775787,10:55:11.805,169.2000,102
39311805793032,10:55:11.805,169.2200,9
39318329841654,10:55:18.329,169.2600,100
39318329841654,10:55:18.329,169.2700,100
39353280296391,10:55:53.280,169.3000,100
39381559140909,10:56:21.559,169.3500,200
39427553559124,10:57:07.553,169.2500,106
39427553601546,10:57:07.553,169.2400,6
39427553601546,10:57:07.553,169.2400,100
39427553877219,10:57:07.553,169.2300,7
39427553903178,10:57:07.553,169.2100,93
39427554094077,10:57:07.554,169.2100,7
39434035364193,10:57:14.035,169.1100,1
39434035767698,10:57:14.035,169.1000,2
39491837100446,10:58:11.837,169.1600,100
39491837555717,10:58:11.837,169.1600,33
39491837555717,10:58:11.837,169.1600,2
39491837555717,10:58:11.837,169.1600,10
39491837555717,10:58:11.837,169.1600,100
39491837555717,10:58:11.837,169.1700,56
39491837629442,10:58:11.837,169.1700,44
39491837629442,10:58:11.837,169.1700,56
39491837645093,10:58:11.837,169.1700,44
39491837645093,10:58:11.837,169.1700,1
39491838901461,10:58:11.838,169.1700,100
39505238816254,10:58:25.238,169.1200,100
39505238816254,10:58:25.238,169.1200,100
39563232023939,10:59:23.232,169.0700,2
39607254280575,11:00:07.254,169.2200,59
39607254293937,11:00:07.254,169.2200,41
39607255920991,11:00:07.255,169.2200,2
39607257229465,11:00:07.257,169.2500,10
39607257260751,11:00:07.257,169.2200,43
39607257273379,11:00:07.257,169.2200,57
39633082282450,11:00:33.082,169.1200,36
39662918153762,11:01:02.918,169.2200,18
39662918587210,11:01:02.918,169.2600,100
39662952290500,11:01:02.952,169.3000,6
39662952337703,11:01:02.952,169.3000,6
39663311107172,11:01:03.311,169.2600,100
39663390032496,11:01:03.390,169.3100,100
39663520116833,11:01:03.520,169.4000,6
39663520719977,11:01:03.520,169.4000,6
39664929350199,11:01:04.929,169.3100,9
39666856547839,11:01:06.856,169.3200,100
39666856547839,11:01:06.856,169.3100,20
39666856549420,11:01:06.856,169.3100,80
39666856549420,11:01:06.856,169.3100,20
39666856550384,11:01:06.856,169.3000,1
39666856550384,11:01:06.856,169.3000,4
39666856550384,11:01:06.856,169.3000,100
39666856550384,11:01:06.856,169.3000,3
39666856579457,11:01:06.856,169.3000,97
39666856579457,11:01:06.856,169.3000,20
39666885044341,11:01:06.885,169.3000,1
39692262908042,11:01:32.262,169.3500,1
39712127745700,11:01:52.127,169.3800,100
39719178171832,11:01:59.178,169.3700,100
39726304946304,11:02:06.304,169.4100,1
39735629259675,11:02:15.629,169.4500,92
39735629423224,11:02:15.629,169.4700,100
39762095988536,11:02:42.095,169.5000,100
39762095988536,11:02:42.095,169.5000,74
39762096007809,11:02:42.096,169.5000,8
39762096017839,11:02:42.096,169.5000,18
39762097117625,11:02:42.097,169.5400,100
39762097579672,11:02:42.097,169.5600,100
39762097579672,11:02:42.097,169.5600,50
39762097579672,11:02:42.097,169.5600,50
39762100805575,11:02:42.100,169.5600,50
39762596472453,11:02:42.596,169.5900,100
39762596582257,11:02:42.596,169.6100,10
39772158349028,11:02:52.158,169.6300,1
39784807140409,11:03:04.807,169.5500,5
39789505493025,11:03:09.505,169.4900,100
39795598890314,11:03:15.598,169.4700,100
39795603484815,11:03:15.603,169.4300,100
39795603484815,11:03:15.603,169.4200,100
39795603484815,11:03:15.603,169.4100,109
39815590759719,11:03:35.590,169.4200,100
39815590759719,11:03:35.590,169.4200,7
39815590783489,11:03:35.590,169.4200,10
39836276131230,11:03:56.276,169.4500,100
39836800872227,11:03:56.800,169.4700,100
39836801004839,11:03:56.801,169.4700,100
39837176434653,11:03:57.176,169.4600,100
39896466577967,11:04:56.466,169.3100,1
39896466699730,11:04:56.466,169.3000,2
39922196019056,11:05:22.196,169.2800,73
39922196031892,11:05:22.196,169.2800,27
39925195967261,11:05:25.195,169.2500,3
39937402276532,11:05:37.402,169.3600,9
39937402318092,11:05:37.402,169.3800,77
39937402348170,11:05:37.402,169.3800,9
39937402355292,11:05:37.402,169.3800,14
39953222228412,11:05:53.222,169.2800,2
40016436150663,11:06:56.436,169.3800,100
40016436150663,11:06:56.436,169.3800,1
40016436150663,11:06:56.436,169.3800,100
40016436152159,11:06:56.436,169.3800,200
40016436251871,11:06:56.436,169.4100,100
40020118508871,11:07:00.118,169.4200,100
40050435092767,11:07:30.435,169.3500,6
40050435218604,11:07:30.435,169.3500,94
40050438465592,11:07:30.438,169.3500,100
40050438861640,11:07:30.438,169.3500,100
40050441064308,11:07:30.441,169.3500,100
40050514637930,11:07:30.514,169.3600,100
40050515159898,11:07:30.515,169.3600,200
40053931236409,11:07:33.931,169.3400,100
40083109177663,11:08:03.109,169.2900,8
40083113168540,11:08:03.113,169.2900,7
40083114804703,11:08:03.114,169.2900,7
40083116440920,11:08:03.116,169.2900,7
40083119075067,11:08:03.119,169.2900,6
40083120704912,11:08:03.120,169.2900,6
40083122336009,11:08:03.122,169.2900,6
40083124974574,11:08:03.124,169.2900,4
40083126602616,11:08:03.126,169.2900,4
40083128236636,11:08:03.128,169.2900,4
40083178427390,11:08:03.178,169.2900,4
40083228717105,11:08:03.228,169.2900,4
40083279084516,11:08:03.279,169.2900,4
40083328882283,11:08:03.328,169.2900,4
40083379152142,11:08:03.379,169.2900,3
40083428587997,11:08:03.428,169.2900,3
40083478963803,11:08:03.478,169.2900,3
40083529030657,11:08:03.529,169.2900,3
40085149140095,11:08:05.149,169.2800,98
40085149140095,11:08:05.149,169.2800,95
40085149194984,11:08:05.149,169.2800,2
40085149242592,11:08:05.149,169.2800,3
40085149242592,11:08:05.149,169.2800,71
40085149294226,11:08:05.149,169.2800,29
40085149294226,11:08:05.149,169.2800,10
40116732204337,11:08:36.732,169.3100,100
40116732231932,11:08:36.732,169.3100,100
40118536935073,11:08:38.536,169.3100,1
40120689086568,11:08:40.689,169.3100,100
40120689376229,11:08:40.689,169.3100,100
40167769788497,11:09:27.769,169.2900,1
40167769903567,11:09:27.769,169.2900,1
40167771219239,11:09:27.771,169.2900,1
40167888160506,11:09:27.888,169.2900,1
40169044053947,11:09:29.044,169.2900,1
40169044199406,11:09:29.044,169.2900,1
40169067456908,11:09:29.067,169.2900,1
40169067941741,11:09:29.067,169.2900,1
40169068050263,11:09:29.068,169.2900,1
40169068547921,11:09:29.068,169.2900,1
40169120853056,11:09:29.120,169.2900,1
40169121016354,11:09:29.121,169.2900,1
40169137483729,11:09:29.137,169.2900,1
40169137926278,11:09:29.137,169.2900,1
40169138130650,11:09:29.138,169.2900,1
40169138320724,11:09:29.138,169.2900,1
40169138612206,11:09:29.138,169.3000,1
40175397390040,11:09:35.397,169.2400,100
40175399038646,11:09:35.399,169.2300,100
40206755555499,11:10:06.755,169.2900,2
40206755697558,11:10:06.755,169.3000,2
40206756119670,11:10:06.756,169.3100,100
40206757540322,11:10:06.757,169.3400,9
40206758849675,11:10:06.758,169.3400,91
40225491479236,11:10:25.491,169.3700,79
40225491521578,11:10:25.491,169.3700,21
40225491521578,11:10:25.491,169.3700,10
40225492031837,11:10:25.492,169.3800,10
40225492031837,11:10:25.492,169.3800,100
40225667394506,11:10:25.667,169.3900,100
40225668721065,11:10:25.668,169.4100,100
40232878603902,11:10:32.878,169.3900,100
40245985969575,11:10:45.985,169.3700,100
40245985969575,11:10:45.985,169.3700,100
40245986596446,11:10:45.986,169.3500,2
40281061428163,11:11:21.061,169.3200,100
40281072624149,11:11:21.072,169.3200,2
40281092499730,11:11:21.092,169.3200,1
40292235904354,11:11:32.235,169.2900,100
40292235951555,11:11:32.235,169.2900,2
40292235951555,11:11:32.235,169.2900,100
40292236668713,11:11:32.236,169.2700,1
40297464344951,11:11:37.464,169.2200,100
40298417142666,11:11:38.417,169.1500,42
40308463893957,11:11:48.463,169.3200,4
40320237544180,11:12:00.237,169.3800,100
40320238352429,11:12:00.238,169.3600,10
40320238363428,11:12:00.238,169.3600,1
40320238398773,11:12:00.238,169.3600,10
40320238411363,11:12:00.238,169.3600,5
40320238455426,11:12:00.238,169.3600,10
40320238461808,11:12:00.238,169.3600,64
40320238500035,11:12:00.238,169.3500,10
40341198044999,11:12:21.198,169.2800,100
40341198044999,11:12:21.198,169.2800,2
40344002911134,11:12:24.002,169.2800,200
40353943574304,11:12:33.943,169.2800,25
40353943607469,11:12:33.943,169.2800,175
40353943607469,11:12:33.943,169.2800,100
40353943607469,11:12:33.943,169.2800,1
40353944363395,11:12:33.944,169.2400,100
40370595329688,11:12:50.595,169.2000,100
40370595331003,11:12:50.595,169.2000,4
40370595341377,11:12:50.595,169.2000,96
40372978217570,11:12:52.978,169.1300,4
40373003518384,11:12:53.003,169.1500,100
40373003518384,11:12:53.003,169.1700,100
40373498979579,11:12:53.498,169.1900,222
40373499347226,11:12:53.499,169.2000,21
40373499347226,11:12:53.499,169.2000,1
40373499347226,11:12:53.499,169.2000,70
40373499579558,11:12:53.499,169.2000,30
40373503167294,11:12:53.503,169.2100,74
40373503204735,11:12:53.503,169.2100,26
40373586172323,11:12:53.586,169.1500,20
40373700711233,11:12:53.700,169.1500,1
40380004483783,11:13:00.004,169.2000,10
40398922465245,11:13:18.922,169.2400,100
40398922518016,11:13:18.922,169.2400,26
40398922544694,11:13:18.922,169.2400,74
40401232782768,11:13:21.232,169.2400,68
40401232863854,11:13:21.232,169.2400,7
40409264637853,11:13:29.264,169.2400,74
40409264668903,11:13:29.264,169.2400,51
40409264709934,11:13:29.264,169.2200,1
40412192117469,11:13:32.192,169.2400,100
40412922428482,11:13:32.922,169.2400,50
40412922865949,11:13:32.922,169.2400,50
40433134654109,11:13:53.134,169.2800,64
40433134692070,11:13:53.134,169.2800,36
40468051978254,11:14:28.051,169.2300,1
40468052506658,11:14:28.052,169.2100,100
40468052544750,11:14:28.052,169.2100,1
40481469526272,11:14:41.469,169.2700,100
40481495421812,11:14:41.495,169.2900,100
40481495438651,11:14:41.495,169.2900,100
40483738986799,11:14:43.738,169.3200,1
40492101087007,11:14:52.101,169.2500,1
40492101773035,11:14:52.101,169.2400,100
40492107252863,11:14:52.107,169.2600,2
40493286706865,11:14:53.286,169.2300,100
40551670848335,11:15:51.670,169.1600,1
40551671142500,11:15:51.671,169.1300,100
40551671381587,11:15:51.671,169.1300,55
40551671430979,11:15:51.671,169.1200,100
40582472657793,11:16:22.472,169.0500,1
40582708067885,11:16:22.708,169.0500,1
40583961782892,11:16:23.961,169.0600,1
40635403107701,11:17:15.403,169.1700,12
40643801609948,11:17:23.801,169.1700,36
40672661783444,11:17:52.661,169.1700,98
40688041164163,11:18:08.041,169.0600,66
40688041178155,11:18:08.041,169.0600,34
40688041178155,11:18:08.041,169.0500,65
40688041178155,11:18:08.041,169.0500,27
40688041192864,11:18:08.041,169.0500,5
40688041197092,11:18:08.041,169.0500,126
40688041225552,11:18:08.041,169.0500,42
40688041225552,11:18:08.041,169.0500,100
40688041225552,11:18:08.041,169.0500,200
40690405607957,11:18:10.405,169.0400,100
40690405607957,11:18:10.405,169.0400,100
40690405607957,11:18:10.405,169.0400,100
40690405658007,11:18:10.405,169.0400,5
40690410222055,11:18:10.410,169.0400,95
40690410222055,11:18:10.410,169.0400,5
40690410529586,11:18:10.410,169.0400,95
40690418446711,11:18:10.418,169.0000,5
40698331950628,11:18:18.331,169.0100,100
40703380787580,11:18:23.380,169.0500,95
40730260200279,11:18:50.260,169.0700,1
40730260200279,11:18:50.260,169.0700,100
40730260200279,11:18:50.260,169.0700,98
40730260200279,11:18:50.260,169.0700,27
40730260207045,11:18:50.260,169.0700,73
40730260207045,11:18:50.260,169.0700,2
40730260207045,11:18:50.260,169.0700,50
40730260213643,11:18:50.260,169.0700,150
40730260234132,11:18:50.260,169.0800,8
40730260234132,11:18:50.260,169.0800,100
40730263933329,11:18:50.263,169.0900,100
40733568718024,11:18:53.568,169.0700,100
40733865420630,11:18:53.865,169.1100,1
40741045033459,11:19:01.045,169.0400,100
40741045033459,11:19:01.045,169.0400,100
40741045040900,11:19:01.045,169.0400,100
40741050585516,11:19:01.050,169.0400,100
40741050612129,11:19:01.050,169.0400,100
40746443444925,11:19:06.443,169.1000,100
40757432021079,11:19:17.432,169.0000,268
40757432035710,11:19:17.432,169.0000,5
40757432070387,11:19:17.432,169.0000,27
40757432070387,11:19:17.432,169.0000,66
40757432131956,11:19:17.432,169.0000,34
40792448104529,11:19:52.448,169.0200,12
40792448141441,11:19:52.448,169.0200,9
40792448182272,11:19:52.448,169.0200,18
40792448308730,11:19:52.448,169.0200,9
40792452171806,11:19:52.452,169.0200,12
40803943708426,11:20:03.943,169.0100,100
40803943753788,11:20:03.943,169.0100,100
40803943753788,11:20:03.943,169.0200,1
40803943774529,11:20:03.943,169.0200,101
40803943786808,11:20:03.943,169.0200,38
40803943786808,11:20:03.943,169.0300,62
40803943814907,11:20:03.943,169.0300,38
40803943814907,11:20:03.943,169.0300,1
40814879841351,11:20:14.879,169.0800,1
40814879931605,11:20:14.879,169.0500,100
40814879931605,11:20:14.879,169.0500,100
40814883782578,11:20:14.883,169.0400,2
40814886298494,11:20:14.886,169.0300,1
40814886445843,11:20:14.886,169.0400,1
40814886552766,11:20:14.886,169.0300,1
40818528290493,11:20:18.528,168.9800,40
40818528345295,11:20:18.528,168.9800,60
40818528345295,11:20:18.528,168.9800,40
40818528373732,11:20:18.528,168.9800,60
40818528397626,11:20:18.528,168.9800,60
40818572839894,11:20:18.572,168.9800,40
40818572839894,11:20:18.572,168.9800,60
40818572871511,11:20:18.572,168.9800,40
40818572900386,11:20:18.572,168.9800,7
40818572960511,11:20:18.572,168.9800,93
40818572960511,11:20:18.572,168.9800,7
40820821865421,11:20:20.821,168.9800,93
40820821865421,11:20:20.821,168.9800,7
40823275740153,11:20:23.275,168.9500,100
40823276872291,11:20:23.276,168.9200,100
40896743185432,11:21:36.743,168.9000,1
40896743293459,11:21:36.743,168.9300,10
40896743698088,11:21:36.743,168.9000,10
40896743698088,11:21:36.743,168.9000,10
40896991223565,11:21:36.991,168.9300,50
40907403481664,11:21:47.403,168.9500,100
40907403512186,11:21:47.403,168.9500,97
40907403528486,11:21:47.403,168.9500,34
40907404010356,11:21:47.404,168.9500,66
40912728211755,11:21:52.728,168.9600,100
40968944518054,11:22:48.944,169.0200,100
40968944685493,11:22:48.944,169.0200,100
40971009159454,11:22:51.009,169.0300,100
40975197034274,11:22:55.197,169.0300,10
40975890452178,11:22:55.890,169.0200,1
40975891387947,11:22:55.891,168.9800,100
40975894151206,11:22:55.894,168.9500,74
40975894179499,11:22:55.894,168.9500,326
40975920706122,11:22:55.920,168.9200,5
40977300055489,11:22:57.300,168.9100,100
40979960879778,11:22:59.960,168.9300,17
40979960886194,11:22:59.960,168.9300,46
40979960934084,11:22:59.960,168.9300,37
40981462489636,11:23:01.462,168.9100,76
40982232020620,11:23:02.232,168.9300,9
40983759943673,11:23:03.759,168.8900,100
40990172846749,11:23:10.172,168.8400,100
41028214139228,11:23:48.214,168.8800,1
41028214139228,11:23:48.214,168.8800,46
41028214170389,11:23:48.214,168.8900,100
41028214395136,11:23:48.214,168.8900,100
41028214597043,11:23:48.214,168.8900,100
41028214958616,11:23:48.214,168.9100,100
41053225049488,11:24:13.225,168.9500,1
41053225049488,11:24:13.225,168.9600,99
41053857997825,11:24:13.857,168.9600,1
41053857997825,11:24:13.857,168.9600,100
41057249934656,11:24:17.249,168.9500,1
41057250221436,11:24:17.250,168.9200,2
41057250221436,11:24:17.250,168.9200,98
41057250272686,11:24:17.250,168.9200,2
41060582333717,11:24:20.582,168.9200,100
41060583130419,11:24:20.583,168.9000,2
41060583246264,11:24:20.583,168.8900,8
41060583495996,11:24:20.583,168.8900,45
41060583502525,11:24:20.583,168.8900,47
41070791502208,11:24:30.791,168.8800,2
41110381871506,11:25:10.381,168.8800,1
41111567078311,11:25:11.567,168.8700,100
41111567143221,11:25:11.567,168.8700,100
41111567143221,11:25:11.567,168.8700,1
41111567193167,11:25:11.567,168.8700,100
41111567242089,11:25:11.567,168.8600,100
41137107473982,11:25:37.107,168.9200,100
41153329345279,11:25:53.329,168.9400,100
41160216238805,11:26:00.216,168.8900,100
41173165681765,11:26:13.165,168.9400,100
41173166091938,11:26:13.166,168.9400,10
41173166121665,11:26:13.166,168.9500,51
41173166654863,11:26:13.166,168.9400,10
41175855677902,11:26:15.855,168.9500,1
41175855879778,11:26:15.855,168.9600,10
41175856195808,11:26:15.856,168.9800,37
41175856228411,11:26:15.856,168.9800,63
41175856228411,11:26:15.856,168.9800,7
41175856247652,11:26:15.856,168.9600,10
41185219476245,11:26:25.219,169.0000,32
41185219476245,11:26:25.219,169.0000,3
41185219476245,11:26:25.219,169.0000,43
41185219494057,11:26:25.219,169.0200,100
41185219502078,11:26:25.219,169.0300,100
41185219506217,11:26:25.219,169.0400,10
41185219562708,11:26:25.219,169.0300,81
41215451724755,11:26:55.451,169.0700,100
41219302303021,11:26:59.302,169.0700,100
41219302303021,11:26:59.302,169.0700,100
41219864548892,11:26:59.864,169.0700,1
41221154107987,11:27:01.154,169.0300,100
41232210686894,11:27:12.210,169.0600,1
41245592437846,11:27:25.592,169.1000,61
41252770093028,11:27:32.770,169.0400,3
41252770093028,11:27:32.770,169.0400,100
41252770154771,11:27:32.770,169.0400,54
41252770196996,11:27:32.770,169.0400,46
41252770235690,11:27:32.770,169.0400,100
41252770235690,11:27:32.770,169.0400,3
41252770248338,11:27:32.770,169.0400,34
41252770352183,11:27:32.770,169.0400,10
41252770555691,11:27:32.770,169.0400,53
41252771248365,11:27:32.771,169.0300,4
41252771248365,11:27:32.771,169.0300,96
41252771292255,11:27:32.771,169.0300,4
41252771292255,11:27:32.771,169.0300,4
41252771320909,11:27:32.771,169.0300,96
41252897325571,11:27:32.897,169.0000,100
41252897369672,11:27:32.897,168.9900,37
41252897393872,11:27:32.897,168.9900,63
41255792542935,11:27:35.792,168.9400,100
41287223131232,11:28:07.223,168.8300,1
41287223263155,11:28:07.223,168.8000,1
41301079739717,11:28:21.079,168.7300,100
41324974544478,11:28:44.974,168.7800,1
41324989099776,11:28:44.989,168.8000,100
41324989129628,11:28:44.989,168.8000,100
41340215899058,11:29:00.215,168.8000,1
41340216415533,11:29:00.216,168.8000,10
41342248655606,11:29:02.248,168.7700,1
41342249128876,11:29:02.249,168.7600,100
41376246745079,11:29:36.246,168.8100,1
41382846850066,11:29:42.846,168.8100,1
41391646740936,11:29:51.646,168.8100,2
41416971881902,11:30:16.971,168.7000,1
41416971888825,11:30:16.971,168.6900,100
41416971888825,11:30:16.971,168.6900,43
41416971912289,11:30:16.971,168.6800,100
41416971912289,11:30:16.971,168.6800,19
41416971927701,11:30:16.971,168.6800,81
41416974601345,11:30:16.974,168.6100,100
41416974663812,11:30:16.974,168.6000,1
41416974663812,11:30:16.974,168.6000,73
41416974679347,11:30:16.974,168.6000,27
41416974679347,11:30:16.974,168.6000,74
41416974692134,11:30:16.974,168.6000,26
41436395550770,11:30:36.395,168.5100,10
41436395618183,11:30:36.395,168.5100,15
41436395618183,11:30:36.395,168.5000,4
41437166271147,11:30:37.166,168.5000,12
41437166326261,11:30:37.166,168.5000,100
41437166347591,11:30:37.166,168.5000,8
41437166364423,11:30:37.166,168.5000,376
41437166413885,11:30:37.166,168.4800,4
41437166418425,11:30:37.166,168.4800,100
41437166455174,11:30:37.166,168.4800,49
41437848232462,11:30:37.848,168.5400,91
41439576381741,11:30:39.576,168.5500,200
41439576381741,11:30:39.576,168.5500,100
41439576840556,11:30:39.576,168.5500,100
41439577031403,11:30:39.577,168.5600,1
41444653634256,11:30:44.653,168.5900,100
41444653666715,11:30:44.653,168.5900,94
41444653672386,11:30:44.653,168.5900,100
41444653711913,11:30:44.653,168.5900,59
41444653757925,11:30:44.653,168.5900,90
41444654108237,11:30:44.654,168.5900,100
41444654108237,11:30:44.654,168.5900,100
41460771980333,11:31:00.771,168.6800,100
41460771994910,11:31:00.771,168.6900,100
41460771994910,11:31:00.771,168.6900,69
41460772025754,11:31:00.772,168.6900,196
41460772056952,11:31:00.772,168.6900,35
41460772282805,11:31:00.772,168.7000,100
41498057272224,11:31:38.057,168.7900,100
41498057300790,11:31:38.057,168.8100,100
41498057305886,11:31:38.057,168.8300,70
41498057309994,11:31:38.057,168.8300,5
41498057324931,11:31:38.057,168.8300,25
41498057324931,11:31:38.057,168.8400,57
41498057326031,11:31:38.057,168.8400,25
41498057333285,11:31:38.057,168.8400,18
41533863794274,11:32:13.863,168.8600,1
41533911415528,11:32:13.911,168.7600,7
41533911415528,11:32:13.911,168.7600,85
41533911415528,11:32:13.911,168.7600,9
41533911417464,11:32:13.911,168.7600,91
41533911505135,11:32:13.911,168.7400,100
41533911505135,11:32:13.911,168.7400,100
41533911550566,11:32:13.911,168.7200,20
41533911835483,11:32:13.911,168.6800,100
41566065583347,11:32:46.065,168.7600,100
41605256864021,11:33:25.256,168.7900,100
41613874055609,11:33:33.874,168.7600,1
41625605706992,11:33:45.605,168.8100,1
41633858824776,11:33:53.858,168.8600,100
41633858824776,11:33:53.858,168.8600,19
41633858825768,11:33:53.858,168.8600,5
41633858858003,11:33:53.858,168.8600,76
41633858858003,11:33:53.858,168.8600,100
41633860883831,11:33:53.860,168.8700,1
41635832973857,11:33:55.832,168.8800,500
41640968636314,11:34:00.968,168.7800,100
41693858471301,11:34:53.858,168.7900,1
41750607841557,11:35:50.607,168.7600,96
41750607859466,11:35:50.607,168.7600,4
41750607897866,11:35:50.607,168.7300,100
41750607897866,11:35:50.607,168.7300,100
41782668665206,11:36:22.668,168.6600,100
41782668709355,11:36:22.668,168.6600,100
41786625481781,11:36:26.625,168.5900,71
41853858646385,11:37:33.858,168.6300,1
41933618359253,11:38:53.618,168.5500,100
41933618460360,11:38:53.618,168.5500,48
41933618537904,11:38:53.618,168.5500,52
41933619536532,11:38:53.619,168.5200,23
41933619536532,11:38:53.619,168.5200,20
41933651750296,11:38:53.651,168.4800,1
41972830092241,11:39:32.830,168.5300,105
41972830186271,11:39:32.830,168.5300,95
41972830187746,11:39:32.830,168.5900,5
41972830187746,11:39:32.830,168.5900,95
41972830201153,11:39:32.830,168.5900,5
41992005618650,11:39:52.005,168.5500,1
41992005618650,11:39:52.005,168.5500,99
41992005665909,11:39:52.005,168.5500,1
41992005815850,11:39:52.005,168.5500,5
42021752610769,11:40:21.752,168.6000,100
42021753006116,11:40:21.753,168.6000,100
42033019530975,11:40:33.019,168.5700,100
42033019916976,11:40:33.019,168.5700,100
42033019920696,11:40:33.019,168.5700,100
42033019939586,11:40:33.019,168.5700,96
42033019944047,11:40:33.019,168.5700,4
42033019944047,11:40:33.019,168.5600,39
42033019949190,11:40:33.019,168.5600,61
42047796551153,11:40:47.796,168.6300,2
42087930302041,11:41:27.930,168.6700,100
42087930385386,11:41:27.930,168.6700,100
42087930386671,11:41:27.930,168.6700,100
42087930521703,11:41:27.930,168.6700,99
42087930620078,11:41:27.930,168.6700,39
42087930649782,11:41:27.930,168.6700,83
42087930667852,11:41:27.930,168.6700,61
42107705188463,11:41:47.705,168.6800,100
42107818810431,11:41:47.818,168.7700,100
42107860255913,11:41:47.860,168.7900,1
42169722532564,11:42:49.722,168.8900,100
42169722583826,11:42:49.722,168.8900,100
42169882669867,11:42:49.882,168.8800,1
42169882727528,11:42:49.882,168.8800,100
42169882729317,11:42:49.882,168.8700,100
42169882745957,11:42:49.882,168.8700,100
42169886698135,11:42:49.886,168.8700,1
42253858894080,11:44:13.858,168.9100,1
42257114233574,11:44:17.114,168.9800,30
42270228572414,11:44:30.228,168.9900,31
42283136797961,11:44:43.136,168.9900,7
42284263463290,11:44:44.263,168.9900,5
42322176570008,11:45:22.176,169.0000,100
42322176619076,11:45:22.176,169.0100,5
42322177082070,11:45:22.177,169.0200,100
42322858495956,11:45:22.858,169.0400,74
42323461405273,11:45:23.461,169.0400,21
42330514048296,11:45:30.514,169.0400,5
42330514048296,11:45:30.514,169.0600,95
42330514101735,11:45:30.514,169.0600,5
42330514101735,11:45:30.514,169.0600,45
42330514107337,11:45:30.514,169.0600,12
42330521216986,11:45:30.521,169.0300,20
42330521295063,11:45:30.521,169.0100,20
42331858672951,11:45:31.858,169.0300,20
42336136464514,11:45:36.136,168.9400,100
42337788821105,11:45:37.788,168.9500,100
42337788821105,11:45:37.788,168.9500,100
42360899856179,11:46:00.899,168.9600,100
42413858779296,11:46:53.858,168.9600,1
42436958984575,11:47:16.958,168.9000,28
42436959000715,11:47:16.959,168.9000,3
42436959000715,11:47:16.959,168.9000,2
42436959028236,11:47:16.959,168.9000,3
42436959201574,11:47:16.959,168.9000,72
42436959227165,11:47:16.959,168.9000,28
42436959227165,11:47:16.959,168.9000,100
42436959426753,11:47:16.959,168.8900,1
42436959426753,11:47:16.959,168.8900,145
42436959426753,11:47:16.959,168.8900,54
42436959546892,11:47:16.959,168.8900,46
42436959546892,11:47:16.959,168.8900,10
42436960976826,11:47:16.960,168.9000,10
42460270676662,11:47:40.270,168.9800,5
42486946730931,11:48:06.946,169.0100,100
42486946795305,11:48:06.946,169.0100,100
42486947347863,11:48:06.947,169.0200,100
42486950756004,11:48:06.950,169.0200,200
42487041181546,11:48:07.041,169.0500,100
42493876150164,11:48:13.876,169.0700,1
42493876187361,11:48:13.876,169.0300,21
42493876389282,11:48:13.876,169.0300,10
42493877148460,11:48:13.877,169.0200,31
42494338613043,11:48:14.338,169.0200,100
42509610785829,11:48:29.610,169.0000,100
42538132805381,11:48:58.132,168.9700,100
42538132805381,11:48:58.132,168.9700,37
42538132814832,11:48:58.132,168.9700,63
42538132908798,11:48:58.132,168.9700,100
42541455891978,11:49:01.455,169.0000,100
42541455891978,11:49:01.455,169.0000,34
42541455970897,11:49:01.455,169.0000,84
42541455999384,11:49:01.455,169.0000,16
42595823805539,11:49:55.823,168.9500,70
42595823908979,11:49:55.823,168.9500,30
42595824070940,11:49:55.824,168.9300,5
42595824089896,11:49:55.824,168.9300,20
42595824100526,11:49:55.824,168.9300,75
42595824100526,11:49:55.824,168.9300,100
42613416954287,11:50:13.416,168.8800,100
42613417004449,11:50:13.417,168.8800,20
42613417016853,11:50:13.417,168.8800,80
42662142688792,11:51:02.142,168.9000,1
42664208488970,11:51:04.208,168.8400,50
42678879508912,11:51:18.879,168.8900,24
42678879580612,11:51:18.879,168.9000,24
42692059307759,11:51:32.059,168.8300,100
42692059307759,11:51:32.059,168.8300,45
42692059308561,11:51:32.059,168.8300,55
42729167432271,11:52:09.167,168.7800,1
42737241003003,11:52:17.241,168.8000,100
42737245418403,11:52:17.245,168.7500,100
42737245418403,11:52:17.245,168.7400,100
42737245522376,11:52:17.245,168.7900,10
42754483055638,11:52:34.483,168.7400,10
42813859269277,11:53:33.859,168.8100,100
42813859269277,11:53:33.859,168.8100,100
42813859569791,11:53:33.859,168.8200,43
42813865946288,11:53:33.865,168.8200,100
42813890065955,11:53:33.890,168.8200,10
42813906323644,11:53:33.906,168.8000,100
42814859135352,11:53:34.859,168.8200,1
42816164458006,11:53:36.164,168.8000,100
42818796138427,11:53:38.796,168.8000,100
42818796138427,11:53:38.796,168.8000,9
42875228416158,11:54:35.228,168.8150,100
42893858350171,11:54:53.858,168.8100,1
42903184321518,11:55:03.184,168.8600,20
42903184337535,11:55:03.184,168.8600,80
42945930626022,11:55:45.930,168.9300,4
42973858892671,11:56:13.858,168.9200,1
42981376058474,11:56:21.376,168.9800,100
42986299112196,11:56:26.299,168.9900,5
43000620786708,11:56:40.620,168.9800,1
43014907921938,11:56:54.907,169.0300,100
43014907959622,11:56:54.907,169.0400,2
43014907959622,11:56:54.907,169.0500,8
43053857780269,11:57:33.857,169.0400,1
43115457873163,11:58:35.457,168.9800,89
43115457879104,11:58:35.457,168.9800,11
43115457879104,11:58:35.457,168.9800,25
43115457879104,11:58:35.457,168.9800,64
43115457911988,11:58:35.457,168.9800,36
43115458135802,11:58:35.458,168.9700,28
43115458157206,11:58:35.458,168.9700,72
43115458157206,11:58:35.458,168.9600,35
43115458170271,11:58:35.458,168.9600,65
43115458233662,11:58:35.458,168.9800,53
43115458236281,11:58:35.458,168.9800,47
43115458298843,11:58:35.458,168.9800,100
43115458314254,11:58:35.458,168.9200,2
43115458390172,11:58:35.458,168.9800,100
43117719021377,11:58:37.719,169.0400,1
43118278212981,11:58:38.278,169.0400,10
43118278212981,11:58:38.278,169.0400,90
43119725855054,11:58:39.725,169.0700,100
43119726349385,11:58:39.726,169.0800,100
43119726577643,11:58:39.726,169.0800,34
43119726647870,11:58:39.726,169.0800,22
43119726711374,11:58:39.726,169.0800,15
43119726774040,11:58:39.726,169.0800,10
43119726837728,11:58:39.726,169.0800,7
43119726919740,11:58:39.726,169.0800,4
43119754575621,11:58:39.754,169.0800,10
43121731312155,11:58:41.731,169.1000,500
43121731360753,11:58:41.731,169.1100,100
43121731374516,11:58:41.731,169.1200,100
43133127738746,11:58:53.127,169.1300,100
43133127752794,11:58:53.127,169.1300,100
43133127850205,11:58:53.127,169.1900,100
43133127850205,11:58:53.127,169.1900,100
43141645665180,11:59:01.645,169.1400,12
43158059217149,11:59:18.059,169.1300,100
43158059301620,11:59:18.059,169.1300,12
43208469846655,12:00:08.469,169.2000,1
43208469929211,12:00:08.469,169.2000,4
43208470005590,12:00:08.470,169.2000,2
43208470067357,12:00:08.470,169.2000,1
43208470134209,12:00:08.470,169.2000,1
43214858562687,12:00:14.858,169.2100,1
43214858573601,12:00:14.858,169.2200,59
43214860395483,12:00:14.860,169.2200,100
43214860395483,12:00:14.860,169.2200,100
43214860489814,12:00:14.860,169.2300,4
43231739070857,12:00:31.739,169.1800,100
43231739292722,12:00:31.739,169.1500,100
43237438494649,12:00:37.438,169.1300,100
43243864948378,12:00:43.864,169.1000,100
43262042374551,12:01:02.042,169.1800,100
43262046420042,12:01:02.046,169.2100,1
43295372487686,12:01:35.372,169.1500,1
43295372518041,12:01:35.372,169.1500,1
43295373095903,12:01:35.373,169.1500,99
43339817614197,12:02:19.817,169.1900,100
43339817657917,12:02:19.817,169.1900,1
43339817677211,12:02:19.817,169.1900,1
43339817743737,12:02:19.817,169.1900,99
43339818050459,12:02:19.818,169.1900,100
43352874533754,12:02:32.874,169.1900,4
43356673031496,12:02:36.673,169.2000,100
43356819151805,12:02:36.819,169.2300,100
43382488157408,12:03:02.488,169.2200,1
43390652337053,12:03:10.652,169.2200,1
43406334984800,12:03:26.334,169.2250,100
43417516856715,12:03:37.516,169.1800,100
43417516856715,12:03:37.516,169.1800,100
43417516856715,12:03:37.516,169.1800,100
43417516907472,12:03:37.516,169.1700,24
43417517087420,12:03:37.517,169.1700,13
43417517118507,12:03:37.517,169.1700,63
43417517118507,12:03:37.517,169.1700,6
43417517145798,12:03:37.517,169.1700,25
43417517173928,12:03:37.517,169.1700,44
43417517207783,12:03:37.517,169.1700,25
43465472492749,12:04:25.472,169.2000,1
43467606949009,12:04:27.606,169.2000,172
43539055355953,12:05:39.055,169.1900,100
43539055384351,12:05:39.055,169.1900,7
43539055848424,12:05:39.055,169.1900,10
43539055900636,12:05:39.055,169.1900,7
43539055947572,12:05:39.055,169.1900,10
43539055954954,12:05:39.055,169.1900,7
43539055971876,12:05:39.055,169.1900,7
43539056005412,12:05:39.056,169.1900,7
43539056021376,12:05:39.056,169.1900,7
43539056069272,12:05:39.056,169.1900,7
43539056115317,12:05:39.056,169.1900,7
43539056116507,12:05:39.056,169.1900,7
43539056162729,12:05:39.056,169.1900,7
43539056208691,12:05:39.056,169.1900,7
43539058642948,12:05:39.058,169.1900,6
43539058946936,12:05:39.058,169.1900,23
43539857920189,12:05:39.857,169.2400,1
43539858338900,12:05:39.858,169.2400,100
43540199915309,12:05:40.199,169.2300,1
43540200462080,12:05:40.200,169.2300,25
43540481549588,12:05:40.481,169.2400,100
43540481549588,12:05:40.481,169.2400,100
43540481652140,12:05:40.481,169.2300,25
43549763886942,12:05:49.763,169.2500,3
43549766132983,12:05:49.766,169.2500,100
43568661920030,12:06:08.661,169.2400,1
43594369370534,12:06:34.369,169.2400,100
43599954091529,12:06:39.954,169.2100,2
43607391458153,12:06:47.391,169.1900,2
43614652668505,12:06:54.652,169.2000,1
43678371349724,12:07:58.371,169.2400,6
43678371397732,12:07:58.371,169.2400,6
43683434052857,12:08:03.434,169.2400,192
43704181998819,12:08:24.181,169.2000,1
43742976734276,12:09:02.976,169.2400,100
43742976734276,12:09:02.976,169.2500,32
43742976744618,12:09:02.976,169.2500,68
43742976744618,12:09:02.976,169.2500,100
43742976744618,12:09:02.976,169.2500,1
43742976758536,12:09:02.976,169.2500,99
43742976758536,12:09:02.976,169.2500,1
43742976765536,12:09:02.976,169.2600,6
43742976765536,12:09:02.976,169.2600,100
43742977835894,12:09:02.977,169.2700,16
43742978345730,12:09:02.978,169.2700,18
43742978380230,12:09:02.978,169.2700,66
43742987429012,12:09:02.987,169.3100,100
43743832101330,12:09:03.832,169.4300,100
43744151738442,12:09:04.151,169.4600,1
43753800007924,12:09:13.800,169.3850,100
43755262595781,12:09:15.262,169.4200,200
43755263016587,12:09:15.263,169.4300,100
43755263573591,12:09:15.263,169.4700,1
43755263573591,12:09:15.263,169.4800,1
43756293520739,12:09:16.293,169.4900,1
43756293520739,12:09:16.293,169.4900,99
43770354357679,12:09:30.354,169.5000,1
43770354357679,12:09:30.354,169.5100,1
43770354357679,12:09:30.354,169.5100,100
43773858821797,12:09:33.858,169.5200,100
43773858821797,12:09:33.858,169.5200,63
43774898345585,12:09:34.898,169.4800,1
43780203745663,12:09:40.203,169.4800,1
43788377652547,12:09:48.377,169.4750,100
43853859358931,12:10:53.859,169.4800,1
43858155008220,12:10:58.155,169.4850,100
43858155008220,12:10:58.155,169.4500,25
43858155036570,12:10:58.155,169.4500,100
43860178942075,12:11:00.178,169.5100,33
43860179009700,12:11:00.179,169.5100,34
43860262442985,12:11:00.262,169.5200,100
43860262482347,12:11:00.262,169.5300,100
43860434801923,12:11:00.434,169.5500,100
43861852395304,12:11:01.852,169.5500,100
43861852425003,12:11:01.852,169.5500,1
43867670000223,12:11:07.670,169.5100,100
43879173732003,12:11:19.173,169.4500,10
43879256571200,12:11:19.256,169.4100,100
43882810530683,12:11:22.810,169.4100,100
43888477319925,12:11:28.477,169.4100,100
43890239224238,12:11:30.239,169.4900,100
43890239772823,12:11:30.239,169.4900,19
43890240089467,12:11:30.240,169.4900,50
43933859225893,12:12:13.859,169.5400,1
43952870302644,12:12:32.870,169.4800,100
43960647909211,12:12:40.647,169.4700,100
43960647952555,12:12:40.647,169.4700,72
43960647978804,12:12:40.647,169.4700,9
43960648104373,12:12:40.648,169.4600,100
43960648155229,12:12:40.648,169.4500,100
43960648513296,12:12:40.648,169.4400,100
43961994813232,12:12:41.994,169.4500,1
43961994813232,12:12:41.994,169.4500,4
43969426267648,12:12:49.426,169.3900,73
43969426329772,12:12:49.426,169.3900,5
43969426376886,12:12:49.426,169.3900,2
43969426401121,12:12:49.426,169.3900,20
44017959074965,12:13:37.959,169.4600,1
44018977284780,12:13:38.977,169.4200,9
44018977486484,12:13:38.977,169.4200,91
44066230120910,12:14:26.230,169.4700,100
44071251074878,12:14:31.251,169.5300,100
44093868292019,12:14:53.868,169.5200,100
44093868319672,12:14:53.868,169.5200,1
44093868319672,12:14:53.868,169.5200,1
44094868567750,12:14:54.868,169.5600,1
44118794429452,12:15:18.794,169.5500,100
44118794442872,12:15:18.794,169.5300,100
44155328160812,12:15:55.328,169.5400,100
44155328160812,12:15:55.328,169.4800,1
44155328160812,12:15:55.328,169.4800,6
44155328185768,12:15:55.328,169.4800,44
44155328185768,12:15:55.328,169.4800,66
44155328194506,12:15:55.328,169.4800,3
44155328201666,12:15:55.328,169.4800,31
44155328201666,12:15:55.328,169.4800,100
44155328201666,12:15:55.328,169.4800,5
44155328201666,12:15:55.328,169.4800,8
44155328763298,12:15:55.328,169.4800,30
44155340421786,12:15:55.340,169.4800,70
44155340421786,12:15:55.340,169.4800,30
44173611815978,12:16:13.611,169.4800,100
44173611815978,12:16:13.611,169.4800,1
44280134707339,12:18:00.134,169.5100,100
44280167619937,12:18:00.167,169.5200,100
44280202273616,12:18:00.202,169.5200,100
44282861871237,12:18:02.861,169.5600,1
44327902144589,12:18:47.902,169.5400,100
44333859209059,12:18:53.859,169.5200,1
44349158494669,12:19:09.158,169.5600,100
44349158657638,12:19:09.158,169.5600,100
44349158657638,12:19:09.158,169.5600,1
44366915397535,12:19:26.915,169.5800,100
44366915924987,12:19:26.915,169.5800,100
44367890334663,12:19:27.890,169.6200,100
44373287030292,12:19:33.287,169.6400,1
44376213665472,12:19:36.213,169.6650,100
44379413208318,12:19:39.413,169.7400,100
44379413894986,12:19:39.413,169.7900,100
44381665637351,12:19:41.665,169.8100,100
44381665637351,12:19:41.665,169.8100,100
44381665637351,12:19:41.665,169.8100,100
44381665667342,12:19:41.665,169.8100,100
44381665667342,12:19:41.665,169.8100,100
44381665763310,12:19:41.665,169.8200,20
44382213704537,12:19:42.213,169.8300,1
44384330869331,12:19:44.330,169.7900,100
44406222316125,12:20:06.222,169.7900,1
44406222316125,12:20:06.222,169.7900,99
44406222409945,12:20:06.222,169.7900,1
44410592454668,12:20:10.592,169.8600,100
44410592454668,12:20:10.592,169.8600,100
44410937626600,12:20:10.937,169.9200,100
44433553903265,12:20:33.553,169.9300,69
44433553960956,12:20:33.553,169.9300,31
44433553960956,12:20:33.553,169.9300,100
44491420142341,12:21:31.420,169.9600,3
44493858460894,12:21:33.858,169.9500,1
44494394702467,12:21:34.394,169.9200,1
44498702011592,12:21:38.702,169.8800,100
44498702544780,12:21:38.702,169.8700,100
44499000115053,12:21:39.000,169.8600,100
44499000467372,12:21:39.000,169.8500,45
44499000494466,12:21:39.000,169.8500,55
44499000494466,12:21:39.000,169.8500,55
44499000529225,12:21:39.000,169.8500,45
44516941299120,12:21:56.941,169.8500,100
44521053345148,12:22:01.053,169.9000,24
44528018038858,12:22:08.018,169.9700,1000
44528018038858,12:22:08.018,169.9700,100
44528018038858,12:22:08.018,169.9700,1
44528018564173,12:22:08.018,169.9800,200
44529167298164,12:22:09.167,169.9800,100
44529167324062,12:22:09.167,169.9800,100
44529167509080,12:22:09.167,170.0000,73
44529167509080,12:22:09.167,170.0000,4
44529179005951,12:22:09.179,170.0000,123
44529179005951,12:22:09.179,170.0000,222
44529179005951,12:22:09.179,170.0000,30
44529179005951,12:22:09.179,170.0000,109
44529179005951,12:22:09.179,170.0000,2
44529179005951,12:22:09.179,170.0000,1
44529179005951,12:22:09.179,170.0000,100
44529179005951,12:22:09.179,170.0000,100
44529179005951,12:22:09.179,170.0000,6
44529179005951,12:22:09.179,170.0000,100
44529179530142,12:22:09.179,170.0300,1
44529180589901,12:22:09.180,170.0600,100
44529259892342,12:22:09.259,170.0900,8
44541048126080,12:22:21.048,170.1100,17
44541048313240,12:22:21.048,170.1100,83
44541048313240,12:22:21.048,170.1600,17
44546168759714,12:22:26.168,170.1600,83
44546390359447,12:22:26.390,170.2200,22
44556442068703,12:22:36.442,170.2500,4
44564324936868,12:22:44.324,170.1800,1
44564324936868,12:22:44.324,170.1800,100
44564326178871,12:22:44.326,170.1700,5
44564326209910,12:22:44.326,170.1700,95
44564326209910,12:22:44.326,170.1700,46
44564326231735,12:22:44.326,170.1700,54
44621414269750,12:23:41.414,170.0800,4
44638786098161,12:23:58.786,170.0200,1
44638786200459,12:23:58.786,170.0100,100
44638786265210,12:23:58.786,170.0100,100
44638786561897,12:23:58.786,170.0100,1
44638786561897,12:23:58.786,170.0100,100
44638788811130,12:23:58.788,170.0000,5
44638788811130,12:23:58.788,170.0000,95
44638788854437,12:23:58.788,170.0000,5
44638788854437,12:23:58.788,170.0000,1
44638792200927,12:23:58.792,170.0100,100
44678394192152,12:24:38.394,170.0700,100
44678394695049,12:24:38.394,170.0700,10
44683594242262,12:24:43.594,170.1100,100
44685413995665,12:24:45.413,170.0800,3
44689068105351,12:24:49.068,170.0500,100
44689075326656,12:24:49.075,170.0400,99
44689075578717,12:24:49.075,170.0400,1
44695802913119,12:24:55.802,170.0700,63
44695802913119,12:24:55.802,170.0700,1
44695804517427,12:24:55.804,170.0800,97
44722767814885,12:25:22.767,170.1500,46
44722767814885,12:25:22.767,170.1500,1
44722767814885,12:25:22.767,170.1500,53
44722768155083,12:25:22.768,170.1600,100
44733857660279,12:25:33.857,170.1200,1
44752086270315,12:25:52.086,170.1500,4
44761335470957,12:26:01.335,170.2100,100
44775242969495,12:26:15.242,170.2000,2
44779744309934,12:26:19.744,170.2000,100
44781479411654,12:26:21.479,170.2500,2
44800487071973,12:26:40.487,170.2700,4
44800487348552,12:26:40.487,170.2700,36
44805598955973,12:26:45.598,170.2300,100
44805599606293,12:26:45.599,170.1700,24
44805599606293,12:26:45.599,170.1700,20
44831489882327,12:27:11.489,170.2800,30
44831508937111,12:27:11.508,170.2900,100
44831508937111,12:27:11.508,170.2900,100
44850128175631,12:27:30.128,170.2900,300
44850128175631,12:27:30.128,170.2800,100
44850128208052,12:27:30.128,170.2800,100
44850128208052,12:27:30.128,170.2800,100
44850128208052,12:27:30.128,170.2800,100
44850128265295,12:27:30.128,170.2800,100
44850259878715,12:27:30.259,170.2500,61
44850259913384,12:27:30.259,170.2500,39
44853668048444,12:27:33.668,170.1800,100
44853668065099,12:27:33.668,170.1600,5
44853668105106,12:27:33.668,170.1600,95
44853668105106,12:27:33.668,170.1600,2
44853668135309,12:27:33.668,170.1600,98
44853668156523,12:27:33.668,170.1600,98
44853668167314,12:27:33.668,170.1600,2
44853816505096,12:27:33.816,170.1500,100
44855165011864,12:27:35.165,170.1300,100
44855165011864,12:27:35.165,170.1300,100
44855165011864,12:27:35.165,170.1300,100
44870489863400,12:27:50.489,170.0700,1
44870490959766,12:27:50.490,170.0600,1
44870491270239,12:27:50.491,170.0500,1
44870491270239,12:27:50.491,170.0500,1
44870491270239,12:27:50.491,170.0500,1
44870491270239,12:27:50.491,170.0500,2
44871040971159,12:27:51.040,170.0400,2
44871040971159,12:27:51.040,170.0400,98
44871041035636,12:27:51.041,170.0400,2
44871233818065,12:27:51.233,170.0300,1
44873755928577,12:27:53.755,170.0000,100
44873756043990,12:27:53.756,169.9900,1
44874256438948,12:27:54.256,169.9800,100
44901673206538,12:28:21.673,170.0500,2
44942092044120,12:29:02.092,170.0500,3
44947363141459,12:29:07.363,170.0100,100
44947363861712,12:29:07.363,170.0100,100
44947581716271,12:29:07.581,170.0000,86
44947581716271,12:29:07.581,170.0000,100
44947581716271,12:29:07.581,170.0000,99
44947581718077,12:29:07.581,170.0000,100
44947582838811,12:29:07.582,169.9800,100
44947610291379,12:29:07.610,169.9600,1
44947611418309,12:29:07.611,169.9500,1
44948762445033,12:29:08.762,169.9400,1
44956607703029,12:29:16.607,169.9300,1
44956608683557,12:29:16.608,169.9500,10
44956608769330,12:29:16.608,169.9300,10
44956608886961,12:29:16.608,169.9200,2
44957164441457,12:29:17.164,169.9100,1
44958357929589,12:29:18.357,169.8900,2
44958357929589,12:29:18.357,169.8700,1
44958357929589,12:29:18.357,169.8600,1
44958357929589,12:29:18.357,169.8500,1
44958357929589,12:29:18.357,169.8400,1
44958357929589,12:29:18.357,169.8300,94
44963064780879,12:29:23.064,169.9500,10
44963064780879,12:29:23.064,169.9500,100
45003951374221,12:30:03.951,169.8900,100
45006040200919,12:30:06.040,169.9400,3
45012075815546,12:30:12.075,169.9800,100
45014405305519,12:30:14.405,170.0000,100
45014405305519,12:30:14.405,170.0000,2
45014405337070,12:30:14.405,170.0100,5
45014405337070,12:30:14.405,170.0100,100
45016083673325,12:30:16.083,170.0000,1
45026618219340,12:30:26.618,169.9500,1
45026618219340,12:30:26.618,169.9500,29
45032075032453,12:30:32.075,169.9500,71
45046972511312,12:30:46.972,169.8900,40
45046972573520,12:30:46.972,169.8900,2
45046972673622,12:30:46.972,169.8900,58
45047899911863,12:30:47.899,169.8400,100
45047899911863,12:30:47.899,169.8400,100
45051221759206,12:30:51.221,169.8900,100
45054159453445,12:30:54.159,169.8300,1
45054159453445,12:30:54.159,169.8300,99
45054159535140,12:30:54.159,169.8700,10
45054692671675,12:30:54.692,169.9100,100
45054692978044,12:30:54.692,169.9100,90
45054693061400,12:30:54.693,169.9100,10
45054693251556,12:30:54.693,169.9100,15
45054693271536,12:30:54.693,169.9100,15
45054693426221,12:30:54.693,169.9100,85
45054693426221,12:30:54.693,169.9100,10
45054693426221,12:30:54.693,169.9200,5
45054693840106,12:30:54.693,169.9200,154
45054694936005,12:30:54.694,169.9200,100
45058848939669,12:30:58.848,169.8400,100
45072560237425,12:31:12.560,169.8300,100
45088184551203,12:31:28.184,169.8300,33
45126565693641,12:32:06.565,169.8800,100
45129748807184,12:32:09.748,169.8200,1
45129748807184,12:32:09.748,169.8200,99
45129748881828,12:32:09.748,169.8200,1
45129749418394,12:32:09.749,169.8000,1
45129749510424,12:32:09.749,169.7900,1
45129762356396,12:32:09.762,169.7800,1
45133871794292,12:32:13.871,169.7800,1
45133871794292,12:32:13.871,169.7600,1
45133871794292,12:32:13.871,169.7500,1
45133871794292,12:32:13.871,169.7400,1
45133871794292,12:32:13.871,169.7300,96
45144767925812,12:32:24.767,169.7200,100
45144768014052,12:32:24.768,169.7100,1
45150113288219,12:32:30.113,169.7000,1
45150113420353,12:32:30.113,169.6900,1
45150143719168,12:32:30.143,169.6800,2
45150337143225,12:32:30.337,169.6700,1
45167843950573,12:32:47.843,169.6950,100
45168132001263,12:32:48.132,169.7500,100
45168132001263,12:32:48.132,169.7500,100
45168132001263,12:32:48.132,169.7500,1
45168132061147,12:32:48.132,169.7600,97
45168132068886,12:32:48.132,169.7600,3
45168132091233,12:32:48.132,169.7600,3
45168132098792,12:32:48.132,169.7600,3
45168132270905,12:32:48.132,169.7600,94
45197081328220,12:33:17.081,169.7600,2
45198020305289,12:33:18.020,169.7600,4
45198020399223,12:33:18.020,169.7600,100
45200588615139,12:33:20.588,169.8300,60
45200588644857,12:33:20.588,169.8300,100
45200589081464,12:33:20.589,169.8700,5
45214862102700,12:33:34.862,169.8600,1
45215715636373,12:33:35.715,169.8200,100
45215715636373,12:33:35.715,169.8100,86
45215717053995,12:33:35.717,169.8100,5
45215719616877,12:33:35.719,169.8000,3
45215722505744,12:33:35.722,169.8000,3
45215724715005,12:33:35.724,169.8000,3
45215725056692,12:33:35.725,169.8000,91
45215725056692,12:33:35.725,169.8000,9
45215725628492,12:33:35.725,169.8000,79
45215726434741,12:33:35.726,169.8000,12
45215726434741,12:33:35.726,169.8000,38
45215726612158,12:33:35.726,169.8000,62
45215746747035,12:33:35.746,169.7700,100
45215753024294,12:33:35.753,169.7900,100
45215753058078,12:33:35.753,169.8000,100
45250199281896,12:34:10.199,169.8800,100
45258081450008,12:34:18.081,169.8300,2
45258081451331,12:34:18.081,169.8300,2
45262144092599,12:34:22.144,169.8300,3
45300979298238,12:35:00.979,169.8300,1
45318135516833,12:35:18.135,169.8300,3
45318138021569,12:35:18.138,169.7800,2
45318138534165,12:35:18.138,169.7800,100
45318140227222,12:35:18.140,169.7700,25
45318140301929,12:35:18.140,169.7700,13
45318140521654,12:35:18.140,169.7700,6
45318140584076,12:35:18.140,169.7700,56
45321530132192,12:35:21.530,169.7600,9
45323273514877,12:35:23.273,169.7200,100
45327466708345,12:35:27.466,169.7800,200
45327466708345,12:35:27.466,169.7800,1
45327466708345,12:35:27.466,169.7800,17
45327466769077,12:35:27.466,169.7800,83
45327466890169,12:35:27.466,169.7800,100
45327467467259,12:35:27.467,169.8000,7
45367678407105,12:36:07.678,169.7700,9
45370304452651,12:36:10.304,169.7700,100
45370304452651,12:36:10.304,169.7700,10
45370304539327,12:36:10.304,169.7700,10
45373867298636,12:36:13.867,169.7400,1
45377514206972,12:36:17.514,169.7700,100
45380083955874,12:36:20.083,169.7600,2
45426498136951,12:37:06.498,169.7650,98
45441951140993,12:37:21.951,169.8300,74
45441951170222,12:37:21.951,169.8300,26
45441951170222,12:37:21.951,169.8300,2
45443082227603,12:37:23.082,169.8300,2
45455310894536,12:37:35.310,169.8700,19
45512952277952,12:38:32.952,169.8500,2
45517608847592,12:38:37.608,169.8800,100
45518464123571,12:38:38.464,169.8700,1
45523474371326,12:38:43.474,169.8800,110
45540580819665,12:39:00.580,169.8400,1
45544204049002,12:39:04.204,169.8400,1
45563083024515,12:39:23.083,169.8500,2
45569157715226,12:39:29.157,169.8700,100
45569158069153,12:39:29.158,169.8700,6
45569158372324,12:39:29.158,169.8700,94
45569159517745,12:39:29.159,169.8900,6
45569159517745,12:39:29.159,169.8900,98
45569161870684,12:39:29.161,169.8900,50
45576450117105,12:39:36.450,169.9200,64
45598419434087,12:39:58.419,169.9200,100
45606684752309,12:40:06.684,169.8750,100
45606684752309,12:40:06.684,169.8700,100
45606684752309,12:40:06.684,169.8500,100
45606684803052,12:40:06.684,169.8500,50
45606684999082,12:40:06.684,169.8400,10
45606684999082,12:40:06.684,169.8300,100
45606684999082,12:40:06.684,169.8300,100
45606684999082,12:40:06.684,169.8300,100
45606684999082,12:40:06.684,169.8300,100
45606684999082,12:40:06.684,169.8300,90
45606685028097,12:40:06.685,169.8600,10
45606685101723,12:40:06.685,169.8500,10
45606685165736,12:40:06.685,169.8300,10
45606685165736,12:40:06.685,169.8300,16
45644347390845,12:40:44.347,169.8500,23
45674966155575,12:41:14.966,169.9000,2
45674966155575,12:41:14.966,169.9000,98
45679547045001,12:41:19.547,169.8750,2
45679547045001,12:41:19.547,169.9000,98
45679547093935,12:41:19.547,169.9000,2
45685094075894,12:41:25.094,169.9000,98
45685094075894,12:41:25.094,169.9000,2
45693025519244,12:41:33.025,169.9000,100
45695860149527,12:41:35.860,169.9200,1
45703040823613,12:41:43.040,169.9500,100
45713669300439,12:41:53.669,169.9100,100
45721096047789,12:42:01.096,169.9800,8
45721096047789,12:42:01.096,169.9800,92
45721096102633,12:42:01.096,169.9800,1
45721096800319,12:42:01.096,169.9800,7
45723444899348,12:42:03.444,170.0200,100
45724486686550,12:42:04.486,170.0300,59
45725674546861,12:42:05.674,170.0200,100
45727652104982,12:42:07.652,170.0000,100
45742437008301,12:42:22.437,170.0050,43
45743204410754,12:42:23.204,170.0200,1
45747081471039,12:42:27.081,170.0200,2
45758438227208,12:42:38.438,169.9800,74
45758438256439,12:42:38.438,169.9800,26
45758446600211,12:42:38.446,169.9700,100
45758446600211,12:42:38.446,169.9700,1
45758446648409,12:42:38.446,169.9700,50
45758446687691,12:42:38.446,169.9700,49
45758446687691,12:42:38.446,169.9700,51
45758446732661,12:42:38.446,169.9700,49
45758446732661,12:42:38.446,169.9700,52
45758446733411,12:42:38.446,169.9700,6
45758454358534,12:42:38.454,169.9700,42
45758815794182,12:42:38.815,169.9300,12
45789807460184,12:43:09.807,169.9400,100
45789807491407,12:43:09.807,169.9400,100
45807085437775,12:43:27.085,169.9600,100
45817800173502,12:43:37.800,170.0100,1
45818248150836,12:43:38.248,169.9800,2
45832238043940,12:43:52.238,170.0200,96
45841582363736,12:44:01.582,169.9600,100
45841582889988,12:44:01.582,169.9400,100
45841583439795,12:44:01.583,169.9400,10
45841586114889,12:44:01.586,169.9500,10
45841586207078,12:44:01.586,169.9600,100
45843976197442,12:44:03.976,169.9400,10
45868314866234,12:44:28.314,170.0000,28
45875007138189,12:44:35.007,169.9300,45
45875007283168,12:44:35.007,169.9700,100
45875007651932,12:44:35.007,169.9400,100
45875007651932,12:44:35.007,169.9300,55
45875007651932,12:44:35.007,169.9300,100
45875007765838,12:44:35.007,169.9300,100
45890314203164,12:44:50.314,169.9800,21
45890314203164,12:44:50.314,169.9800,100
45890314236348,12:44:50.314,169.9900,100
45909169439480,12:45:09.169,170.0400,2
45909169439480,12:45:09.169,170.0400,100
45909170147530,12:45:09.170,170.0500,100
45909171682039,12:45:09.171,170.0500,119
45909203417068,12:45:09.203,170.0700,100
45911880432132,12:45:11.880,170.0800,100
45911880432132,12:45:11.880,170.1000,100
45911880432132,12:45:11.880,170.1000,21
45911880477963,12:45:11.880,170.1000,100
45911880516447,12:45:11.880,170.1000,100
45911880583477,12:45:11.880,170.1000,74
45915446707062,12:45:15.446,170.1000,26
45915446707062,12:45:15.446,170.1000,74
45919109174118,12:45:19.109,170.0200,100
45929780054432,12:45:29.780,170.0500,2
45932441026471,12:45:32.441,170.0200,100
45932441026471,12:45:32.441,170.0100,100
45932677675054,12:45:32.677,170.0400,100
45933861825717,12:45:33.861,170.0100,100
45933862586517,12:45:33.862,170.0200,1
45988019677546,12:46:28.019,169.9800,2
46000444086807,12:46:40.444,169.9300,100
46000444432872,12:46:40.444,169.9300,100
46000444432872,12:46:40.444,169.9300,100
46001613857706,12:46:41.613,169.9200,5
46011382496479,12:46:51.382,169.9000,100
46011388229220,12:46:51.388,169.8900,89
46015728503221,12:46:55.728,169.9000,95
46023869800198,12:47:03.869,169.9300,100
46023869800198,12:47:03.869,169.9300,100
46023869800198,12:47:03.869,169.9300,100
46023869832268,12:47:03.869,169.9400,100
46023869832268,12:47:03.869,169.9400,3
46023870127764,12:47:03.870,169.9400,100
46023888996117,12:47:03.888,169.9400,10
46023959103233,12:47:03.959,169.9100,100
46028758002457,12:47:08.758,169.9100,100
46028758057846,12:47:08.758,169.9100,100
46044247146796,12:47:24.247,169.9600,100
46050759794666,12:47:30.759,169.9900,2
46087267592563,12:48:07.267,169.9450,100
46088255573798,12:48:08.255,169.9600,100
46088256748452,12:48:08.256,169.9700,300
46089058088643,12:48:09.058,169.9500,100
46093859126398,12:48:13.859,169.9500,1
46101220655720,12:48:21.220,169.9300,100
46102517994614,12:48:22.517,169.9300,100
46103128026702,12:48:23.128,169.9400,99
46103128026702,12:48:23.128,169.9600,1
46103450709096,12:48:23.450,169.9200,1
46103450709096,12:48:23.450,169.9200,99
46103450777974,12:48:23.450,169.9200,1
46103450777974,12:48:23.450,169.9200,100
46103823917589,12:48:23.823,169.9500,100
46104447313834,12:48:24.447,169.9600,99
46104447313834,12:48:24.447,169.9600,20
46121284226645,12:48:41.284,170.0500,2
46121284226645,12:48:41.284,170.0500,17
46121287919613,12:48:41.287,170.0800,81
46130412984343,12:48:50.412,170.0800,19
46130413121747,12:48:50.413,170.0800,19
46130413328792,12:48:50.413,170.0800,19
46130413368869,12:48:50.413,170.0800,62
46130413368869,12:48:50.413,170.0800,100
46130413368869,12:48:50.413,170.0900,38
46135942777470,12:48:55.942,170.0800,100
46135943272237,12:48:55.943,170.0900,62
46135943272237,12:48:55.943,170.0900,100
46141435707963,12:49:01.435,170.0900,100
46142239212613,12:49:02.239,170.0900,79
46142239212613,12:49:02.239,170.1000,21
46150776896987,12:49:10.776,170.0900,100
46158628100536,12:49:18.628,170.0900,100
46158628129362,12:49:18.628,170.0900,65
46159431270637,12:49:19.431,170.1000,5
46159431270637,12:49:19.431,170.1000,95
46159431478546,12:49:19.431,170.1000,5
46159431478546,12:49:19.431,170.1000,95
46159431520026,12:49:19.431,170.1000,5
46159432022867,12:49:19.432,170.1000,100
46159432063778,12:49:19.432,170.1000,100
46182580610848,12:49:42.580,170.1000,100
46182580714132,12:49:42.580,170.1000,100
46182613173886,12:49:42.613,170.1000,100
46182613249377,12:49:42.613,170.1000,3
46182620261670,12:49:42.620,170.1000,5
46183114721566,12:49:43.114,170.1000,92
46183114721566,12:49:43.114,170.1000,8
46183114753083,12:49:43.114,170.1000,51
46183114788208,12:49:43.114,170.1000,41
46183117954123,12:49:43.117,170.1000,100
46183162722628,12:49:43.162,170.1000,90
46184038908901,12:49:44.038,170.0900,1
46184038908901,12:49:44.038,170.0900,2
46184039509258,12:49:44.039,170.0800,100
46184039509258,12:49:44.039,170.0800,100
46185120132610,12:49:45.120,170.0800,100
46191781133494,12:49:51.781,170.1000,10
46191781133494,12:49:51.781,170.1000,90
46195873342903,12:49:55.873,170.1000,10
46195873342903,12:49:55.873,170.1000,90
46198207893694,12:49:58.207,170.1000,10
46198207893694,12:49:58.207,170.1000,90
46199327063269,12:49:59.327,170.0400,100
46199328589320,12:49:59.328,170.0700,10
46199728777661,12:49:59.728,170.0400,10
46199728777661,12:49:59.728,170.0400,90
46199728801256,12:49:59.728,170.0400,10
46199728801256,12:49:59.728,170.0400,90
46199728830006,12:49:59.728,170.0400,10
46199729457013,12:49:59.729,170.0300,100
46199729795250,12:49:59.729,170.0200,100
46199729795250,12:49:59.729,170.0200,100
46228007045845,12:50:28.007,170.0300,2
46228007356104,12:50:28.007,170.0300,100
46253859951363,12:50:53.859,170.0500,1
46253859951363,12:50:53.859,170.0500,99
46279149357071,12:51:19.149,170.0700,3
46294721526795,12:51:34.721,170.0500,2
46306451801591,12:51:46.451,170.0800,100
46306455956183,12:51:46.455,170.1000,10
46306455956183,12:51:46.455,170.1000,80
46309289357252,12:51:49.289,170.1000,20
46309289357252,12:51:49.289,170.1000,40
46309313100165,12:51:49.313,170.1000,60
46309313100165,12:51:49.313,170.1000,45
46328204914948,12:52:08.204,170.0800,5
46328924599011,12:52:08.924,170.0700,1
46328925348055,12:52:08.925,170.0750,100
46328925493133,12:52:08.925,170.0500,17
46328925494569,12:52:08.925,170.0500,46
46328925496142,12:52:08.925,170.0500,35
46328925500479,12:52:08.925,170.0500,2
46328925500479,12:52:08.925,170.0500,98
46328925520398,12:52:08.925,170.0500,2
46328928231290,12:52:08.928,170.0200,9
46328929861354,12:52:08.929,170.0200,9
46328931480616,12:52:08.931,170.0200,9
46328933097391,12:52:08.933,170.0200,9
46328935767125,12:52:08.935,170.0200,7
46328937384493,12:52:08.937,170.0200,7
46328938999158,12:52:08.938,170.0200,7
46328940631751,12:52:08.940,170.0200,7
46328960648062,12:52:08.960,170.0200,36
46328960648062,12:52:08.960,170.0200,64
46328960695810,12:52:08.960,170.0200,6
46328960718204,12:52:08.960,170.0200,30
46329262923922,12:52:09.262,170.0200,100
46331000880287,12:52:11.000,170.0200,100
46331000880287,12:52:11.000,170.0300,3
46375853273628,12:52:55.853,169.9900,100
46408023090205,12:53:28.023,170.0100,2
46413859304864,12:53:33.859,170.0100,1
46432356764935,12:53:52.356,170.0100,97
46432821113971,12:53:52.821,170.0500,3
46432821143792,12:53:52.821,170.0700,100
46463633730906,12:54:23.633,170.0600,5
46468010642672,12:54:28.010,170.0300,2
46468010650135,12:54:28.010,170.0350,100
46471032973804,12:54:31.032,169.9900,100
46500737603414,12:55:00.737,170.0300,100
46500739714670,12:55:00.739,170.0400,2
46500739714670,12:55:00.739,170.0400,98
46500739757144,12:55:00.739,170.0400,2
46500858601917,12:55:00.858,170.0400,1
46500858703313,12:55:00.858,170.0600,10
46500858935621,12:55:00.858,170.0400,10
46521879512684,12:55:21.879,170.0000,4
46521879979546,12:55:21.879,170.0000,74
46521880025817,12:55:21.880,170.0000,22
46521880025817,12:55:21.880,170.0000,78
46521880397354,12:55:21.880,170.0000,22
46528200237470,12:55:28.200,169.9400,100
46537370433804,12:55:37.370,169.9000,5
46560740165062,12:56:00.740,169.9100,33
46569252892498,12:56:09.252,169.9400,100
46569253613781,12:56:09.253,169.9500,100
46574858900359,12:56:14.858,169.9500,1
46583999005495,12:56:23.999,169.9350,99
46584738658808,12:56:24.738,169.9400,74
46584738687668,12:56:24.738,169.9400,26
46584738785658,12:56:24.738,169.9400,100
46584795707236,12:56:24.795,169.9400,100
46585034980295,12:56:25.034,169.9400,100
46585034980295,12:56:25.034,169.9400,100
46585328079753,12:56:25.328,169.9300,2
46585924995061,12:56:25.924,169.9400,2
46586557811217,12:56:26.557,169.9400,100
46602434711053,12:56:42.434,169.9500,100
46602434799498,12:56:42.434,169.9500,11
46602434806675,12:56:42.434,169.9500,89
46602434806675,12:56:42.434,169.9500,7
46602434838219,12:56:42.434,169.9500,89
46604620471775,12:56:44.620,169.9500,100
46604620512478,12:56:44.620,169.9500,100
46604620733628,12:56:44.620,169.9500,4
46604620733628,12:56:44.620,169.9500,96
46604621234318,12:56:44.621,169.9500,14
46607775832725,12:56:47.775,169.9200,100
46614618997700,12:56:54.618,169.8900,100
46615625212454,12:56:55.625,169.8800,100
46641774733467,12:57:21.774,169.8300,100
46653018492050,12:57:33.018,169.9000,2
46654859022557,12:57:34.859,169.9000,1
46657588391853,12:57:37.588,169.9200,100
46665812497374,12:57:45.812,169.9500,8
46708008255913,12:58:28.008,169.9600,2
46720217854928,12:58:40.217,169.9600,1
46723021102479,12:58:43.021,169.9600,97
46751870615822,12:59:11.870,170.0100,50
46751870645842,12:59:11.870,170.0100,50
46751870645842,12:59:11.870,170.0100,2
46751901477075,12:59:11.901,170.0300,100
46751931659094,12:59:11.931,170.0400,7
46751931685584,12:59:11.931,170.0400,86
46751931731871,12:59:11.931,170.0400,7
46752861897216,12:59:12.861,170.0500,1
46753033500479,12:59:13.033,170.0500,45
46753033534061,12:59:13.033,170.0500,4
46764850655225,12:59:24.850,170.1000,55
46764850655225,12:59:24.850,170.1000,45
46773245893060,12:59:33.245,170.1000,55
46773245893060,12:59:33.245,170.1000,45
46773245919687,12:59:33.245,170.1000,55
46773245978082,12:59:33.245,170.1000,100
46773246308090,12:59:33.246,170.1000,100
46773246635071,12:59:33.246,170.1000,100
46773247642495,12:59:33.247,170.1000,100
46773247642495,12:59:33.247,170.1000,750
46773331814989,12:59:33.331,170.1100,1
46773331814989,12:59:33.331,170.1100,99
46773494402994,12:59:33.494,170.1100,1
46773502899620,12:59:33.502,170.1700,79
46775014106143,12:59:35.014,170.1800,1
46775015953170,12:59:35.015,170.1800,1
46775016418288,12:59:35.016,170.1400,100
46777459140151,12:59:37.459,170.1300,100
46778021477963,12:59:38.021,170.1150,100
46779268182289,12:59:39.268,170.0900,100
46779268211882,12:59:39.268,170.0800,100
46779268907819,12:59:39.268,170.0700,100
46783841246320,12:59:43.841,170.0700,100
46788244779486,12:59:48.244,170.0200,100
46811229198388,13:00:11.229,169.9900,2
46811485966017,13:00:11.485,169.9400,90
46811486008127,13:00:11.486,169.9400,2
46811486303435,13:00:11.486,169.9400,8
