timestamp,time,price,volume
34200689929702,09:30:00.689,37.9700,6619
34202001162685,09:30:02.001,38.0500,5
34207335622732,09:30:07.335,38.1300,89
34281098796643,09:31:21.098,38.4100,16
34421481901789,09:33:41.481,38.1000,100
34421619881047,09:33:41.619,38.0500,100
34421619881047,09:33:41.619,38.0500,100
34421619881047,09:33:41.619,38.0500,100
34421619977481,09:33:41.619,38.0500,100
34421620063703,09:33:41.620,38.0500,100
34421620386800,09:33:41.620,38.0500,100
34421620390471,09:33:41.620,38.0500,100
34421620454016,09:33:41.620,38.0500,100
34421623799436,09:33:41.623,38.0400,100
34423576245265,09:33:43.576,38.0000,100
34423576245265,09:33:43.576,38.0000,100
34423576245265,09:33:43.576,38.0000,100
34423576299505,09:33:43.576,38.0300,100
34423576309297,09:33:43.576,38.0400,100
34423576309297,09:33:43.576,38.0400,100
34423576309297,09:33:43.576,38.0400,100
34423576513315,09:33:43.576,38.0200,100
34423576513315,09:33:43.576,38.0400,5
34423576513315,09:33:43.576,38.0400,295
34423576596859,09:33:43.576,38.0400,5
34423576596859,09:33:43.576,38.0500,117
34423576605258,09:33:43.576,38.0500,74
34423576606448,09:33:43.576,38.0500,74
34423576667398,09:33:43.576,38.0500,35
34423576667398,09:33:43.576,38.0500,26
34423576671275,09:33:43.576,38.0500,69
34423576905652,09:33:43.576,38.0500,5
34423577742209,09:33:43.577,38.0400,100
34423577742209,09:33:43.577,38.0400,100
34520010051503,09:35:20.010,38.0400,1
34569134894681,09:36:09.134,38.0200,2
34572613393822,09:36:12.613,38.0200,98
34572613393822,09:36:12.613,38.0200,2
34572613627331,09:36:12.613,38.0200,98
34572613627331,09:36:12.613,38.0200,35
34572613628933,09:36:12.613,38.0200,65
34572613628933,09:36:12.613,38.0200,16
34572613794850,09:36:12.613,38.0200,2
34574948461930,09:36:14.948,38.0200,82
34574948461930,09:36:14.948,38.0200,18
34576358377603,09:36:16.358,38.0100,100
34587366804759,09:36:27.366,38.0100,18
34608384355613,09:36:48.384,38.0900,2
34608384368196,09:36:48.384,38.1000,100
34608384376194,09:36:48.384,38.1100,98
34608384588630,09:36:48.384,38.1100,102
34608384588630,09:36:48.384,38.1100,25
34608384588630,09:36:48.384,38.1100,73
34608384589953,09:36:48.384,38.1100,127
34608384589953,09:36:48.384,38.1100,22
34634528152942,09:37:14.528,38.0200,5
34657347730684,09:37:37.347,38.0100,68
34657347730684,09:37:37.347,38.0100,32
34657347821484,09:37:37.347,38.0000,100
34657348496766,09:37:37.348,37.9700,100
34665642776484,09:37:45.642,37.9400,100
34665643118168,09:37:45.643,37.9400,35
34665677298733,09:37:45.677,37.8800,5
34665677907975,09:37:45.677,37.8400,100
34665678502356,09:37:45.678,37.8400,92
34665678830868,09:37:45.678,37.8400,8
34690780756538,09:38:10.780,37.8000,1
34690780834024,09:38:10.780,37.8300,2
34690783224675,09:38:10.783,37.8000,2
34715534779950,09:38:35.534,37.9200,2
34715536618756,09:38:35.536,37.8600,100
34743006843846,09:39:03.006,37.7700,1
34771309081355,09:39:31.309,37.9100,100
34791354595221,09:39:51.354,37.9600,3
34801718263546,09:40:01.718,38.0400,2
34801718361193,09:40:01.718,38.0400,198
34847998922065,09:40:47.998,37.9800,2
34847998922065,09:40:47.998,37.9600,100
34847999562131,09:40:47.999,37.9600,98
34847999631700,09:40:47.999,37.9600,100
34848000129757,09:40:48.000,37.9400,100
34862831208105,09:41:02.831,37.8600,3
34901297821488,09:41:41.297,37.7600,100
34901297853178,09:41:41.297,37.7600,3
34901297991246,09:41:41.297,37.7600,40
34901298063192,09:41:41.298,37.7600,100
34918721249377,09:41:58.721,37.8000,1
34966716963953,09:42:46.716,37.8050,1
34968331168743,09:42:48.331,37.8050,1
35023546655498,09:43:43.546,37.7200,30
35023546655498,09:43:43.546,37.7200,70
35023546981095,09:43:43.546,37.7200,30
35045463052744,09:44:05.463,37.6800,3
35045463094079,09:44:05.463,37.6800,87
35084332309304,09:44:44.332,37.7800,2
35085714519870,09:44:45.714,37.7850,2
35087712137479,09:44:47.712,37.7850,2
35089711499944,09:44:49.711,37.7850,1
35091713601346,09:44:51.713,37.7850,1
35093711149622,09:44:53.711,37.7850,1
35095712588070,09:44:55.712,37.7850,1
35099713274953,09:44:59.713,37.7900,1
35136936523615,09:45:36.936,37.7300,100
35223104740141,09:47:03.104,37.7400,100
35242037892508,09:47:22.037,37.7200,100
35242037958791,09:47:22.037,37.7200,100
35242038047109,09:47:22.038,37.7200,25
35267566047345,09:47:47.566,37.5800,100
35293557195889,09:48:13.557,37.5700,100
35293557283740,09:48:13.557,37.5600,100
35293557301945,09:48:13.557,37.5600,10
35293557428542,09:48:13.557,37.5600,36
35293557444418,09:48:13.557,37.5600,71
35293557453692,09:48:13.557,37.5600,61
35293557651076,09:48:13.557,37.5600,97
35293557721225,09:48:13.557,37.5600,53
35302929306054,09:48:22.929,37.4500,10
35302929349128,09:48:22.929,37.4500,2
35308963687333,09:48:28.963,37.5400,100
35308963687333,09:48:28.963,37.5400,200
35308963720015,09:48:28.963,37.5400,10
35308963792993,09:48:28.963,37.5400,100
35308963798316,09:48:28.963,37.5400,100
35308964004985,09:48:28.964,37.5400,100
35308964008311,09:48:28.964,37.5400,100
35308964115828,09:48:28.964,37.5400,100
35308964164150,09:48:28.964,37.5400,100
35308964804664,09:48:28.964,37.5400,85
35318710158962,09:48:38.710,37.3200,45
35318710158962,09:48:38.710,37.3100,55
35324236078714,09:48:44.236,37.5100,50
35324236078714,09:48:44.236,37.5100,50
35340339920643,09:49:00.339,37.5600,100
35344228155837,09:49:04.228,37.8000,66
35452694512587,09:50:52.694,37.6700,100
35458480304455,09:50:58.480,37.6600,100
35643310878956,09:54:03.310,37.7300,100
35691634398965,09:54:51.634,37.7400,100
35699732599872,09:54:59.732,37.7400,100
35763894297891,09:56:03.894,37.8200,100
35763894297891,09:56:03.894,37.8200,100
35763894297891,09:56:03.894,37.8200,100
35763894297891,09:56:03.894,37.8200,100
35763894414149,09:56:03.894,37.8000,48
35763894436198,09:56:03.894,37.8000,3
35763894462931,09:56:03.894,37.8000,49
35790801064542,09:56:30.801,37.8300,100
35790801064542,09:56:30.801,37.8300,100
35790801311407,09:56:30.801,37.8200,3
35790801311407,09:56:30.801,37.8200,71
35790801343075,09:56:30.801,37.8200,29
35790801343075,09:56:30.801,37.8200,45
35790801344139,09:56:30.801,37.8200,30
35790801345963,09:56:30.801,37.8200,25
35842760739797,09:57:22.760,37.7800,100
36077054914896,10:01:17.054,37.8700,100
36077055495014,10:01:17.055,37.8700,100
36077055745660,10:01:17.055,37.8800,19
36077055748090,10:01:17.055,37.8800,59
36083306789240,10:01:23.306,37.9000,100
36083340511288,10:01:23.340,37.9000,70
36083340537991,10:01:23.340,37.9000,30
36083424870344,10:01:23.424,37.9000,100
36092016209725,10:01:32.016,37.8400,100
36092016209725,10:01:32.016,37.8400,100
36092016803337,10:01:32.016,37.8300,100
36092016803337,10:01:32.016,37.8300,100
36092016803337,10:01:32.016,37.8300,100
36092066623344,10:01:32.066,37.8400,100
36092067739875,10:01:32.067,37.8200,100
36092069093942,10:01:32.069,37.8300,100
36092069174371,10:01:32.069,37.8200,100
36092219222384,10:01:32.219,37.8100,100
36094644117079,10:01:34.644,37.8200,3
36094644117079,10:01:34.644,37.8200,97
36094644142797,10:01:34.644,37.8200,3
36098139752709,10:01:38.139,37.7900,100
36102871995616,10:01:42.871,37.8400,500
36102871995616,10:01:42.871,37.8400,100
36102872026295,10:01:42.872,37.8400,100
36102872048222,10:01:42.872,37.8400,100
36102872050212,10:01:42.872,37.8400,100
36102872229020,10:01:42.872,37.8400,100
36102872274190,10:01:42.872,37.8400,131
36102872319764,10:01:42.872,37.8400,69
36102896032483,10:01:42.896,37.8400,300
36105784367778,10:01:45.784,37.8400,100
36114196206087,10:01:54.196,37.8600,100
36122224247871,10:02:02.224,37.8700,100
36122224348340,10:02:02.224,37.8700,200
36122224348340,10:02:02.224,37.8700,41
36127467022884,10:02:07.467,37.9200,200
36127548082644,10:02:07.548,37.9200,200
36127600523934,10:02:07.600,37.9200,100
36133575851125,10:02:13.575,37.8500,100
36133576386865,10:02:13.576,37.8300,100
36133580572762,10:02:13.580,37.8100,100
36142351964605,10:02:22.351,37.8000,100
36142351993020,10:02:22.351,37.8000,90
36142351993020,10:02:22.351,37.8000,100
36142351993020,10:02:22.351,37.8000,10
36142351993020,10:02:22.351,37.8000,100
36142351993020,10:02:22.351,37.8000,100
36142351993020,10:02:22.351,37.8000,100
36142403117719,10:02:22.403,37.8000,100
36142403117719,10:02:22.403,37.8000,100
36162434092825,10:02:42.434,37.8300,100
36164425611767,10:02:44.425,37.8200,100
36165788021020,10:02:45.788,37.8200,100
36166036391162,10:02:46.036,37.8100,100
36166106089993,10:02:46.106,37.8000,100
36166106173400,10:02:46.106,37.8000,100
36266300805474,10:04:26.300,37.7400,72
36266300805474,10:04:26.300,37.7300,28
36266301153819,10:04:26.301,37.7300,72
36300827456587,10:05:00.827,37.7500,15
36302825703009,10:05:02.825,37.7600,14
36305224083270,10:05:05.224,37.7600,86
36305224083270,10:05:05.224,37.7700,14
36305224309856,10:05:05.224,37.7700,86
36305224309856,10:05:05.224,37.7700,100
36305352791130,10:05:05.352,37.7700,100
36306824351079,10:05:06.824,37.8000,12
36459105633114,10:07:39.105,37.6600,100
36459105633114,10:07:39.105,37.6600,100
36459105633114,10:07:39.105,37.6600,38
36459105635243,10:07:39.105,37.6600,62
36459105635243,10:07:39.105,37.6600,75
36459105659436,10:07:39.105,37.6600,25
36459105659436,10:07:39.105,37.6600,37
36459105924606,10:07:39.105,37.6600,100
36459105927706,10:07:39.105,37.6600,38
36459105937764,10:07:39.105,37.6600,25
36459106371860,10:07:39.106,37.6600,1
36459109333412,10:07:39.109,37.6700,100
36459134010447,10:07:39.134,37.6600,99
36459134010447,10:07:39.134,37.6600,1
36459134054122,10:07:39.134,37.6600,99
36459134451169,10:07:39.134,37.6600,48
36459136934605,10:07:39.136,37.6700,3
36459231688175,10:07:39.231,37.6800,100
36459237342498,10:07:39.237,37.6900,100
36464044287003,10:07:44.044,37.6000,1
36553365264213,10:09:13.365,37.6100,11
36553365305682,10:09:13.365,37.6100,89
36553366435809,10:09:13.366,37.6000,57
36566979198596,10:09:26.979,37.6100,59
36566979203401,10:09:26.979,37.6100,41
36567980609403,10:09:27.980,37.6100,82
36567980838740,10:09:27.980,37.6100,18
36606260759786,10:10:06.260,37.6000,100
36651618192267,10:10:51.618,37.6600,10
36651618261991,10:10:51.618,37.6600,48
36651618290348,10:10:51.618,37.6600,17
36651618290348,10:10:51.618,37.6700,100
36651618290348,10:10:51.618,37.6700,183
36651618291338,10:10:51.618,37.6700,17
36651618593887,10:10:51.618,37.6800,13
36651618963716,10:10:51.618,37.6800,4
36687227156532,10:11:27.227,37.7000,51
36697137141165,10:11:37.137,37.7000,49
36697137141165,10:11:37.137,37.7000,51
36727523848591,10:12:07.523,37.6900,100
36729940201184,10:12:09.940,37.7000,100
36729940547777,10:12:09.940,37.7100,100
36755724057191,10:12:35.724,37.7900,100
36758865353394,10:12:38.865,37.8000,88
36763091571893,10:12:43.091,37.7600,100
36763093396039,10:12:43.093,37.7600,100
36763211682511,10:12:43.211,37.8000,100
36800320686528,10:13:20.320,37.7700,100
36857744150983,10:14:17.744,37.7600,100
36857745582390,10:14:17.745,37.7500,100
36857748743448,10:14:17.748,37.7500,3
36857748754710,10:14:17.748,37.7500,3
36857748778144,10:14:17.748,37.7500,3
36857748780986,10:14:17.748,37.7500,94
36857748780986,10:14:17.748,37.7500,100
36857748780986,10:14:17.748,37.7500,100
36857748842401,10:14:17.748,37.7500,100
36924168717664,10:15:24.168,37.6700,100
36924168906610,10:15:24.168,37.6700,100
36924168927411,10:15:24.168,37.6700,97
36924168948700,10:15:24.168,37.6700,3
36924168976820,10:15:24.168,37.6500,50
36924168980168,10:15:24.168,37.6500,50
36940514242562,10:15:40.514,37.5900,100
36940514242562,10:15:40.514,37.5900,18
36977099773885,10:16:17.099,37.5700,100
37024163932056,10:17:04.163,37.6700,100
37025701066225,10:17:05.701,37.7600,100
37025701066225,10:17:05.701,37.7600,100
37031263942824,10:17:11.263,37.7300,100
37168227881056,10:19:28.227,37.6900,100
37168227881056,10:19:28.227,37.6900,100
37168227979300,10:19:28.227,37.6900,100
37168227979300,10:19:28.227,37.6900,100
37173844133093,10:19:33.844,37.7800,100
37173844133093,10:19:33.844,37.7900,100
37229840327991,10:20:29.840,37.8300,100
37256959681722,10:20:56.959,37.9300,100
37263991266519,10:21:03.991,37.8800,100
37263991589717,10:21:03.991,37.8700,59
37263991590933,10:21:03.991,37.8700,41
37263991590933,10:21:03.991,37.8700,53
37263991594882,10:21:03.991,37.8700,47
37263991594882,10:21:03.991,37.8700,100
37263992678723,10:21:03.992,37.8300,100
37263993270854,10:21:03.993,37.8200,100
37311663894265,10:21:51.663,37.8800,74
37338998390777,10:22:18.998,37.8700,100
37338998390777,10:22:18.998,37.8700,100
37338998390777,10:22:18.998,37.8700,100
37338998637027,10:22:18.998,37.8600,100
37339076086444,10:22:19.076,37.8500,100
37341381893531,10:22:21.381,37.8400,100
37341382241551,10:22:21.382,37.8500,100
37341382802826,10:22:21.382,37.8600,100
37341382802826,10:22:21.382,37.8600,10
37341383034729,10:22:21.383,37.8600,28
37341383036199,10:22:21.383,37.8600,72
37364805757310,10:22:44.805,37.8200,100
37364805757310,10:22:44.805,37.8100,1
37369974065347,10:22:49.974,37.8100,99
37369974065347,10:22:49.974,37.8100,1
37369974301800,10:22:49.974,37.8100,99
37383832054457,10:23:03.832,37.7900,100
37383832494040,10:23:03.832,37.8000,120
37414847124098,10:23:34.847,37.8300,100
37430757502383,10:23:50.757,37.8100,100
37497394941147,10:24:57.394,37.8000,100
37497394941147,10:24:57.394,37.8000,25
37497394941147,10:24:57.394,37.8000,3
37497394995377,10:24:57.394,37.8000,97
37497394995377,10:24:57.394,37.7900,3
37497395177051,10:24:57.395,37.7900,97
37497395206963,10:24:57.395,37.7700,56
37500144776897,10:25:00.144,37.7800,100
37500144776897,10:25:00.144,37.7700,44
37500144776897,10:25:00.144,37.7700,56
37527819299942,10:25:27.819,37.7800,100
37534352548568,10:25:34.352,37.8100,18
37534352548568,10:25:34.352,37.8100,38
37534352579914,10:25:34.352,37.8100,62
37534352579914,10:25:34.352,37.8100,4
37534352691410,10:25:34.352,37.8200,10
37534352692936,10:25:34.352,37.8200,70
37534352764597,10:25:34.352,37.8200,1
37534352796429,10:25:34.352,37.8200,39
37534352796429,10:25:34.352,37.8200,100
37534375156945,10:25:34.375,37.8100,100
37610149824672,10:26:50.149,37.8700,100
37610149824672,10:26:50.149,37.8700,100
37614510353937,10:26:54.510,37.9000,400
37614510353937,10:26:54.510,37.9000,100
37614510353937,10:26:54.510,37.9000,100
37642740672200,10:27:22.740,37.9400,37
37642740672200,10:27:22.740,37.9400,63
37642740903875,10:27:22.740,37.9400,37
37693615517316,10:28:13.615,37.9300,70
37693615540360,10:28:13.615,37.9300,30
37712235130884,10:28:32.235,37.9600,100
37758203063426,10:29:18.203,38.0100,100
37758203100454,10:29:18.203,38.0100,39
37758203292575,10:29:18.203,38.0100,3
37761653773747,10:29:21.653,38.0100,58
37800445703876,10:30:00.445,38.0300,100
37800445717430,10:30:00.445,38.0300,3
37800445743739,10:30:00.445,38.0300,9
37800445743739,10:30:00.445,38.0300,50
37800445936453,10:30:00.445,38.0300,49
37808897481456,10:30:08.897,38.0300,1
37829501472503,10:30:29.501,38.0900,100
37876653515056,10:31:16.653,38.0700,100
37876676336192,10:31:16.676,38.0300,72
37917836588105,10:31:57.836,38.0000,1
37919655017356,10:31:59.655,38.0000,99
37919655017356,10:31:59.655,38.0000,1
37919655017356,10:31:59.655,38.0000,100
37919655356162,10:31:59.655,38.0000,100
37919657928640,10:31:59.657,37.9900,100
37919657963075,10:31:59.657,37.9900,200
37919659530750,10:31:59.659,37.9900,100
37919686274463,10:31:59.686,37.9900,100
37920246739700,10:32:00.246,37.9900,3
37922795777320,10:32:02.795,37.9800,100
37923130450917,10:32:03.130,37.9800,100
37924190818231,10:32:04.190,37.9800,100
37928169579059,10:32:08.169,37.9700,100
37928169637570,10:32:08.169,37.9500,63
37928169644675,10:32:08.169,37.9500,37
37928169791073,10:32:08.169,37.9500,100
37928169793044,10:32:08.169,37.9500,100
37928169799599,10:32:08.169,37.9300,100
37928169809184,10:32:08.169,37.9300,35
37928169810927,10:32:08.169,37.9300,65
37928169837176,10:32:08.169,37.9300,48
37928169868294,10:32:08.169,37.9300,52
37928169868294,10:32:08.169,37.9200,48
37928169870056,10:32:08.169,37.9200,52
37928169870056,10:32:08.169,37.9200,48
37928169928085,10:32:08.169,37.9200,29
37928169992716,10:32:08.169,37.9200,23
37976419739391,10:32:56.419,37.9400,69
37976419771844,10:32:56.419,37.9500,100
37976419771844,10:32:56.419,37.9500,100
37976419771844,10:32:56.419,37.9500,12
37976419771844,10:32:56.419,37.9500,200
37976419771844,10:32:56.419,37.9500,100
37976419771844,10:32:56.419,37.9500,100
37976420260659,10:32:56.420,37.9400,100
38010430576230,10:33:30.430,37.9400,100
38010430576230,10:33:30.430,37.9400,100
38010430616397,10:33:30.430,37.9300,134
38010430629115,10:33:30.430,37.9300,66
38010430700400,10:33:30.430,37.9200,11
38010430796963,10:33:30.430,37.9200,41
38019441926064,10:33:39.441,37.9800,100
38019444068054,10:33:39.444,38.0200,75
38019444102644,10:33:39.444,38.0200,25
38030231929361,10:33:50.231,38.0300,100
38074413270378,10:34:34.413,38.0400,100
38076400463409,10:34:36.400,38.0300,100
38076400515893,10:34:36.400,38.0300,100
38076400615185,10:34:36.400,38.0300,100
38076406443973,10:34:36.406,38.0200,100
38076406443973,10:34:36.406,38.0200,100
38076469919615,10:34:36.469,38.0200,100
38083196914274,10:34:43.196,38.0000,100
38090587422783,10:34:50.587,38.0000,100
38098638294576,10:34:58.638,38.0000,100
38098638294576,10:34:58.638,37.9900,100
38098644632855,10:34:58.644,37.9900,100
38098644659814,10:34:58.644,37.9900,100
38098649180218,10:34:58.649,37.9900,100
38098649477443,10:34:58.649,37.9900,100
38124228561353,10:35:24.228,37.9800,100
38137239974487,10:35:37.239,37.9900,90
38168330685206,10:36:08.330,38.0100,200
38168330685206,10:36:08.330,38.0100,100
38235815852633,10:37:15.815,37.9900,100
38235815934369,10:37:15.815,37.9900,4
38235816088861,10:37:15.816,37.9900,43
38235816106029,10:37:15.816,37.9900,53
38235816106029,10:37:15.816,37.9900,4
38239104533028,10:37:19.104,37.9900,96
38239104533028,10:37:19.104,37.9900,4
38239104591951,10:37:19.104,37.9900,8
38239122345146,10:37:19.122,37.9800,3
38255602123196,10:37:35.602,37.9900,100
38261691285032,10:37:41.691,37.9800,97
38261691285032,10:37:41.691,37.9800,3
38268019822060,10:37:48.019,37.9900,100
38268019822060,10:37:48.019,37.9900,100
38268019937713,10:37:48.019,38.0000,200
38268048203383,10:37:48.048,37.9900,100
38311787607461,10:38:31.787,38.0400,100
38311787627810,10:38:31.787,38.0600,100
38366327017496,10:39:26.327,38.0600,100
38366350644033,10:39:26.350,38.0600,100
38423308646506,10:40:23.308,38.1000,100
38456636414236,10:40:56.636,38.0400,59
38456636414236,10:40:56.636,38.0400,41
38456636648902,10:40:56.636,38.0400,59
38456636648902,10:40:56.636,38.0400,100
38456637850710,10:40:56.637,38.0400,100
38456637850710,10:40:56.637,38.0400,133
38462458798714,10:41:02.458,38.0200,97
38462458798714,10:41:02.458,38.0200,3
38474144674994,10:41:14.144,38.0200,97
38474144674994,10:41:14.144,38.0200,3
38474144708342,10:41:14.144,38.0200,97
38477947646081,10:41:17.947,38.0100,100
38509079420579,10:41:49.079,38.0000,100
38509080992792,10:41:49.080,38.0000,100
38519494258584,10:41:59.494,38.0000,100
38561074043848,10:42:41.074,37.9800,100
38561074131489,10:42:41.074,37.9800,100
38561074131489,10:42:41.074,37.9800,66
38561074210424,10:42:41.074,37.9800,34
38561074210424,10:42:41.074,37.9800,8
38561074210424,10:42:41.074,37.9800,58
38561074247700,10:42:41.074,37.9800,34
38561074261691,10:42:41.074,37.9800,8
38561074261691,10:42:41.074,37.9800,34
38561074310558,10:42:41.074,37.9800,8
38561074358876,10:42:41.074,37.9800,8
38561076546246,10:42:41.076,37.9800,50
38561076546246,10:42:41.076,37.9700,50
38561076573889,10:42:41.076,37.9700,50
38561474071943,10:42:41.474,37.9900,100
38563263328772,10:42:43.263,37.9900,90
38622158597153,10:43:42.158,38.0200,100
38623159553693,10:43:43.159,38.0200,100
38623671104977,10:43:43.671,38.0000,100
38635589893457,10:43:55.589,37.9900,100
38635589893457,10:43:55.589,37.9900,100
38636417867988,10:43:56.417,38.0200,100
38658021936644,10:44:18.021,38.0400,100
38746180975453,10:45:46.180,38.1000,100
38813021079385,10:46:53.021,38.0600,100
38813021079385,10:46:53.021,38.0600,17
38813021666162,10:46:53.021,38.0600,83
38813021666162,10:46:53.021,38.0600,17
38813021675016,10:46:53.021,38.0600,83
38813024957852,10:46:53.024,38.0600,100
38814725383707,10:46:54.725,38.0300,100
38831583772087,10:47:11.583,38.0200,100
38860399315164,10:47:40.399,38.0000,100
38860399375429,10:47:40.399,37.9900,100
38862819244984,10:47:42.819,37.9700,100
38866947174451,10:47:46.947,37.9700,100
38880382665890,10:48:00.382,37.9900,100
38880382917647,10:48:00.382,38.0000,25
38880382925525,10:48:00.382,38.0000,29
38880382930125,10:48:00.382,38.0000,46
38880383236292,10:48:00.383,38.0000,89
38880383243105,10:48:00.383,38.0000,11
38880383263363,10:48:00.383,38.0000,100
38880384416470,10:48:00.384,38.0000,100
38893097420227,10:48:13.097,38.0350,100
38906355285098,10:48:26.355,38.0700,100
38995152162947,10:49:55.152,38.0300,115
38995152162947,10:49:55.152,38.0300,291
38995152194511,10:49:55.152,38.0300,1609
38995152194511,10:49:55.152,38.0300,100
38995152289425,10:49:55.152,38.0200,6
38995152468925,10:49:55.152,38.0200,67
38995152483314,10:49:55.152,38.0200,6
38995152485018,10:49:55.152,38.0200,21
38995152485018,10:49:55.152,38.0200,6
38995152548207,10:49:55.152,38.0200,11
38995152575154,10:49:55.152,38.0200,10
38995290230523,10:49:55.290,38.0200,73
38995290230523,10:49:55.290,37.9900,27
38996153426368,10:49:56.153,37.9900,73
39045138439874,10:50:45.138,37.9700,10
39046995513469,10:50:46.995,37.9300,100
39048151638143,10:50:48.151,37.9200,33
39048151665217,10:50:48.151,37.9200,67
39048151673381,10:50:48.151,37.9200,67
39122763075757,10:52:02.763,37.9300,100
39122763075757,10:52:02.763,37.9300,100
39122763075757,10:52:02.763,37.9300,100
39122763118299,10:52:02.763,37.9300,99
39122763127493,10:52:02.763,37.9300,1
39122763135089,10:52:02.763,37.9400,94
39122763224450,10:52:02.763,37.9400,6
39158066388371,10:52:38.066,37.9000,100
39172539015988,10:52:52.539,37.9500,100
39172539015988,10:52:52.539,37.9500,100
39172539015988,10:52:52.539,37.9500,100
39172545547473,10:52:52.545,37.9200,100
39180047599161,10:53:00.047,37.9400,100
39180047739360,10:53:00.047,37.9500,100
39180047739360,10:53:00.047,37.9500,100
39181670640226,10:53:01.670,37.9200,168
39181670667182,10:53:01.670,37.9200,32
39181670667182,10:53:01.670,37.9200,100
39181670667182,10:53:01.670,37.9200,100
39181670668217,10:53:01.670,37.9200,400
39181670668897,10:53:01.670,37.9200,232
39181670988475,10:53:01.670,37.9200,68
39195331534963,10:53:15.331,37.9000,35
39195331534963,10:53:15.331,37.9000,65
39195331561943,10:53:15.331,37.9000,35
39195331561943,10:53:15.331,37.9000,100
39200405074582,10:53:20.405,37.9100,100
39351526561076,10:55:51.526,37.9100,97
39421499765120,10:57:01.499,37.9600,100
39421499765120,10:57:01.499,37.9600,100
39421500704346,10:57:01.500,37.9600,100
39429755284184,10:57:09.755,37.9600,100
39429767069654,10:57:09.767,37.9800,100
39429804379096,10:57:09.804,38.0100,100
39429804466140,10:57:09.804,38.0100,100
39454462431485,10:57:34.462,38.0000,12
39454462431485,10:57:34.462,38.0000,100
39454462431485,10:57:34.462,38.0000,88
39454463251856,10:57:34.463,38.0000,12
39467633296972,10:57:47.633,37.9600,100
39551615432907,10:59:11.615,37.9200,100
39595589029567,10:59:55.589,37.9100,100
39595589704204,10:59:55.589,37.9000,100
39595589704204,10:59:55.589,37.9000,100
39662980001616,11:01:02.980,37.9300,100
39662980001616,11:01:02.980,37.9300,59
39662980001616,11:01:02.980,37.9300,100
39662980033171,11:01:02.980,37.9300,100
39662981081381,11:01:02.981,37.9400,100
39662981385842,11:01:02.981,37.9500,3
39662984352928,11:01:02.984,37.9500,997
39662984352928,11:01:02.984,37.9500,100
39706159396911,11:01:46.159,38.0200,100
39706159396911,11:01:46.159,38.0200,200
39706378693244,11:01:46.378,38.0200,100
39706378693244,11:01:46.378,38.0200,100
39708596370750,11:01:48.596,38.0200,100
39708596370750,11:01:48.596,38.0200,100
39708897125133,11:01:48.897,38.0100,100
39731666695966,11:02:11.666,38.0200,100
39766923675398,11:02:46.923,38.0200,100
39770165044787,11:02:50.165,38.0650,100
39796589215453,11:03:16.589,38.0300,20
39796589215453,11:03:16.589,38.0300,100
39796589215453,11:03:16.589,38.0300,100
39796589346683,11:03:16.589,38.0300,100
39796593493891,11:03:16.593,38.0100,100
39796593493891,11:03:16.593,38.0100,100
39796593578376,11:03:16.593,38.0100,100
39796593595634,11:03:16.593,38.0100,100
39796593824219,11:03:16.593,38.0100,100
39796594287560,11:03:16.594,38.0100,100
39796594555631,11:03:16.594,38.0100,100
39796594555631,11:03:16.594,38.0100,100
39796957874012,11:03:16.957,38.0100,100
39796957899143,11:03:16.957,38.0100,100
39796957899143,11:03:16.957,38.0100,100
39796957899143,11:03:16.957,38.0100,100
39797633237281,11:03:17.633,38.0000,100
39797633271264,11:03:17.633,37.9900,100
39803250710917,11:03:23.250,37.9700,5
39817751479064,11:03:37.751,38.0300,200
39817751479064,11:03:37.751,38.0300,100
39909936614901,11:05:09.936,38.0400,88
39909936616780,11:05:09.936,38.0400,12
39909936616780,11:05:09.936,38.0400,66
39909936617563,11:05:09.936,38.0400,34
39909936617563,11:05:09.936,38.0400,22
39909936623376,11:05:09.936,38.0400,62
39909936630057,11:05:09.936,38.0400,63
39909936633154,11:05:09.936,38.0400,40
39909936640221,11:05:09.936,38.0500,200
39909936640221,11:05:09.936,38.0400,13
39909936640221,11:05:09.936,38.0400,99
39909936642004,11:05:09.936,38.0400,1
39909944866753,11:05:09.944,38.0500,100
39909944866753,11:05:09.944,38.0500,100
39921841609059,11:05:21.841,38.0500,100
39939165891955,11:05:39.165,38.0600,100
39957071638198,11:05:57.071,38.0500,100
39957071638198,11:05:57.071,38.0500,100
39957071693352,11:05:57.071,38.0400,100
39957071764972,11:05:57.071,38.0500,18
39957072143082,11:05:57.072,38.0500,100
40060400301257,11:07:40.400,38.0100,100
40060400301257,11:07:40.400,38.0100,49
40060400351048,11:07:40.400,38.0100,151
40060400351048,11:07:40.400,38.0100,49
40060400358741,11:07:40.400,38.0100,51
40060400358741,11:07:40.400,38.0100,113
40060400391704,11:07:40.400,38.0100,51
40060401409583,11:07:40.401,38.0100,100
40061344814868,11:07:41.344,38.0300,100
40067465695255,11:07:47.465,38.0300,200
40067466440979,11:07:47.466,38.0400,100
40067466474558,11:07:47.466,38.0500,100
40067466761210,11:07:47.466,38.0700,23
40067466770795,11:07:47.466,38.0700,77
40067466770795,11:07:47.466,38.0700,74
40067466777425,11:07:47.466,38.0700,26
40067466777425,11:07:47.466,38.0700,29
40067466780138,11:07:47.466,38.0700,16
40149995685804,11:09:09.995,38.0600,100
40175065669063,11:09:35.065,38.0750,100
40175065669063,11:09:35.065,38.1000,100
40175065669063,11:09:35.065,38.1000,100
40175065669063,11:09:35.065,38.1000,100
40175065707528,11:09:35.065,38.1000,20
40175065707528,11:09:35.065,38.1000,100
40175065707528,11:09:35.065,38.1000,100
40248612692929,11:10:48.612,38.0800,43
40248612822506,11:10:48.612,38.0800,57
40248612822506,11:10:48.612,38.0800,100
40248612822506,11:10:48.612,38.0800,100
40248613362084,11:10:48.613,38.0700,100
40248613362084,11:10:48.613,38.0700,100
40248614181928,11:10:48.614,38.0700,100
40248619341928,11:10:48.619,38.0700,100
40248738135830,11:10:48.738,38.0700,100
40256769973090,11:10:56.769,38.0500,83
40256769982870,11:10:56.769,38.0500,17
40256770046002,11:10:56.770,38.0700,200
40281060589433,11:11:21.060,38.0700,100
40281723535641,11:11:21.723,38.0600,100
40281723535641,11:11:21.723,38.0500,100
40281723535641,11:11:21.723,38.0500,100
40281723588591,11:11:21.723,38.0500,39
40281723727068,11:11:21.723,38.0500,161
40281774790361,11:11:21.774,38.0500,100
40281774790361,11:11:21.774,38.0500,100
40291439068375,11:11:31.439,38.0300,100
40291439106701,11:11:31.439,38.0300,30
40297884080053,11:11:37.884,38.0300,100
40297884344232,11:11:37.884,38.0300,300
40297886012230,11:11:37.886,38.0300,100
40297888517759,11:11:37.888,38.0300,100
40297940019374,11:11:37.940,38.0300,42
40299001170493,11:11:39.001,38.0300,158
40299001266204,11:11:39.001,38.0400,100
40299001552722,11:11:39.001,38.0400,100
40299001552722,11:11:39.001,38.0400,100
40299001760835,11:11:39.001,38.0400,100
40299001760835,11:11:39.001,38.0400,100
40299002743159,11:11:39.002,38.0400,100
40299002807154,11:11:39.002,38.0400,100
40301126933148,11:11:41.126,38.0500,100
40301126978370,11:11:41.126,38.0500,23
40301126978370,11:11:41.126,38.0500,100
40301177360917,11:11:41.177,38.0800,100
40361145167080,11:12:41.145,38.0500,100
40361145246360,11:12:41.145,38.0500,100
40361145246360,11:12:41.145,38.0500,200
40361145270019,11:12:41.145,38.0500,92
40361145395422,11:12:41.145,38.0500,8
40362042911292,11:12:42.042,38.0300,100
40362042979379,11:12:42.042,38.0300,100
40362044149262,11:12:42.044,38.0300,100
40376045678613,11:12:56.045,38.0300,100
40376045702907,11:12:56.045,38.0300,100
40376046202748,11:12:56.046,38.0400,100
40376046202748,11:12:56.046,38.0400,100
40377879305152,11:12:57.879,38.0300,1
40382573321396,11:13:02.573,38.0300,100
40382573673188,11:13:02.573,38.0200,2
40382573676171,11:13:02.573,38.0200,54
40382573681791,11:13:02.573,38.0200,44
40382581745759,11:13:02.581,38.0200,100
40382581745759,11:13:02.581,38.0200,1
40428014875885,11:13:48.014,37.9900,30
40436441318580,11:13:56.441,38.0100,100
40436441318580,11:13:56.441,38.0100,100
40436442280374,11:13:56.442,38.0100,100
40441898771169,11:14:01.898,38.0100,100
40441898771169,11:14:01.898,38.0100,100
40451928526455,11:14:11.928,38.0000,100
40481462518287,11:14:41.462,38.0400,13
40481462518287,11:14:41.462,38.0400,42
40537251077932,11:15:37.251,38.0200,100
40556595964879,11:15:56.595,38.0500,100
40556595964879,11:15:56.595,38.0500,49
40556595964879,11:15:56.595,38.0500,100
40556595964879,11:15:56.595,38.0500,100
40581892180353,11:16:21.892,38.0500,100
40584986592727,11:16:24.986,38.0600,85
40584986595181,11:16:24.986,38.0600,15
40646573521777,11:17:26.573,38.0800,100
40660389758350,11:17:40.389,38.0400,100
40660389758350,11:17:40.389,38.0300,100
40660389798016,11:17:40.389,38.0300,100
40660390456632,11:17:40.390,38.0300,100
40660390507525,11:17:40.390,38.0400,44
40660390512145,11:17:40.390,38.0400,56
40660390833498,11:17:40.390,38.0300,100
40660393475923,11:17:40.393,38.0300,100
40660393475923,11:17:40.393,38.0300,100
40660399401784,11:17:40.399,38.0200,100
40660401494320,11:17:40.401,38.0200,100
40660401494320,11:17:40.401,38.0200,4
40660402266707,11:17:40.402,38.0300,100
40660402266707,11:17:40.402,38.0300,100
40660406281496,11:17:40.406,38.0300,100
40660406281496,11:17:40.406,38.0300,100
40662827764184,11:17:42.827,38.0500,100
40675536200581,11:17:55.536,38.0500,100
40680283729100,11:18:00.283,38.0300,100
40697378719626,11:18:17.378,38.0600,3
40735941730524,11:18:55.941,38.0200,100
40735941730524,11:18:55.941,38.0200,100
40735941730524,11:18:55.941,38.0200,100
40735941730524,11:18:55.941,38.0200,100
40735962366528,11:18:55.962,38.0100,76
40767891439171,11:19:27.891,37.9200,100
40767891439171,11:19:27.891,37.9200,49
40767891439171,11:19:27.891,37.9200,100
40895335794733,11:21:35.335,37.8900,100
40895335794733,11:21:35.335,37.8900,100
40895335794733,11:21:35.335,37.8900,16
40895336752371,11:21:35.336,37.8900,100
40895414041811,11:21:35.414,37.8800,50
40897940659615,11:21:37.940,37.8600,100
40932608863085,11:22:12.608,37.8700,100
40932609239110,11:22:12.609,37.8700,45
40932609245334,11:22:12.609,37.8700,55
40959040310482,11:22:39.040,37.8500,67
40959040313654,11:22:39.040,37.8500,111
40959040321383,11:22:39.040,37.8500,22
40959040321383,11:22:39.040,37.8500,200
40959040626750,11:22:39.040,37.8600,100
40959041562870,11:22:39.041,37.8600,100
40960041306012,11:22:40.041,37.8600,100
40969908881237,11:22:49.908,37.8600,100
40969908881237,11:22:49.908,37.8600,100
40978929709785,11:22:58.929,37.8600,100
40993477113309,11:23:13.477,37.8600,100
40993477113309,11:23:13.477,37.8600,100
40993477113309,11:23:13.477,37.8600,100
40993482081098,11:23:13.482,37.8400,100
40998940093965,11:23:18.940,37.8400,100
41016158943359,11:23:36.158,37.8500,100
41016158943359,11:23:36.158,37.8500,100
41028208928041,11:23:48.208,37.8700,100
41028208978476,11:23:48.208,37.8700,45
41028209034990,11:23:48.209,37.8700,55
41028216889151,11:23:48.216,37.8700,100
41040059614119,11:24:00.059,37.8600,100
41040065117815,11:24:00.065,37.8600,100
41040065155106,11:24:00.065,37.8600,20
41040065728714,11:24:00.065,37.8600,100
41077015576530,11:24:37.015,37.8500,82
41077015806389,11:24:37.015,37.8500,18
41077015806389,11:24:37.015,37.8500,82
41077015813448,11:24:37.015,37.8500,18
41141388318124,11:25:41.388,37.8300,100
41141388318124,11:25:41.388,37.8300,100
41141388548072,11:25:41.388,37.8300,37
41149882542652,11:25:49.882,37.8300,63
41149882542652,11:25:49.882,37.8300,51
41149882574818,11:25:49.882,37.8300,49
41277734466526,11:27:57.734,37.8300,61
41298782184076,11:28:18.782,37.8300,39
41298789050892,11:28:18.789,37.8200,70
41298789172177,11:28:18.789,37.8200,30
41298789172177,11:28:18.789,37.8200,70
41298789198476,11:28:18.789,37.8200,30
41298901215792,11:28:18.901,37.8300,100
41298908958489,11:28:18.908,37.8400,100
41326831065358,11:28:46.831,37.8500,100
41337164183165,11:28:57.164,37.8700,100
41337164183165,11:28:57.164,37.8700,100
41337250300022,11:28:57.250,37.8700,100
41395951000171,11:29:55.951,37.8500,1
41410572707456,11:30:10.572,37.8900,100
41410572732623,11:30:10.572,37.8900,100
41411573677483,11:30:11.573,37.8900,100
41428548224546,11:30:28.548,37.9100,100
41428550656426,11:30:28.550,37.9200,100
41433009093628,11:30:33.009,37.9600,100
41433443554715,11:30:33.443,37.9600,100
41434901007692,11:30:34.901,37.9600,100
41434901007692,11:30:34.901,37.9600,100
41434902270468,11:30:34.902,37.9600,100
41438768597218,11:30:38.768,37.9500,100
41439904944046,11:30:39.904,37.9500,100
41441503367428,11:30:41.503,37.9600,100
41441503614745,11:30:41.503,37.9700,100
41455067670739,11:30:55.067,37.9700,69
41467656127201,11:31:07.656,38.0000,53
41467656139357,11:31:07.656,38.0000,54
41467656144219,11:31:07.656,38.0000,33
41467656144219,11:31:07.656,38.0000,26
41467656147391,11:31:07.656,38.0000,23
41467656153639,11:31:07.656,38.0000,51
41467683041597,11:31:07.683,37.9900,100
41524049073868,11:32:04.049,37.9800,97
41524049073868,11:32:04.049,37.9800,25
41524049073868,11:32:04.049,37.9800,21
41524049102453,11:32:04.049,37.9800,79
41524052720330,11:32:04.052,37.9700,200
41524052960589,11:32:04.052,37.9700,100
41524052960589,11:32:04.052,37.9600,7
41524101109383,11:32:04.101,37.9800,100
41524115321172,11:32:04.115,37.9900,100
41524115421046,11:32:04.115,38.0100,100
41524115421046,11:32:04.115,38.0100,100
41529005769386,11:32:09.005,38.0000,27
41529005785497,11:32:09.005,38.0000,73
41555794856725,11:32:35.794,37.9600,100
41555794883227,11:32:35.794,37.9600,2
41555797175070,11:32:35.797,37.9700,91
41555797183505,11:32:35.797,37.9700,109
41555797183505,11:32:35.797,37.9600,91
41555797183505,11:32:35.797,37.9600,100
41561776034359,11:32:41.776,37.9600,100
41648664452817,11:34:08.664,37.9600,100
41648664452817,11:34:08.664,37.9600,100
41648664452817,11:34:08.664,37.9600,200
41650994498775,11:34:10.994,37.9400,100
41650994523738,11:34:10.994,37.9300,100
41650994524955,11:34:10.994,37.9300,24
41650994526368,11:34:10.994,37.9300,100
41650994526865,11:34:10.994,37.9300,41
41650994544086,11:34:10.994,37.9300,100
41650994646216,11:34:10.994,37.9300,35
41650996317751,11:34:10.996,37.9200,100
41678319814009,11:34:38.319,37.9100,100
41678319814009,11:34:38.319,37.9100,100
41678319852724,11:34:38.319,37.9100,45
41678319872370,11:34:38.319,37.9100,55
41678319872370,11:34:38.319,37.9100,45
41678319875713,11:34:38.319,37.9100,55
41678319875713,11:34:38.319,37.9100,7
41678320045024,11:34:38.320,37.9100,74
41678320049031,11:34:38.320,37.9100,19
41678320049031,11:34:38.320,37.9100,26
41678320060533,11:34:38.320,37.9100,59
41678320070122,11:34:38.320,37.9100,15
41750831102645,11:35:50.831,37.9400,100
41750831102645,11:35:50.831,37.9400,2
41766150202942,11:36:06.150,37.9300,100
41766151754528,11:36:06.151,37.9200,100
41766151754528,11:36:06.151,37.9200,100
41766151754528,11:36:06.151,37.9200,100
41817956292810,11:36:57.956,37.9200,36
41817956305730,11:36:57.956,37.9200,64
41817956305730,11:36:57.956,37.9200,100
41817956305730,11:36:57.956,37.9200,6
41817956312800,11:36:57.956,37.9200,54
41854381866448,11:37:34.381,37.9200,40
41854381866448,11:37:34.381,37.9200,100
41854381866448,11:37:34.381,37.9200,38
41854382066256,11:37:34.382,37.9200,59
41854382224093,11:37:34.382,37.9200,41
41854384527664,11:37:34.384,37.9100,100
41854385971798,11:37:34.385,37.9100,100
41854386253239,11:37:34.386,37.9100,100
41857303578425,11:37:37.303,37.9000,100
41857303578425,11:37:37.303,37.9000,100
41898486128197,11:38:18.486,37.9000,100
41898486128197,11:38:18.486,37.9000,100
41899487151542,11:38:19.487,37.9000,100
41944138513452,11:39:04.138,37.9400,100
41961061855743,11:39:21.061,37.9200,10
41961954698450,11:39:21.954,37.9100,32
41966286882462,11:39:26.286,37.9100,58
42010403129582,11:40:10.403,37.9600,100
42010403129582,11:40:10.403,37.9600,100
42010403129582,11:40:10.403,37.9600,45
42012748960079,11:40:12.748,37.9600,6
42012892912852,11:40:12.892,37.9600,94
42012892912852,11:40:12.892,37.9600,100
42015434758994,11:40:15.434,38.0200,6
42036290042836,11:40:36.290,37.9500,100
42036291348853,11:40:36.291,37.9400,100
42038905771211,11:40:38.905,37.9700,6
42047955918040,11:40:47.955,37.9500,100
42050487423269,11:40:50.487,37.9200,200
42070855147616,11:41:10.855,37.9400,100
42073741972581,11:41:13.741,37.9500,54
42073741974537,11:41:13.741,37.9500,46
42073741974537,11:41:13.741,37.9500,54
42073741980290,11:41:13.741,37.9500,46
42073741980290,11:41:13.741,37.9500,8
42073742017200,11:41:13.742,37.9500,92
42073742017200,11:41:13.742,37.9500,100
42073742017200,11:41:13.742,37.9500,100
42081127364656,11:41:21.127,38.0000,1
42081127364656,11:41:21.127,38.0000,99
42094498930713,11:41:34.498,37.9700,100
42105435072518,11:41:45.435,37.9900,100
42108592122020,11:41:48.592,38.0000,100
42118735220442,11:41:58.735,38.0000,100
42118735530340,11:41:58.735,38.0000,100
42118735618777,11:41:58.735,38.0000,47
42122172282503,11:42:02.172,37.9600,100
42122172282503,11:42:02.172,37.9600,100
42122173320265,11:42:02.173,37.9500,100
42122173693655,11:42:02.173,37.9500,100
42122174426184,11:42:02.174,37.9500,100
42126634598174,11:42:06.634,37.9500,100
42126635674735,11:42:06.635,37.9400,100
42126636044062,11:42:06.636,37.9200,100
42126636044062,11:42:06.636,37.9200,100
42164745766584,11:42:44.745,37.9600,100
42164751835746,11:42:44.751,37.9700,100
42164751956635,11:42:44.751,37.9700,100
42164782103487,11:42:44.782,37.9700,100
42164782129956,11:42:44.782,37.9700,1
42164782178813,11:42:44.782,37.9700,99
42242463460454,11:44:02.463,37.9400,100
42242463460454,11:44:02.463,37.9400,100
42242463460454,11:44:02.463,37.9400,45
42242468668235,11:44:02.468,37.9250,100
42242543362625,11:44:02.543,37.9300,100
42242543362625,11:44:02.543,37.9300,100
42242551171863,11:44:02.551,37.9500,100
42309986112738,11:45:09.986,37.9500,100
42309986112738,11:45:09.986,37.9500,100
42309986112738,11:45:09.986,37.9500,100
42368205949446,11:46:08.205,37.9800,100
42380480546058,11:46:20.480,37.9900,100
42387665164947,11:46:27.665,38.0300,100
42395779711101,11:46:35.779,38.0500,100
42403635511223,11:46:43.635,38.0600,10
42417000867275,11:46:57.000,38.0600,100
42430021221540,11:47:10.021,38.0700,100
42435015849331,11:47:15.015,38.0400,100
42435015849331,11:47:15.015,38.0400,200
42435015849331,11:47:15.015,38.0400,34
42435015998903,11:47:15.015,38.0400,96
42435016026554,11:47:15.016,38.0400,54
42435016074630,11:47:15.016,38.0400,50
42435016093903,11:47:15.016,38.0400,25
42449073922937,11:47:29.073,38.0400,100
42482691003686,11:48:02.691,38.0400,75
42482691003686,11:48:02.691,38.0400,25
42486197188274,11:48:06.197,38.0400,75
42486197188274,11:48:06.197,38.0400,25
42486907833741,11:48:06.907,38.0400,100
42488485779424,11:48:08.485,38.0400,75
42488485779424,11:48:08.485,38.0400,25
42496499024664,11:48:16.499,38.0400,100
42496502374827,11:48:16.502,38.0400,75
42496502374827,11:48:16.502,38.0400,25
42496502603920,11:48:16.502,38.0400,34
42496502678094,11:48:16.502,38.0400,141
42496502849132,11:48:16.502,38.0400,100
42496504853733,11:48:16.504,38.0400,100
42496505303219,11:48:16.505,38.0500,100
42496506507128,11:48:16.506,38.0500,100
42496506624628,11:48:16.506,38.0400,32
42496507071795,11:48:16.507,38.0500,100
42496904786138,11:48:16.904,38.0400,68
42496904786138,11:48:16.904,38.0400,132
42496904842971,11:48:16.904,38.0400,68
42497213496816,11:48:17.213,38.0400,100
42499976602469,11:48:19.976,38.0400,100
42501582514196,11:48:21.582,38.0500,40
42501582928112,11:48:21.582,38.0600,96
42501582939649,11:48:21.582,38.0600,4
42501582939649,11:48:21.582,38.0600,50
42501582963291,11:48:21.582,38.0600,24
42501582963843,11:48:21.582,38.0600,22
42501582966333,11:48:21.582,38.0600,4
42501582966333,11:48:21.582,38.0600,100
42501582966333,11:48:21.582,38.0600,100
42501933631689,11:48:21.933,38.0800,100
42501933631689,11:48:21.933,38.0800,100
42529683519651,11:48:49.683,38.0700,100
42537229052231,11:48:57.229,38.0700,71
42569669572764,11:49:29.669,38.0900,100
42569758406593,11:49:29.758,38.1000,47
42569758411056,11:49:29.758,38.1000,53
42572006650298,11:49:32.006,38.1000,100
42590147242759,11:49:50.147,38.1000,100
42590147242759,11:49:50.147,38.1000,100
42602599361401,11:50:02.599,38.0900,100
42602599361401,11:50:02.599,38.0900,200
42602599361401,11:50:02.599,38.0900,100
42602599695643,11:50:02.599,38.0900,3
42620975238600,11:50:20.975,38.0900,197
42620975238600,11:50:20.975,38.0900,3
42620975274083,11:50:20.975,38.0900,97
42620975274083,11:50:20.975,38.0900,100
42620975372494,11:50:20.975,38.0900,200
42620975846680,11:50:20.975,38.0900,96
42620976310033,11:50:20.976,38.0900,200
42620976310033,11:50:20.976,38.0900,100
42620976479401,11:50:20.976,38.0800,96
42620976479401,11:50:20.976,38.0900,4
42624191484712,11:50:24.191,38.0800,15
42624191510781,11:50:24.191,38.0800,1
42625801826000,11:50:25.801,38.0800,84
42625801861136,11:50:25.801,38.0600,54
42625801862457,11:50:25.801,38.0600,33
42625802282423,11:50:25.802,38.0900,100
42630000268503,11:50:30.000,38.0500,1
42630000268503,11:50:30.000,38.0500,100
42630000268503,11:50:30.000,38.0500,99
42630000295754,11:50:30.000,38.0500,1
42630026562379,11:50:30.026,38.0500,100
42676166658237,11:51:16.166,38.0200,100
42676166658237,11:51:16.166,38.0200,100
42687180258187,11:51:27.180,38.0000,100
42710698661711,11:51:50.698,38.0200,100
42710699298347,11:51:50.699,38.0200,100
42710699491210,11:51:50.699,38.0200,100
42718003256100,11:51:58.003,38.0300,100
42718003256100,11:51:58.003,38.0300,100
42718003256100,11:51:58.003,38.0300,100
42718003755957,11:51:58.003,38.0400,100
42718227191925,11:51:58.227,38.0400,100
42734621329539,11:52:14.621,38.0200,100
42734621373913,11:52:14.621,38.0200,20
42734622839680,11:52:14.622,38.0200,100
42734698835811,11:52:14.698,38.0300,100
42734700817439,11:52:14.700,38.0400,100
42737155835107,11:52:17.155,38.0300,67
42737155841688,11:52:17.155,38.0300,33
42745703032568,11:52:25.703,38.0200,100
42745703060528,11:52:25.703,38.0200,100
42746241108892,11:52:26.241,38.0050,100
42746241108892,11:52:26.241,38.0050,100
42748377312360,11:52:28.377,38.0000,100
42748377335221,11:52:28.377,38.0000,100
42748377373794,11:52:28.377,38.0000,100
42752159617116,11:52:32.159,38.0000,100
42752159617116,11:52:32.159,38.0000,100
42752159648434,11:52:32.159,38.0000,200
42752159920794,11:52:32.159,38.0100,70
42752159933855,11:52:32.159,38.0100,30
42752160002076,11:52:32.160,38.0100,100
42752160009660,11:52:32.160,38.0100,29
42752160052985,11:52:32.160,38.0100,71
42752160052985,11:52:32.160,38.0100,29
42752160394940,11:52:32.160,38.0100,71
42752162185482,11:52:32.162,38.0200,100
42752461774296,11:52:32.461,38.0200,100
42769653008681,11:52:49.653,37.9800,100
42769653008681,11:52:49.653,37.9800,100
42964943167501,11:56:04.943,38.0300,100
42964943532412,11:56:04.943,38.0300,54
42964943545308,11:56:04.943,38.0300,46
42964943545308,11:56:04.943,38.0300,100
42965944606775,11:56:05.944,38.0300,100
42965948685215,11:56:05.948,38.0500,100
42982271934945,11:56:22.271,38.0900,100
42982405506986,11:56:22.405,38.0800,100
42996554528636,11:56:36.554,38.0800,30
42997966389290,11:56:37.966,38.0700,100
42997986865580,11:56:37.986,38.0500,100
42998041557975,11:56:38.041,38.0500,10
42998041642969,11:56:38.041,38.0500,30
42998041784980,11:56:38.041,38.0500,54
42998041794498,11:56:38.041,38.0500,6
42998042186980,11:56:38.042,38.0600,30
42998045221962,11:56:38.045,38.0800,100
43049964707846,11:57:29.964,38.0600,100
43049964752829,11:57:29.964,38.0600,100
43049964752829,11:57:29.964,38.0600,100
43049966905095,11:57:29.966,38.0500,100
43099979873072,11:58:19.979,38.0300,95
43099980461187,11:58:19.980,38.0300,100
43099981454571,11:58:19.981,38.0300,100
43100292172143,11:58:20.292,38.0300,44
43104114728054,11:58:24.114,38.0500,200
43115391287173,11:58:35.391,38.0500,8
43115391292731,11:58:35.391,38.0500,48
43140627851462,11:59:00.627,38.0400,100
43140627863374,11:59:00.627,38.0400,100
43142001745558,11:59:02.001,38.0500,100
43168442007673,11:59:28.442,38.0200,100
43168442239376,11:59:28.442,38.0200,6
43172155054313,11:59:32.155,38.0200,100
43172157219939,11:59:32.157,38.0200,194
43172226379112,11:59:32.226,38.0200,100
43185263303339,11:59:45.263,38.0400,100
43190623774381,11:59:50.623,38.0500,100
43190623774381,11:59:50.623,38.0500,200
43190623795666,11:59:50.623,38.0500,100
43190623801535,11:59:50.623,38.0500,300
43190623813527,11:59:50.623,38.0500,181
43190623817503,11:59:50.623,38.0500,19
43208567902173,12:00:08.567,38.0400,88
43219476843867,12:00:19.476,38.0400,100
43219477074873,12:00:19.477,38.0400,12
43248914706472,12:00:48.914,38.0500,48
43265442926856,12:01:05.442,38.0800,56
43265442938860,12:01:05.442,38.0800,44
43265442938860,12:01:05.442,38.0800,18
43265442944797,12:01:05.442,38.0800,38
43265443040364,12:01:05.443,38.0800,44
43274391464842,12:01:14.391,38.0700,100
43274391508220,12:01:14.391,38.0700,100
43274391538151,12:01:14.391,38.0700,300
43274391538151,12:01:14.391,38.0700,45
43274391555530,12:01:14.391,38.0700,155
43274391555530,12:01:14.391,38.0700,100
43294065887006,12:01:34.065,38.0300,20
43294065904720,12:01:34.065,38.0300,55
43294065991292,12:01:34.065,38.0300,10
43295776718444,12:01:35.776,38.0400,100
43295777273917,12:01:35.777,38.0400,100
43306557502565,12:01:46.557,38.0500,100
43306557502565,12:01:46.557,38.0500,100
43306558089001,12:01:46.558,38.0600,200
43307558490274,12:01:47.558,38.0500,100
43307882519022,12:01:47.882,38.0700,100
43333572818083,12:02:13.572,38.0600,100
43333672948314,12:02:13.672,38.0600,100
43347934592127,12:02:27.934,38.0700,100
43347934618435,12:02:27.934,38.0700,100
43356708090130,12:02:36.708,38.0800,55
43356708092733,12:02:36.708,38.0800,45
43373670896452,12:02:53.670,38.0800,100
43374936421500,12:02:54.936,38.0800,100
43374936520493,12:02:54.936,38.0800,100
43374936791770,12:02:54.936,38.0800,100
43379244009360,12:02:59.244,38.0700,100
43379244240516,12:02:59.244,38.0700,97
43379244250264,12:02:59.244,38.0700,165
43379244257294,12:02:59.244,38.0700,52
43379244280694,12:02:59.244,38.0700,367
43379244516721,12:02:59.244,38.0700,19
43379245315195,12:02:59.245,38.0600,100
43379245315195,12:02:59.245,38.0600,100
43379245315195,12:02:59.245,38.0600,100
43379245527892,12:02:59.245,38.0600,100
43379245527892,12:02:59.245,38.0600,100
43409623392919,12:03:29.623,38.0800,100
43409623658273,12:03:29.623,38.0800,100
43409623658273,12:03:29.623,38.0800,100
43409623736505,12:03:29.623,38.0900,100
43444596823565,12:04:04.596,38.0900,100
43444596823565,12:04:04.596,38.0900,100
43459748918111,12:04:19.748,38.0700,100
43482440164343,12:04:42.440,38.0700,7
43497040977511,12:04:57.040,38.0900,100
43497040977511,12:04:57.040,38.0900,100
43497041023869,12:04:57.041,38.0900,15
43497041069324,12:04:57.041,38.0900,85
43497041300610,12:04:57.041,38.1000,7
43497041491831,12:04:57.041,38.1000,15
43497041549818,12:04:57.041,38.1000,15
43497041638337,12:04:57.041,38.1000,15
43497041876931,12:04:57.041,38.1000,15
43497042103155,12:04:57.042,38.1000,15
43497042207474,12:04:57.042,38.1000,3
43497042240314,12:04:57.042,38.1000,12
43497044781400,12:04:57.044,38.1000,3
43516085659931,12:05:16.085,38.1000,100
43516085659931,12:05:16.085,38.1000,100
43516085659931,12:05:16.085,38.1000,10
43516085659931,12:05:16.085,38.1000,90
43516085760154,12:05:16.085,38.1000,10
43516085896743,12:05:16.085,38.1000,10
43516086023747,12:05:16.086,38.1100,100
43516086112813,12:05:16.086,38.1000,90
43516089483641,12:05:16.089,38.0900,10
43516089591139,12:05:16.089,38.0900,10
43516089951873,12:05:16.089,38.0800,100
43516093439215,12:05:16.093,38.0800,15
43516093439215,12:05:16.093,38.0750,100
43516093439215,12:05:16.093,38.0750,100
43516093439215,12:05:16.093,38.0750,100
43516093439215,12:05:16.093,38.0600,100
43516097335336,12:05:16.097,38.0600,100
43516099501097,12:05:16.099,38.0800,100
43516099501097,12:05:16.099,38.0600,100
43516099501097,12:05:16.099,38.0600,100
43516099501097,12:05:16.099,38.0600,100
43516099501097,12:05:16.099,38.0600,200
43516104072432,12:05:16.104,38.0500,10
43516104072432,12:05:16.104,38.0200,90
43516109302433,12:05:16.109,38.0500,100
43516109302433,12:05:16.109,38.0300,100
43516113016450,12:05:16.113,38.0200,10
43516113016450,12:05:16.113,38.0200,100
43516115547001,12:05:16.115,38.0200,100
43516115547001,12:05:16.115,38.0200,100
43516115547001,12:05:16.115,38.0200,100
43516115675804,12:05:16.115,38.0200,90
43516115699310,12:05:16.115,38.0200,120
43516118912412,12:05:16.118,38.0200,200
43516118912412,12:05:16.118,38.0200,300
43516118912412,12:05:16.118,38.0200,100
43516122675976,12:05:16.122,38.0100,10
43516122675976,12:05:16.122,38.0100,190
43516122706461,12:05:16.122,38.0100,10
43516128484739,12:05:16.128,37.9900,5
43520641450016,12:05:20.641,37.9700,100
43520641450016,12:05:20.641,37.9700,100
43520641526099,12:05:20.641,37.9700,100
43520641806647,12:05:20.641,37.9900,100
43520641948906,12:05:20.641,37.9600,5
43521032023671,12:05:21.032,37.9500,10
43521032424548,12:05:21.032,37.9400,5
43521147905778,12:05:21.147,37.9300,10
43521148284530,12:05:21.148,37.9200,5
43536815902518,12:05:36.815,37.9000,52
43536815908588,12:05:36.815,37.9000,48
43536815934351,12:05:36.815,37.9100,37
43536816129509,12:05:36.816,37.9100,54
43536816129990,12:05:36.816,37.9100,2
43536816161010,12:05:36.816,37.9100,7
43536816943918,12:05:36.816,37.9100,100
43536817857851,12:05:36.817,37.9100,22
43536818046280,12:05:36.818,37.9200,100
43555533671624,12:05:55.533,37.9000,100
43555533918182,12:05:55.533,37.8900,5
43555533918182,12:05:55.533,37.8900,5
43555533934324,12:05:55.533,37.8800,5
43555533942387,12:05:55.533,37.8800,5
43555533942387,12:05:55.533,37.8800,100
43606525975547,12:06:46.525,37.8800,100
43606525975547,12:06:46.525,37.8800,100
43606526205060,12:06:46.526,37.8900,4
43606526214134,12:06:46.526,37.8900,52
43606526217081,12:06:46.526,37.8900,55
43606526246180,12:06:46.526,37.8900,89
43606526246180,12:06:46.526,37.8900,100
43606526728085,12:06:46.526,37.8900,80
43611368429783,12:06:51.368,37.8800,100
43632168203497,12:07:12.168,37.8600,5
43632168203497,12:07:12.168,37.8600,5
43632168203497,12:07:12.168,37.8500,90
43632168747142,12:07:12.168,37.8500,10
43632169715246,12:07:12.169,37.8400,5
43632169715246,12:07:12.169,37.8400,95
43632170613688,12:07:12.170,37.8400,5
43632170613688,12:07:12.170,37.8400,100
43632172266777,12:07:12.172,37.8400,72
43632174253172,12:07:12.174,37.8400,100
43632174253172,12:07:12.174,37.8400,100
43632175624650,12:07:12.175,37.8400,100
43632177782190,12:07:12.177,37.8400,100
43632179778401,12:07:12.179,37.8400,100
43632182608765,12:07:12.182,37.8300,10
43632182608765,12:07:12.182,37.8300,100
43632183996830,12:07:12.183,37.8300,100
43632184052690,12:07:12.184,37.8300,100
43632187332525,12:07:12.187,37.8400,100
43632187332525,12:07:12.187,37.8400,100
43632191255459,12:07:12.191,37.8300,100
43632192643652,12:07:12.192,37.8300,100
43632195527357,12:07:12.195,37.8300,100
43632195527357,12:07:12.195,37.8300,100
43632195990034,12:07:12.195,37.8300,70
43632196161183,12:07:12.196,37.8300,30
43632201359968,12:07:12.201,37.8300,100
43632202629563,12:07:12.202,37.8300,100
43632204641924,12:07:12.204,37.8300,100
43632211529044,12:07:12.211,37.8100,5
43632211529044,12:07:12.211,37.8100,5
43632211529044,12:07:12.211,37.8100,100
43632211735351,12:07:12.211,37.8000,1
43632216486823,12:07:12.216,37.7900,100
43632216676377,12:07:12.216,37.7900,10
43632216676377,12:07:12.216,37.7900,100
43632216686046,12:07:12.216,37.7800,2
43632216799939,12:07:12.216,37.7800,22
43632216975844,12:07:12.216,37.7800,176
43632216975844,12:07:12.216,37.7800,34
43632216989518,12:07:12.216,37.7800,66
43632216989518,12:07:12.216,37.7800,34
43632217012825,12:07:12.217,37.7800,266
43647144228412,12:07:27.144,37.7700,20
43647144228412,12:07:27.144,37.7700,100
43647144228412,12:07:27.144,37.7700,80
43647144287970,12:07:27.144,37.7700,20
43648242988895,12:07:28.242,37.7600,1
43648242988895,12:07:28.242,37.7600,31
43659136155378,12:07:39.136,37.7800,100
43659136299536,12:07:39.136,37.7900,100
43659136299536,12:07:39.136,37.7900,100
43659136538084,12:07:39.136,37.8000,60
43659136542471,12:07:39.136,37.8000,52
43659136546391,12:07:39.136,37.8000,2
43659136627754,12:07:39.136,37.8000,48
43659136636313,12:07:39.136,37.8000,45
43659137615626,12:07:39.137,37.7900,100
43659138371142,12:07:39.138,37.7800,100
43681640903697,12:08:01.640,37.7900,48
43681640905200,12:08:01.640,37.7900,52
43681640925403,12:08:01.640,37.8000,55
43681643069592,12:08:01.643,37.8000,3000
43692947894215,12:08:12.947,37.8000,52
43692947938256,12:08:12.947,37.8000,6681
43692948709495,12:08:12.948,37.8100,100
43735127836494,12:08:55.127,37.8550,1
43735926117001,12:08:55.926,37.8300,6
43744610072370,12:09:04.610,37.8300,6
43755099563862,12:09:15.099,37.8600,6
43766553603472,12:09:26.553,37.8900,100
43766553603472,12:09:26.553,37.8900,100
43780709275874,12:09:40.709,37.9000,200
43807469601144,12:10:07.469,37.9400,100
43826128776423,12:10:26.128,37.9300,200
43826128800917,12:10:26.128,37.9300,100
43826128804066,12:10:26.128,37.9300,100
43826128839136,12:10:26.128,37.9300,100
43862386504128,12:11:02.386,37.9600,100
43862386504128,12:11:02.386,37.9600,100
43862386504128,12:11:02.386,37.9600,100
43868500819151,12:11:08.500,37.9800,200
43874509472133,12:11:14.509,38.0100,100
43885785985187,12:11:25.785,38.0200,100
43885786085781,12:11:25.786,38.0100,100
43885786246532,12:11:25.786,38.0000,100
43885786246532,12:11:25.786,38.0000,100
43885786610376,12:11:25.786,38.0000,15
43885786640893,12:11:25.786,38.0000,85
43885786640893,12:11:25.786,38.0000,15
43885786650051,12:11:25.786,38.0000,48
43885786736930,12:11:25.786,38.0000,52
43915944769046,12:11:55.944,38.0200,100
43920103967733,12:12:00.103,38.0400,100
43936274790032,12:12:16.274,38.1000,77
43936274990248,12:12:16.274,38.0700,100
43946344483664,12:12:26.344,38.1000,100
43980736882845,12:13:00.736,38.1400,100
43980737384274,12:13:00.737,38.1400,100
43987820927359,12:13:07.820,38.1300,100
43987821354617,12:13:07.821,38.1200,300
43987821354617,12:13:07.821,38.1200,100
43987821354617,12:13:07.821,38.1200,100
43987821522821,12:13:07.821,38.1200,100
43987821640463,12:13:07.821,38.1200,100
43987821762176,12:13:07.821,38.1200,100
43987821762176,12:13:07.821,38.1200,200
43987821951157,12:13:07.821,38.1200,100
43989003851918,12:13:09.003,38.1200,100
43989003851918,12:13:09.003,38.1200,100
43989003906085,12:13:09.003,38.1200,100
44002687047857,12:13:22.687,38.1200,100
44002687074559,12:13:22.687,38.1200,100
44002687074559,12:13:22.687,38.1200,100
44002687075436,12:13:22.687,38.1200,200
44005111294489,12:13:25.111,38.1200,100
44005111294489,12:13:25.111,38.1200,100
44048767546532,12:14:08.767,38.1200,100
44048767546532,12:14:08.767,38.1200,100
44048767546532,12:14:08.767,38.1200,200
44048768005307,12:14:08.768,38.1200,100
44048768005307,12:14:08.768,38.1200,100
44097365207300,12:14:57.365,38.1300,50
44097365243630,12:14:57.365,38.1300,50
44097365243630,12:14:57.365,38.1300,100
44097365243630,12:14:57.365,38.1300,100
44097366326771,12:14:57.366,38.1200,100
44097366326771,12:14:57.366,38.1200,200
44097366815360,12:14:57.366,38.1200,100
44097366896926,12:14:57.366,38.1200,100
44097366968943,12:14:57.366,38.1200,100
44097367077923,12:14:57.367,38.1200,100
44097367171431,12:14:57.367,38.1200,100
44097367172009,12:14:57.367,38.1200,100
44097367356695,12:14:57.367,38.1200,100
44097367356695,12:14:57.367,38.1200,100
44097900942554,12:14:57.900,38.1200,100
44097901771776,12:14:57.901,38.1200,100
44102931465091,12:15:02.931,38.1200,8
44108103892985,12:15:08.103,38.1000,100
44108104949350,12:15:08.104,38.0900,100
44165004055427,12:16:05.004,38.1200,1
44184094258307,12:16:24.094,38.0900,300
44184094987922,12:16:24.094,38.0900,100
44213451435813,12:16:53.451,38.1100,100
44229837115861,12:17:09.837,38.1500,100
44233127049129,12:17:13.127,38.1500,100
44233127049129,12:17:13.127,38.1500,100
44237766581685,12:17:17.766,38.1500,100
44260202677112,12:17:40.202,38.1900,36
44260202677112,12:17:40.202,38.1900,64
44264228022676,12:17:44.228,38.1900,36
44264228022676,12:17:44.228,38.2000,64
44280288401826,12:18:00.288,38.2000,100
44307396959853,12:18:27.396,38.2000,100
44330498729484,12:18:50.498,38.1400,300
44330498729484,12:18:50.498,38.1400,100
44330498729484,12:18:50.498,38.1400,20
44330498729484,12:18:50.498,38.1400,100
44330498729484,12:18:50.498,38.1400,20
44330498791232,12:18:50.498,38.1400,103
44330498821691,12:18:50.498,38.1400,197
44330579072774,12:18:50.579,38.1600,100
44345174639759,12:19:05.174,38.1700,100
44345174639759,12:19:05.174,38.1700,100
44345174639759,12:19:05.174,38.1700,200
44357327842232,12:19:17.327,38.2000,296
44357327914961,12:19:17.327,38.2000,200
44357327970724,12:19:17.327,38.2000,200
44357328292756,12:19:17.328,38.2000,2068
44357328298077,12:19:17.328,38.2000,1778
44357328298077,12:19:17.328,38.2000,100
44357380151483,12:19:17.380,38.2000,99
44378672858811,12:19:38.672,38.2400,100
44388065658541,12:19:48.065,38.2600,1
44388065658541,12:19:48.065,38.2500,99
44391694794575,12:19:51.694,38.2500,1
44391694794575,12:19:51.694,38.2500,2
44410812193595,12:20:10.812,38.2800,100
44426032131342,12:20:26.032,38.2800,100
44427084823844,12:20:27.084,38.2800,100
44434766105557,12:20:34.766,38.3000,1
44466113578625,12:21:06.113,38.3500,100
44466114721545,12:21:06.114,38.3400,100
44466116915736,12:21:06.116,38.3200,200
44466116915736,12:21:06.116,38.3200,27
44476153456368,12:21:16.153,38.3600,100
44481800466658,12:21:21.800,38.3400,73
44481800466658,12:21:21.800,38.3400,100
44491226746567,12:21:31.226,38.3800,100
44491226746567,12:21:31.226,38.3800,100
44491229208483,12:21:31.229,38.3800,19
44491229244581,12:21:31.229,38.3800,81
44491229282333,12:21:31.229,38.3800,81
44491229332636,12:21:31.229,38.3800,19
44492446715495,12:21:32.446,38.3800,10
44503794068529,12:21:43.794,38.3800,90
44503794068529,12:21:43.794,38.3800,100
44503794068529,12:21:43.794,38.3800,10
44503794099520,12:21:43.794,38.3800,90
44503794119687,12:21:43.794,38.3800,90
44503794244188,12:21:43.794,38.3800,100
44503794300455,12:21:43.794,38.3800,90
44503794350975,12:21:43.794,38.3800,10
44503794368953,12:21:43.794,38.3800,6
44503795470552,12:21:43.795,38.3800,94
44503795470552,12:21:43.795,38.3800,6
44503802672043,12:21:43.802,38.4000,100
44515210277541,12:21:55.210,38.3900,50
44553617256519,12:22:33.617,38.4200,100
44570054450574,12:22:50.054,38.3800,94
44570054450574,12:22:50.054,38.3800,100
44570054450574,12:22:50.054,38.3800,100
44570054450574,12:22:50.054,38.3800,200
44570054509680,12:22:50.054,38.3800,156
44570055524291,12:22:50.055,38.3800,100
44570416283856,12:22:50.416,38.3800,100
44571240214783,12:22:51.240,38.3800,29
44571240246090,12:22:51.240,38.3800,71
44572160304815,12:22:52.160,38.3800,100
44572160304815,12:22:52.160,38.3800,300
44572161358718,12:22:52.161,38.3800,100
44572161358718,12:22:52.161,38.3800,246
44579817511305,12:22:59.817,38.3500,20
44579817511305,12:22:59.817,38.3500,80
44633715091294,12:23:53.715,38.4000,7
44640764144135,12:24:00.764,38.3900,400
44640764512735,12:24:00.764,38.3900,1
44640765655054,12:24:00.765,38.3800,700
44640766300801,12:24:00.766,38.3800,300
44640833822290,12:24:00.833,38.3800,1
44641133584252,12:24:01.133,38.3900,1
44642362880342,12:24:02.362,38.3900,1
44646155961685,12:24:06.155,38.3900,4
44648955426083,12:24:08.955,38.3900,1
44649794579519,12:24:09.794,38.3900,1
44650407081296,12:24:10.407,38.3900,92
44650407081296,12:24:10.407,38.3500,8
44658594556738,12:24:18.594,38.3300,4
44677544308011,12:24:37.544,38.3800,168
44731245301740,12:25:31.245,38.3600,89
44731245453127,12:25:31.245,38.3600,11
44782967594187,12:26:22.967,38.4400,100
44795250519202,12:26:35.250,38.4400,100
44802502078339,12:26:42.502,38.4700,100
44846936748467,12:27:26.936,38.5000,100
44862012981501,12:27:42.012,38.5000,100
44871567711818,12:27:51.567,38.4400,100
44871567711818,12:27:51.567,38.4400,100
44871567711818,12:27:51.567,38.4400,405
44871567742410,12:27:51.567,38.4400,548
44871567798319,12:27:51.567,38.4400,72
44871567943684,12:27:51.567,38.4400,75
44871567943684,12:27:51.567,38.4400,18
44871567944481,12:27:51.567,38.4400,82
44871567944481,12:27:51.567,38.4400,57
44871567951552,12:27:51.567,38.4400,43
44871569319892,12:27:51.569,38.4200,300
44871569369852,12:27:51.569,38.4200,10
44886442056043,12:28:06.442,38.4100,10
44886442056043,12:28:06.442,38.4100,90
44886442085379,12:28:06.442,38.4100,10
44886442159162,12:28:06.442,38.4100,100
44888882372200,12:28:08.882,38.4000,1
44900034884501,12:28:20.034,38.3900,200
44991804167728,12:29:51.804,38.4100,100
44991804376235,12:29:51.804,38.4200,100
44991804399976,12:29:51.804,38.4200,48
44991804410764,12:29:51.804,38.4200,24
44991804431562,12:29:51.804,38.4200,28
44991812309549,12:29:51.812,38.4300,100
44993263010951,12:29:53.263,38.4200,100
45000702756436,12:30:00.702,38.4200,100
45008549506017,12:30:08.549,38.4200,100
45008549550115,12:30:08.549,38.4200,100
45008550201411,12:30:08.550,38.4200,100
45015250943641,12:30:15.250,38.4200,100
45028155372124,12:30:28.155,38.4100,100
45037462449002,12:30:37.462,38.3900,54
45037462451984,12:30:37.462,38.4000,100
45037462451984,12:30:37.462,38.3900,1
45037462459108,12:30:37.462,38.3900,113
45037462475055,12:30:37.462,38.3900,32
45058546012871,12:30:58.546,38.4100,100
45058546012871,12:30:58.546,38.4100,100
45058546012871,12:30:58.546,38.4100,100
45058546178683,12:30:58.546,38.4200,2
45058546206376,12:30:58.546,38.4200,98
45058546460530,12:30:58.546,38.4200,37
45058546470324,12:30:58.546,38.4200,51
45058546473134,12:30:58.546,38.4200,12
45058547466639,12:30:58.547,38.4200,100
45058547491947,12:30:58.547,38.4200,100
45058547491947,12:30:58.547,38.4200,100
45058547491947,12:30:58.547,38.4200,100
45113635729509,12:31:53.635,38.4100,100
45113635755939,12:31:53.635,38.4100,500
45113635755939,12:31:53.635,38.4100,200
45113635755939,12:31:53.635,38.4100,100
45113635755939,12:31:53.635,38.4100,100
45113636009534,12:31:53.636,38.4100,85
45113636011497,12:31:53.636,38.4100,15
45113636011497,12:31:53.636,38.4100,52
45113636015593,12:31:53.636,38.4100,15
45113636038203,12:31:53.636,38.4100,133
45113636038203,12:31:53.636,38.4100,100
45113636038203,12:31:53.636,38.4100,82
45113636042420,12:31:53.636,38.4100,18
45113636042420,12:31:53.636,38.4100,16
45113636048177,12:31:53.636,38.4100,51
45113636057827,12:31:53.636,38.4100,33
45113636399750,12:31:53.636,38.4000,41
45113636567218,12:31:53.636,38.4000,41
45113637046603,12:31:53.637,38.4000,18
45113667890436,12:31:53.667,38.4000,100
45128103726734,12:32:08.103,38.3800,100
45128103736276,12:32:08.103,38.3800,100
45128103996119,12:32:08.103,38.3700,5
45128103996119,12:32:08.103,38.3600,5
45128103996119,12:32:08.103,38.3600,30
45128104025419,12:32:08.104,38.3600,52
45147191273212,12:32:27.191,38.3600,200
45147191381775,12:32:27.191,38.3500,32
45177052562962,12:32:57.052,38.3600,100
45177052572005,12:32:57.052,38.3600,100
45177053106066,12:32:57.053,38.3900,2
45177053107613,12:32:57.053,38.3900,98
45256849711178,12:34:16.849,38.3600,28
45421512196311,12:37:01.512,38.3500,200
45421512196311,12:37:01.512,38.3500,100
45421512196311,12:37:01.512,38.3500,30
45421574028886,12:37:01.574,38.3500,100
45423503354248,12:37:03.503,38.3200,2
45423503354248,12:37:03.503,38.3200,39
45423503355704,12:37:03.503,38.3200,61
45432138579847,12:37:12.138,38.3100,100
45436984525787,12:37:16.984,38.3000,5
45436984525787,12:37:16.984,38.2800,1
45436984525787,12:37:16.984,38.2800,100
45436984525787,12:37:16.984,38.2800,194
45438929100156,12:37:18.929,38.2600,1
45442389004647,12:37:22.389,38.3000,100
45473060853088,12:37:53.060,38.2900,100
45473060948526,12:37:53.060,38.2900,108
45473061080567,12:37:53.061,38.2900,39
45473061093904,12:37:53.061,38.2900,51
45476035172408,12:37:56.035,38.2900,100
45476035172408,12:37:56.035,38.2900,100
45502186673494,12:38:22.186,38.2800,51
45502186679480,12:38:22.186,38.2800,49
45502186701669,12:38:22.186,38.3000,100
45502186709838,12:38:22.186,38.3100,57
45502186710470,12:38:22.186,38.3100,2
45502186716804,12:38:22.186,38.3100,41
45531941378739,12:38:51.941,38.2800,100
45531941378739,12:38:51.941,38.2800,100
45564599627165,12:39:24.599,38.2600,100
45564599627165,12:39:24.599,38.2600,24
45564599676224,12:39:24.599,38.2600,76
45564617319628,12:39:24.617,38.2600,71
45572697022336,12:39:32.697,38.2500,71
45601973377751,12:40:01.973,38.2700,30
45601973412080,12:40:01.973,38.2700,70
45601973859476,12:40:01.973,38.2600,100
45603442586492,12:40:03.442,38.2500,100
45603442612333,12:40:03.442,38.2500,100
45615986421913,12:40:15.986,38.2300,10
45615986421913,12:40:15.986,38.2200,5
45615986421913,12:40:15.986,38.2200,85
45615986593200,12:40:15.986,38.2200,15
45615986593200,12:40:15.986,38.2200,100
45632791230797,12:40:32.791,38.2000,5
45632791230797,12:40:32.791,38.1900,10
45648635843590,12:40:48.635,38.1800,1
45648659598142,12:40:48.659,38.1600,100
45648659598142,12:40:48.659,38.1600,99
45648665274259,12:40:48.665,38.1500,100
45648665274259,12:40:48.665,38.1500,10
45648665274259,12:40:48.665,38.1500,100
45648665274259,12:40:48.665,38.1500,91
45648665639337,12:40:48.665,38.1500,9
45648665649109,12:40:48.665,38.1500,100
45648666958988,12:40:48.666,38.1500,100
45648666958988,12:40:48.666,38.1500,100
45648668189474,12:40:48.668,38.1700,100
45708554457416,12:41:48.554,38.1500,120
45708768031241,12:41:48.768,38.1400,10
45708768031241,12:41:48.768,38.1400,67
45708768068002,12:41:48.768,38.1400,33
45710910216357,12:41:50.910,38.1300,100
45710910222627,12:41:50.910,38.1300,100
45710910262024,12:41:50.910,38.1300,31
45710910449466,12:41:50.910,38.1300,50
45710910461666,12:41:50.910,38.1300,19
45710910461666,12:41:50.910,38.1300,33
45710910517396,12:41:50.910,38.1300,31
45710910684324,12:41:50.910,38.1300,31
45710910748728,12:41:50.910,38.1300,5
45766283018182,12:42:46.283,38.1000,100
45774614156180,12:42:54.614,38.1100,300
45794951520754,12:43:14.951,38.0900,5
45882699998412,12:44:42.699,38.0900,100
45882699998412,12:44:42.699,38.0900,100
45897983665722,12:44:57.983,38.1100,100
45897983665722,12:44:57.983,38.1100,100
45897984990774,12:44:57.984,38.1100,62
45897985000578,12:44:57.985,38.1100,38
45961979340689,12:46:01.979,38.1200,100
45961980203951,12:46:01.980,38.1200,100
45965272363574,12:46:05.272,38.1200,100
45968538934494,12:46:08.538,38.1200,200
45968538934494,12:46:08.538,38.1200,100
45968539000975,12:46:08.539,38.1200,73
45968539005833,12:46:08.539,38.1200,200
45968539124373,12:46:08.539,38.1200,100
45973955402089,12:46:13.955,38.1100,100
45973955402089,12:46:13.955,38.1100,100
46070917598919,12:47:50.917,38.1000,100
46111535485952,12:48:31.535,38.1000,30
46111535485952,12:48:31.535,38.1000,25
46111535485952,12:48:31.535,38.1000,100
46152918743002,12:49:12.918,38.0700,100
46152918743002,12:49:12.918,38.0700,12
46152918743002,12:49:12.918,38.0700,88
46161729576462,12:49:21.729,38.0600,10
46161731848023,12:49:21.731,38.0500,10
46161731848023,12:49:21.731,38.0500,90
46187324360844,12:49:47.324,38.0700,100
46187625128435,12:49:47.625,38.0700,100
46215649871224,12:50:15.649,38.0900,100
46215649896016,12:50:15.649,38.0900,100
46222237859023,12:50:22.237,38.1200,100
46223281098345,12:50:23.281,38.1400,100
46223281100321,12:50:23.281,38.1500,100
46223285650200,12:50:23.285,38.1500,100
46230775806940,12:50:30.775,38.1500,100
46230775968250,12:50:30.775,38.1700,100
46230775994011,12:50:30.775,38.1700,100
46238251452030,12:50:38.251,38.2000,100
46331906817892,12:52:11.906,38.1800,90
46331906890220,12:52:11.906,38.1800,10
46331906890220,12:52:11.906,38.1800,100
46331906890220,12:52:11.906,38.1800,100
46331907600480,12:52:11.907,38.1700,40
46331907627481,12:52:11.907,38.1700,60
46331908417663,12:52:11.908,38.1700,10
46331908420772,12:52:11.908,38.1700,2
46331908443928,12:52:11.908,38.1700,3
46331965056539,12:52:11.965,38.1700,100
46331971740103,12:52:11.971,38.1600,100
46331971763151,12:52:11.971,38.1500,100
46332001984729,12:52:12.001,38.1450,100
46332001984729,12:52:12.001,38.1400,100
46332001984729,12:52:12.001,38.1400,200
46332002013086,12:52:12.002,38.1400,100
46332002017856,12:52:12.002,38.1400,100
46332002231315,12:52:12.002,38.1300,2
46332002238782,12:52:12.002,38.1300,3
46332024316384,12:52:12.024,38.1300,100
46333851027488,12:52:13.851,38.1300,100
46333851061748,12:52:13.851,38.1300,107
46333851061748,12:52:13.851,38.1300,100
46334007903750,12:52:14.007,38.1400,100
46334007903750,12:52:14.007,38.1400,100
46471335099716,12:54:31.335,38.1200,100
46471335099716,12:54:31.335,38.1200,20
46471335099716,12:54:31.335,38.1200,56
46471335147441,12:54:31.335,38.1200,44
46471335147441,12:54:31.335,38.1200,100
46471336105986,12:54:31.336,38.1100,1
46471340756423,12:54:31.340,38.1100,87
46471340789334,12:54:31.340,38.1100,13
46473933694757,12:54:33.933,38.1200,80
46473933719557,12:54:33.933,38.1200,20
46473933719557,12:54:33.933,38.1200,100
46499572398186,12:54:59.572,38.1200,100
46499572766328,12:54:59.572,38.1200,100
46510815587933,12:55:10.815,38.1200,100
46510815699143,12:55:10.815,38.1200,100
46510816100034,12:55:10.816,38.1200,100
46535472351581,12:55:35.472,38.1000,10
46535472351581,12:55:35.472,38.1000,35
46535472352412,12:55:35.472,38.1000,5
46540496038954,12:55:40.496,38.1000,10
46540496038954,12:55:40.496,38.0900,100
46540496038954,12:55:40.496,38.0900,10
46540496038954,12:55:40.496,38.0900,80
46540496075829,12:55:40.496,38.0900,20
46545592426954,12:55:45.592,38.0800,10
46545592426954,12:55:45.592,38.0800,10
46545593275548,12:55:45.593,38.0700,20
46561292639835,12:56:01.292,38.0700,100
46561292671683,12:56:01.292,38.0700,100
46561292804348,12:56:01.292,38.0800,100
46561292804348,12:56:01.292,38.0800,100
46561292804348,12:56:01.292,38.0800,30
46561295680139,12:56:01.295,38.0900,14
46568269856721,12:56:08.269,38.1000,100
46689917110139,12:58:09.917,38.1200,14
46689917110139,12:58:09.917,38.1200,100
46689917110139,12:58:09.917,38.1200,86
46767374882885,12:59:27.374,38.1200,12
46767374910999,12:59:27.374,38.1200,71
46767374910999,12:59:27.374,38.1200,200
46767374910999,12:59:27.374,38.1200,100
46767375150335,12:59:27.375,38.1400,56
46767375169975,12:59:27.375,38.1400,44
46767375413763,12:59:27.375,38.1500,28
46767411999315,12:59:27.411,38.1500,72
46772186081126,12:59:32.186,38.1600,100
46772186081126,12:59:32.186,38.1700,22
46774912561932,12:59:34.912,38.1700,22
46824429102984,13:00:24.429,38.1500,100
46824429102984,13:00:24.429,38.1500,25
46834879498273,13:00:34.879,38.1400,100
46834879507424,13:00:34.879,38.1400,100
46868847178222,13:01:08.847,38.1500,100
46937703200295,13:02:17.703,38.1500,200
46937706218178,13:02:17.706,38.1400,100
46937706295310,13:02:17.706,38.1400,100
46937706295310,13:02:17.706,38.1400,100
47002683875407,13:03:22.683,38.1400,100
47002683875407,13:03:22.683,38.1400,100
47002683875407,13:03:22.683,38.1400,100
47002683953650,13:03:22.683,38.1400,100
47004005654287,13:03:24.005,38.1300,9
47012210287526,13:03:32.210,38.1100,10
47012210287526,13:03:32.210,38.0900,90
47012214906835,13:03:32.214,38.0900,10
47020038473597,13:03:40.038,38.1000,78
47030090725513,13:03:50.090,38.1000,100
47030090725513,13:03:50.090,38.1000,100
47208920803393,13:06:48.920,38.0900,95
47208920806015,13:06:48.920,38.0900,5
47208920806015,13:06:48.920,38.0900,44
47208920807527,13:06:48.920,38.0900,56
47226824494027,13:07:06.824,38.0800,20
47226824494027,13:07:06.824,38.0800,10
47226824494027,13:07:06.824,38.0700,10
47226824494027,13:07:06.824,38.0600,10
47226824494027,13:07:06.824,38.0600,10
47396187480592,13:09:56.187,38.0600,60
47396187480592,13:09:56.187,38.0600,132
47405807589835,13:10:05.807,38.0600,68
47405807589835,13:10:05.807,38.0600,32
47405808067587,13:10:05.808,38.0600,10
47424508560631,13:10:24.508,38.0600,58
47424508560631,13:10:24.508,38.0600,42
47424522884689,13:10:24.522,38.0600,58
47424522884689,13:10:24.522,38.0600,12
47424522884689,13:10:24.522,38.0600,30
47497359982095,13:11:37.359,38.0800,100
47497359993105,13:11:37.359,38.0800,100
47497360022774,13:11:37.360,38.0800,100
47497360022774,13:11:37.360,38.0800,23
47497360022774,13:11:37.360,38.0800,200
47497360022774,13:11:37.360,38.0800,100
47497360022774,13:11:37.360,38.0800,100
47497360832696,13:11:37.360,38.0900,100
47497360832696,13:11:37.360,38.0900,100
47497360903672,13:11:37.360,38.0900,43
47497361088500,13:11:37.361,38.0900,48
47497362008501,13:11:37.362,38.0900,9
47497362008501,13:11:37.362,38.0900,100
47497362167394,13:11:37.362,38.0900,100
47499733927042,13:11:39.733,38.1400,100
47736065478302,13:15:36.065,38.1800,100
47736068327644,13:15:36.068,38.1700,100
47751538930949,13:15:51.538,38.1500,100
47751539019365,13:15:51.539,38.1500,100
47751539019365,13:15:51.539,38.1500,33
47751539250519,13:15:51.539,38.1500,67
47751539694550,13:15:51.539,38.1500,100
47940636565758,13:19:00.636,38.1100,28
47940636980400,13:19:00.636,38.1100,68
47942760572128,13:19:02.760,38.1100,100
47942760572128,13:19:02.760,38.1100,100
47942760602063,13:19:02.760,38.1100,42
47942836683583,13:19:02.836,38.1200,100
48057777422291,13:20:57.777,38.1000,20
48057858080308,13:20:57.858,38.1100,10
48057858080308,13:20:57.858,38.1100,90
48057883284727,13:20:57.883,38.1100,10
48063394698759,13:21:03.394,38.1200,100
48063791855853,13:21:03.791,38.1100,2
48070108332469,13:21:10.108,38.1100,98
48070108332469,13:21:10.108,38.1100,100
48070108332469,13:21:10.108,38.1100,2
48070108414276,13:21:10.108,38.1100,76
48095575196108,13:21:35.575,38.1200,100
48095575196108,13:21:35.575,38.1200,200
48095575196108,13:21:35.575,38.1200,100
48095575634211,13:21:35.575,38.1300,200
48095575950977,13:21:35.575,38.1300,100
48122717751842,13:22:02.717,38.1600,46
48155581756743,13:22:35.581,38.1600,200
48155581756743,13:22:35.581,38.1700,100
48206983830789,13:23:26.983,38.1300,100
48301030331310,13:25:01.030,38.1300,5
48301030357945,13:25:01.030,38.1300,95
48301030357945,13:25:01.030,38.1300,100
48301030357945,13:25:01.030,38.1300,100
48301047036645,13:25:01.047,38.1200,20
48301113717333,13:25:01.113,38.1300,100
48302483879596,13:25:02.483,38.1300,9
48303038049330,13:25:03.038,38.1100,4
48307005112154,13:25:07.005,38.1300,91
48307005112154,13:25:07.005,38.1300,100
48307005112154,13:25:07.005,38.1300,9
48307005144165,13:25:07.005,38.1300,91
48307010846776,13:25:07.010,38.1500,100
48307055736749,13:25:07.055,38.1500,67
48307105035333,13:25:07.105,38.1400,21
48307306155179,13:25:07.306,38.1400,79
48481063917101,13:28:01.063,38.1000,20
48481108046950,13:28:01.108,38.1000,70
48484314485848,13:28:04.314,38.1000,100
48484314516587,13:28:04.314,38.1000,100
48484314516587,13:28:04.314,38.1000,100
48505481282805,13:28:25.481,38.1300,100
48640793451592,13:30:40.793,38.1200,33
48658696027200,13:30:58.696,38.1100,100
48723251994443,13:32:03.251,38.1200,2
48723251994443,13:32:03.251,38.1200,28
48723251994443,13:32:03.251,38.1200,70
48755939522101,13:32:35.939,38.1300,100
48755939522101,13:32:35.939,38.1300,100
48755940199416,13:32:35.940,38.1400,100
48755940425145,13:32:35.940,38.1400,47
48755940429971,13:32:35.940,38.1400,47
48755940453217,13:32:35.940,38.1400,106
48755940453217,13:32:35.940,38.1400,100
48755940453217,13:32:35.940,38.1400,100
48755940453217,13:32:35.940,38.1400,100
48755940530986,13:32:35.940,38.1400,100
48756941447976,13:32:36.941,38.1500,100
48756941465144,13:32:36.941,38.1400,100
48805682210009,13:33:25.682,38.2000,100
49016666266189,13:36:56.666,38.1800,1
49016666266189,13:36:56.666,38.1800,100
49016666266189,13:36:56.666,38.1800,100
49016666266189,13:36:56.666,38.1800,99
49016666301084,13:36:56.666,38.1800,1
49016666301084,13:36:56.666,38.1800,100
49016666728655,13:36:56.666,38.1700,18
49016668498998,13:36:56.668,38.1700,82
49016670569612,13:36:56.670,38.1800,100
49016670569612,13:36:56.670,38.1800,100
49016670639633,13:36:56.670,38.1800,10
49034009054695,13:37:14.009,38.1600,7
49034009054695,13:37:14.009,38.1600,93
49034009056881,13:37:14.009,38.1600,7
49034095286952,13:37:14.095,38.1600,1
49034095286952,13:37:14.095,38.1600,1
49034155750601,13:37:14.155,38.1600,39
49041362911072,13:37:21.362,38.1500,39
49041364523466,13:37:21.364,38.1400,100
49041364756852,13:37:21.364,38.1400,52
49126147778794,13:38:46.147,38.1600,100
49126147778794,13:38:46.147,38.1600,100
49126147778794,13:38:46.147,38.1600,100
49126147778794,13:38:46.147,38.1600,100
49126147778794,13:38:46.147,38.1600,100
49126148162366,13:38:46.148,38.1700,55
49126148187448,13:38:46.148,38.1700,45
49126152168839,13:38:46.152,38.1800,100
49126152193465,13:38:46.152,38.1800,100
49126152348049,13:38:46.152,38.1800,100
49139038594294,13:38:59.038,38.1800,100
49195648003650,13:39:55.648,38.1600,100
49200332508332,13:40:00.332,38.1700,11
49232448264381,13:40:32.448,38.1600,100
49232448275023,13:40:32.448,38.1600,2
49232448491643,13:40:32.448,38.1600,94
49232448494389,13:40:32.448,38.1600,4
49232448494389,13:40:32.448,38.1600,100
49245710697492,13:40:45.710,38.1700,43
49285276605781,13:41:25.276,38.1400,100
49288142302853,13:41:28.142,38.1600,189
49289688600876,13:41:29.688,38.1600,100
49291311083543,13:41:31.311,38.1400,63
49371647657315,13:42:51.647,38.1400,100
49371647701768,13:42:51.647,38.1400,100
49371649278594,13:42:51.649,38.1400,51
49372119134571,13:42:52.119,38.1400,29
49372119164429,13:42:52.119,38.1400,71
49388406153270,13:43:08.406,38.1600,100
49388406180367,13:43:08.406,38.1600,100
49388406180367,13:43:08.406,38.1600,100
49425302517647,13:43:45.302,38.1900,51
49425302517647,13:43:45.302,38.1900,49
49438566720830,13:43:58.566,38.1900,51
49512843114943,13:45:12.843,38.1700,44
49512843117472,13:45:12.843,38.1700,56
49512843117472,13:45:12.843,38.1700,32
49512843117472,13:45:12.843,38.1700,10
49512843117472,13:45:12.843,38.1700,44
49512843161943,13:45:12.843,38.1700,56
49554022220902,13:45:54.022,38.1500,100
49599399711795,13:46:39.399,38.1300,20
49599399711795,13:46:39.399,38.1300,80
49646717150314,13:47:26.717,38.1300,20
49694835306511,13:48:14.835,38.1300,100
49694835306511,13:48:14.835,38.1300,100
49700771406878,13:48:20.771,38.1400,100
49700771435145,13:48:20.771,38.1400,100
49700771655176,13:48:20.771,38.1500,35
49700771657915,13:48:20.771,38.1500,47
49700771665371,13:48:20.771,38.1500,18
49700771665371,13:48:20.771,38.1500,2
49700771666178,13:48:20.771,38.1500,44
49700771670502,13:48:20.771,38.1500,54
49700771670502,13:48:20.771,38.1500,46
49700771671342,13:48:20.771,38.1500,54
49700771671342,13:48:20.771,38.1500,2
49700771679494,13:48:20.771,38.1500,98
49732600454044,13:48:52.600,38.1500,100
49732691086189,13:48:52.691,38.1500,28
49751941488497,13:49:11.941,38.1600,100
49751941544322,13:49:11.941,38.1600,100
49751941570996,13:49:11.941,38.1600,100
49800578620943,13:50:00.578,38.1600,8
49802576661358,13:50:02.576,38.1600,7
49804574661739,13:50:04.574,38.1600,6
49806578978139,13:50:06.578,38.1600,5
49807028842655,13:50:07.028,38.1500,100
49807030453442,13:50:07.030,38.1400,100
49807030453442,13:50:07.030,38.1400,275
49807030483689,13:50:07.030,38.1400,25
49873790519912,13:51:13.790,38.1500,90
49873790549989,13:51:13.790,38.1500,10
49878465432328,13:51:18.465,38.1400,100
49885335045134,13:51:25.335,38.1400,100
49911583430389,13:51:51.583,38.1400,200
49965161915649,13:52:45.161,38.1500,12
49965161945238,13:52:45.161,38.1500,88
49965163031729,13:52:45.163,38.1600,100
49965163066691,13:52:45.163,38.1600,100
49976540430880,13:52:56.540,38.2000,32
50090570639170,13:54:50.570,38.1600,100
50090571086472,13:54:50.571,38.1700,100
50090597345296,13:54:50.597,38.1700,100
50100626293657,13:55:00.626,38.1600,5
50104797737588,13:55:04.797,38.1600,100
50104797762770,13:55:04.797,38.1600,100
50239117127539,13:57:19.117,38.1800,100
50239117449752,13:57:19.117,38.1800,100
50239117739646,13:57:19.117,38.1800,44
50278439672844,13:57:58.439,38.1600,300
50278439702172,13:57:58.439,38.1600,100
50278439788742,13:57:58.439,38.1700,100
50278783824320,13:57:58.783,38.1700,31
50279440625929,13:57:59.440,38.1700,4
50288164694905,13:58:08.164,38.1600,164
50288164731848,13:58:08.164,38.1600,32
50288164731848,13:58:08.164,38.1600,12
50328666515299,13:58:48.666,38.1500,100
50328666515299,13:58:48.666,38.1500,100
50328666515299,13:58:48.666,38.1500,100
50328666515299,13:58:48.666,38.1500,300
50328666515299,13:58:48.666,38.1500,100
50328666785180,13:58:48.666,38.1500,100
50328666787904,13:58:48.666,38.1400,2
50331011266373,13:58:51.011,38.1300,20
50331011266373,13:58:51.011,38.1300,80
50333026966090,13:58:53.026,38.1300,20
50333026966090,13:58:53.026,38.1300,100
50333032594164,13:58:53.032,38.1200,100
50333032594164,13:58:53.032,38.1200,20
50333032659982,13:58:53.032,38.1100,20
50333032659982,13:58:53.032,38.1100,60
50333032689078,13:58:53.032,38.1100,40
50333032689613,13:58:53.032,38.1100,40
50333033007041,13:58:53.033,38.1100,60
50341456688387,13:59:01.456,38.1100,73
50341761078667,13:59:01.761,38.1000,18
50383308358083,13:59:43.308,38.1100,100
50383308370087,13:59:43.308,38.1100,100
50402703513080,14:00:02.703,38.1500,100
50403200750967,14:00:03.200,38.1500,100
50407194064641,14:00:07.194,38.1500,100
50407198868992,14:00:07.198,38.1500,100
50407771839483,14:00:07.771,38.1200,100
50408194313906,14:00:08.194,38.1300,100
50408592948897,14:00:08.592,38.1400,41
50408593029999,14:00:08.593,38.1400,59
50408595852181,14:00:08.595,38.1400,100
50408990881960,14:00:08.990,38.1400,100
50409035481063,14:00:09.035,38.1400,100
50409050960700,14:00:09.050,38.1400,100
50409196020871,14:00:09.196,38.1300,84
50409196259365,14:00:09.196,38.1300,16
50409196259365,14:00:09.196,38.1300,100
50409483024324,14:00:09.483,38.1000,100
50416826358339,14:00:16.826,38.1200,100
50416826364359,14:00:16.826,38.1200,2
50421775054055,14:00:21.775,38.1500,100
50423341335698,14:00:23.341,38.1100,100
50423341335698,14:00:23.341,38.1100,61
50423341343745,14:00:23.341,38.1100,81
50423341384285,14:00:23.341,38.1100,100
50423341535391,14:00:23.341,38.1100,58
50423341560062,14:00:23.341,38.1000,31
50423341631862,14:00:23.341,38.1000,69
50427467567282,14:00:27.467,38.1200,100
50447069428076,14:00:47.069,38.0900,100
50447069435772,14:00:47.069,38.0900,28
50448819932240,14:00:48.819,38.1200,100
50448819938972,14:00:48.819,38.1200,28
50448820166021,14:00:48.820,38.1200,34
50448903771067,14:00:48.903,38.1200,38
50451129948387,14:00:51.129,38.1600,100
50533417023819,14:02:13.417,38.2200,100
50552763800278,14:02:32.763,38.2200,22
50552764002978,14:02:32.764,38.2200,22
50552764358600,14:02:32.764,38.2200,22
50552764909309,14:02:32.764,38.2200,22
50552765275658,14:02:32.765,38.2200,12
50552765275658,14:02:32.765,38.2200,10
50552812931894,14:02:32.812,38.2200,29
50562241195069,14:02:42.241,38.2200,61
50562253897443,14:02:42.253,38.2400,100
50581689642544,14:03:01.689,38.2700,100
50591987836291,14:03:11.987,38.3100,100
50591987836291,14:03:11.987,38.3100,87
50591987873818,14:03:11.987,38.3100,2
50591987883148,14:03:11.987,38.3100,11
50617981564788,14:03:37.981,38.3800,44
50662400950911,14:04:22.400,38.3900,10
50662400950911,14:04:22.400,38.3800,10
50662400950911,14:04:22.400,38.3800,36
50662400950911,14:04:22.400,38.3700,44
50677158352065,14:04:37.158,38.4200,100
50677158352065,14:04:37.158,38.4200,100
50737036636140,14:05:37.036,38.4100,100
50739795392504,14:05:39.795,38.4000,100
50739795392504,14:05:39.795,38.4000,100
50739795392504,14:05:39.795,38.4000,100
50739803620479,14:05:39.803,38.3800,100
50739816396423,14:05:39.816,38.3900,100
50754638480918,14:05:54.638,38.3800,100
50754638480918,14:05:54.638,38.3800,100
50754638480918,14:05:54.638,38.3800,100
50754641284297,14:05:54.641,38.3700,100
50759239180516,14:05:59.239,38.3700,100
50759239511874,14:05:59.239,38.3700,68
50759239807386,14:05:59.239,38.3700,32
50806503279049,14:06:46.503,38.3500,10
50806503279049,14:06:46.503,38.3500,100
50806503279049,14:06:46.503,38.3500,90
50806503380536,14:06:46.503,38.3500,10
50806503380536,14:06:46.503,38.3500,100
50806506071171,14:06:46.506,38.3700,100
50806506622863,14:06:46.506,38.3800,100
50806506823070,14:06:46.506,38.3800,100
50806571955307,14:06:46.571,38.4100,48
50817192320192,14:06:57.192,38.3900,100
50817192364543,14:06:57.192,38.3900,77
50817192364543,14:06:57.192,38.3900,100
50817212578331,14:06:57.212,38.4100,100
50850741897242,14:07:30.741,38.4300,6
50863303253584,14:07:43.303,38.4300,33
50863303316716,14:07:43.303,38.4300,61
50863474624934,14:07:43.474,38.4200,32
50863474709634,14:07:43.474,38.4200,68
50868001644476,14:07:48.001,38.4500,6
50870714140956,14:07:50.714,38.4600,6
50887369249161,14:08:07.369,38.4400,100
50905015490262,14:08:25.015,38.4700,100
50905015490262,14:08:25.015,38.4800,100
50911042919232,14:08:31.042,38.4800,100
50911068030190,14:08:31.068,38.5000,50
50911068030190,14:08:31.068,38.5000,100
50911068042480,14:08:31.068,38.5000,150
50911068151568,14:08:31.068,38.5000,10
50911068395447,14:08:31.068,38.4900,100
50911069189887,14:08:31.069,38.4900,10
50911534392154,14:08:31.534,38.4800,100
50914642232559,14:08:34.642,38.4900,10
50924231187272,14:08:44.231,38.4400,100
50924717533547,14:08:44.717,38.4300,10
50924717533547,14:08:44.717,38.4300,100
50924718252017,14:08:44.718,38.4200,50
50924718380942,14:08:44.718,38.4200,100
50928070814132,14:08:48.070,38.4400,100
50964416178047,14:09:24.416,38.4500,100
50968252249950,14:09:28.252,38.4400,100
50968282677389,14:09:28.282,38.4400,200
50972742959283,14:09:32.742,38.4100,100
50972742959283,14:09:32.742,38.4100,100
50972742959283,14:09:32.742,38.4100,800
50985488287228,14:09:45.488,38.3800,20
50985488811688,14:09:45.488,38.3700,80
50985488838952,14:09:45.488,38.3700,20
50985488838952,14:09:45.488,38.3700,20
50999713676855,14:09:59.713,38.3400,3
50999713676855,14:09:59.713,38.3400,17
50999713676855,14:09:59.713,38.3400,80
50999713717469,14:09:59.713,38.3400,100
50999713717469,14:09:59.713,38.3400,80
50999713733281,14:09:59.713,38.3400,20
51030914586106,14:10:30.914,38.3300,13
51030914586106,14:10:30.914,38.3300,7
51035572770278,14:10:35.572,38.3200,41
51035572796447,14:10:35.572,38.3200,59
51041255908067,14:10:41.255,38.3300,100
51041256308768,14:10:41.256,38.3400,100
51061461228682,14:11:01.461,38.3200,65
51067906818602,14:11:07.906,38.3200,100
51101960216421,14:11:41.960,38.3400,100
51101960216421,14:11:41.960,38.3400,100
51101960310950,14:11:41.960,38.3400,100
51101960393404,14:11:41.960,38.3500,10
51101960420179,14:11:41.960,38.3500,190
51101960420179,14:11:41.960,38.3500,100
51106976759355,14:11:46.976,38.3500,100
51108022824549,14:11:48.022,38.3500,100
51108022849679,14:11:48.022,38.3500,100
51108022971526,14:11:48.022,38.3500,100
51108202812543,14:11:48.202,38.3400,100
51109382601280,14:11:49.382,38.3500,100
51109382601280,14:11:49.382,38.3500,100
51109382832387,14:11:49.382,38.3500,30
51110179253944,14:11:50.179,38.3500,100
51113007920051,14:11:53.007,38.3600,100
51113010410922,14:11:53.010,38.3700,70
51113010436993,14:11:53.010,38.3700,30
51154276502938,14:12:34.276,38.3800,6
51176971053116,14:12:56.971,38.4200,100
51176971377155,14:12:56.971,38.4200,27
51176971730075,14:12:56.971,38.4200,40
51204514607412,14:13:24.514,38.4200,13
51204514704899,14:13:24.514,38.4200,20
51251622837440,14:14:11.622,38.4500,44
51251622863176,14:14:11.622,38.4500,56
51251622863176,14:14:11.622,38.4500,100
51254468070107,14:14:14.468,38.4500,5
51254468072832,14:14:14.468,38.4500,40
51254468095958,14:14:14.468,38.4500,10
51254468096464,14:14:14.468,38.4500,10
51254468098253,14:14:14.468,38.4500,35
51264573643908,14:14:24.573,38.4400,35
51264573643908,14:14:24.573,38.4400,65
51299828897521,14:14:59.828,38.4400,6
51300177684379,14:15:00.177,38.4400,94
51300177684379,14:15:00.177,38.4400,6
51300177822762,14:15:00.177,38.4400,94
51300177822762,14:15:00.177,38.4400,6
51300178035077,14:15:00.178,38.4400,94
51300178035077,14:15:00.178,38.4400,30
51300178035077,14:15:00.178,38.4400,76
51300178211034,14:15:00.178,38.4400,124
51301238266497,14:15:01.238,38.4200,27
51302744504197,14:15:02.744,38.4200,26
51329389738460,14:15:29.389,38.4200,47
51329389738460,14:15:29.389,38.4200,53
51334260263558,14:15:34.260,38.4200,47
51334260263558,14:15:34.260,38.4100,53
51334260295168,14:15:34.260,38.4100,47
51334260295168,14:15:34.260,38.4100,100
51335628158593,14:15:35.628,38.3900,100
51335628793334,14:15:35.628,38.4000,37
51335628796719,14:15:35.628,38.4000,63
51335646069628,14:15:35.646,38.4000,100
51337780754893,14:15:37.780,38.3900,100
51345934717047,14:15:45.934,38.3900,100
51347692864316,14:15:47.692,38.3900,100
51347692864316,14:15:47.692,38.3800,100
51348635201738,14:15:48.635,38.3800,15
51350990134157,14:15:50.990,38.3800,85
51350990134157,14:15:50.990,38.3800,15
51408932472249,14:16:48.932,38.3500,100
51412163157909,14:16:52.163,38.3500,100
51417860682629,14:16:57.860,38.3500,100
51417860682629,14:16:57.860,38.3500,100
51417860735484,14:16:57.860,38.3500,24
51417970888467,14:16:57.970,38.3500,100
51417970888467,14:16:57.970,38.3500,100
51417971531504,14:16:57.971,38.3500,200
51417971788931,14:16:57.971,38.3400,100
51417971816935,14:16:57.971,38.3500,100
51417971904600,14:16:57.971,38.3400,100
51418001782893,14:16:58.001,38.3500,100
51418001982876,14:16:58.001,38.3500,100
51418002085386,14:16:58.002,38.3500,100
51422504767033,14:17:02.504,38.3500,100
51426134171527,14:17:06.134,38.3500,100
51426134171527,14:17:06.134,38.3500,100
51426134305279,14:17:06.134,38.3500,100
51426134885085,14:17:06.134,38.3600,100
51426134909779,14:17:06.134,38.3600,100
51426134909779,14:17:06.134,38.3600,100
51426134982669,14:17:06.134,38.3700,80
51426134989899,14:17:06.134,38.3700,20
51441182325756,14:17:21.182,38.3600,100
51441182632174,14:17:21.182,38.3600,100
51445177529824,14:17:25.177,38.3600,6
51454285671690,14:17:34.285,38.4000,100
51454285769104,14:17:34.285,38.4000,100
51454285814239,14:17:34.285,38.4000,100
51454285818257,14:17:34.285,38.4000,90
51454285942583,14:17:34.285,38.4000,100
51454285953832,14:17:34.285,38.4000,100
51454285953832,14:17:34.285,38.4000,100
51454286175734,14:17:34.286,38.4200,100
51454286263359,14:17:34.286,38.4200,100
51454286398450,14:17:34.286,38.4200,100
51463420863066,14:17:43.420,38.4000,100
51463420895304,14:17:43.420,38.4000,100
51463421734246,14:17:43.421,38.4000,100
51463842984206,14:17:43.842,38.4000,69
51474057085447,14:17:54.057,38.4000,31
51474057085447,14:17:54.057,38.4000,69
51474057124266,14:17:54.057,38.4000,31
51474057545945,14:17:54.057,38.4200,100
51474059378079,14:17:54.059,38.4200,200
51476913140237,14:17:56.913,38.4000,6
51479796390303,14:17:59.796,38.3800,6
51493281496451,14:18:13.281,38.4000,100
51493373041699,14:18:13.373,38.4000,100
51499418359665,14:18:19.418,38.4400,100
51499418359665,14:18:19.418,38.4400,100
51505651435456,14:18:25.651,38.4500,200
51505651435456,14:18:25.651,38.4500,89
51506780635930,14:18:26.780,38.4500,100
51506780782695,14:18:26.780,38.4500,100
51506780782695,14:18:26.780,38.4500,100
51508283999923,14:18:28.283,38.4500,100
51515141658627,14:18:35.141,38.4500,100
51517252381127,14:18:37.252,38.4500,100
51521372988958,14:18:41.372,38.4600,100
51521373014921,14:18:41.373,38.4600,100
51521373014921,14:18:41.373,38.4600,100
51521373073677,14:18:41.373,38.4700,100
51521373103856,14:18:41.373,38.4700,100
51521373103856,14:18:41.373,38.4700,100
51521373344753,14:18:41.373,38.4600,100
51522405705129,14:18:42.405,38.5400,100
51522406278627,14:18:42.406,38.5400,100
51523233967320,14:18:43.233,38.5400,100
51535214334030,14:18:55.214,38.5200,100
51543339019021,14:19:03.339,38.5300,100
51563178964229,14:19:23.178,38.5400,100
51579584698231,14:19:39.584,38.5100,6
51582592211266,14:19:42.592,38.5400,100
51582592211266,14:19:42.592,38.5400,100
51582592211266,14:19:42.592,38.5400,621
51592228498717,14:19:52.228,38.5000,55
51592228504499,14:19:52.228,38.5000,45
51592228504499,14:19:52.228,38.5000,16
51592228531109,14:19:52.228,38.5000,100
51592228532639,14:19:52.228,38.5000,45
51592228565030,14:19:52.228,38.5000,39
51595706123593,14:19:55.706,38.4800,6
51599046368714,14:19:59.046,38.4500,6
51606638680277,14:20:06.638,38.4800,7
51606638680277,14:20:06.638,38.4600,93
51608153914335,14:20:08.153,38.4500,94
51608153914335,14:20:08.153,38.4500,6
51625322441162,14:20:25.322,38.4900,100
51631955335247,14:20:31.955,38.4800,100
51631955360278,14:20:31.955,38.4800,100
51631955881681,14:20:31.955,38.5000,100
51631955906663,14:20:31.955,38.5000,100
51631955943244,14:20:31.955,38.5000,100
51631956008674,14:20:31.956,38.5000,500
51631956008674,14:20:31.956,38.5000,100
51631956040231,14:20:31.956,38.5000,100
51669605475674,14:21:09.605,38.5400,84
51669605561152,14:21:09.605,38.5400,16
51696394316988,14:21:36.394,38.5000,100
51743876681464,14:22:23.876,38.5100,100
51745819893192,14:22:25.819,38.5000,100
51758136449171,14:22:38.136,38.4900,6
51762197128921,14:22:42.197,38.5200,100
51762197128921,14:22:42.197,38.5200,100
51762197379177,14:22:42.197,38.5200,100
51770579822852,14:22:50.579,38.4900,4
51770579822852,14:22:50.579,38.4700,2
51773657431425,14:22:53.657,38.4600,8
51799211969619,14:23:19.211,38.4700,100
51799214372505,14:23:19.214,38.5000,100
51799214398800,14:23:19.214,38.5000,100
51799215345159,14:23:19.215,38.5100,40
51799215368775,14:23:19.215,38.5100,60
51799215372320,14:23:19.215,38.5100,60
51799215401442,14:23:19.215,38.5100,100
51799215805569,14:23:19.215,38.5100,400
51799752148421,14:23:19.752,38.5100,100
51800494666075,14:23:20.494,38.5100,100
51800494666075,14:23:20.494,38.5100,100
51800494666075,14:23:20.494,38.5100,100
51800494666075,14:23:20.494,38.5100,100
51804695630405,14:23:24.695,38.5000,100
51804695760083,14:23:24.695,38.5000,100
51804695955011,14:23:24.695,38.5000,100
51806265370209,14:23:26.265,38.5000,100
51806981160066,14:23:26.981,38.5000,100
51807045381113,14:23:27.045,38.5000,100
51824739009818,14:23:44.739,38.5000,100
51824739101643,14:23:44.739,38.5000,6
51825688244325,14:23:45.688,38.5200,100
51825688244325,14:23:45.688,38.5200,100
51825688244325,14:23:45.688,38.5200,100
51825688244325,14:23:45.688,38.5200,100
51825688244325,14:23:45.688,38.5200,100
51825688244325,14:23:45.688,38.5200,600
51825688554431,14:23:45.688,38.5300,100
51825688554431,14:23:45.688,38.5300,100
51825688554431,14:23:45.688,38.5300,100
51825740722124,14:23:45.740,38.5600,12
51848702890027,14:24:08.702,38.5100,6
51851404398033,14:24:11.404,38.5200,6
51880403635669,14:24:40.403,38.5600,51
51880403673748,14:24:40.403,38.5600,49
51880403681059,14:24:40.403,38.5600,49
51880403681554,14:24:40.403,38.5600,49
51899854665116,14:24:59.854,38.5800,10
51927002340854,14:25:27.002,38.5900,100
51927002340854,14:25:27.002,38.6000,100
51927002340854,14:25:27.002,38.6000,794
51927982586802,14:25:27.982,38.6000,100
51927982977324,14:25:27.982,38.6000,100
51927983016927,14:25:27.983,38.6000,68
51927983113977,14:25:27.983,38.6000,100
51927983401610,14:25:27.983,38.6000,100
51927983401610,14:25:27.983,38.6000,200
51927983543278,14:25:27.983,38.6000,100
51927983543278,14:25:27.983,38.6000,100
51927983544536,14:25:27.983,38.6000,1108
51949973431731,14:25:49.973,38.6100,100
51950059465892,14:25:50.059,38.6200,53
51974227143767,14:26:14.227,38.6000,100
51974227180473,14:26:14.227,38.6000,81
51974227192413,14:26:14.227,38.6000,19
51974227192413,14:26:14.227,38.6000,30
51974227231646,14:26:14.227,38.6000,100
51974227376154,14:26:14.227,38.6000,40
51974227376661,14:26:14.227,38.6000,35
51974227384795,14:26:14.227,38.6000,19
52007645639958,14:26:47.645,38.5700,10
52041490437692,14:27:21.490,38.5700,100
52041490488696,14:27:21.490,38.5700,100
52041490498194,14:27:21.490,38.5700,100
52050045795895,14:27:30.045,38.5600,100
52055412620259,14:27:35.412,38.5500,100
52055412620259,14:27:35.412,38.5500,100
52055412620259,14:27:35.412,38.5500,100
52055438313630,14:27:35.438,38.5500,103
52055438337844,14:27:35.438,38.5500,97
52070235462433,14:27:50.235,38.5200,200
52070235462433,14:27:50.235,38.5200,100
52070238698256,14:27:50.238,38.5000,200
52070238701835,14:27:50.238,38.5100,100
52072398909460,14:27:52.398,38.5200,35
52072398922201,14:27:52.398,38.5200,65
52072398923458,14:27:52.398,38.5200,45
52072398926058,14:27:52.398,38.5200,40
52072400973006,14:27:52.400,38.5400,191
52072400973006,14:27:52.400,38.5400,115
52072400973006,14:27:52.400,38.5500,100
52072401639492,14:27:52.401,38.5400,100
52073155178433,14:27:53.155,38.5500,100
52073155274669,14:27:53.155,38.5500,100
52073155358441,14:27:53.155,38.5500,100
52073155436655,14:27:53.155,38.5500,100
52073155486081,14:27:53.155,38.5500,4
52073155512341,14:27:53.155,38.5500,96
52073155591698,14:27:53.155,38.5500,100
52073155675139,14:27:53.155,38.5500,1
52075530133366,14:27:55.530,38.5500,99
52075530133366,14:27:55.530,38.5500,1
52078185312947,14:27:58.185,38.5600,100
52078185312947,14:27:58.185,38.5600,100
52078185572565,14:27:58.185,38.5600,200
52080394269779,14:28:00.394,38.5700,21
52082284712506,14:28:02.284,38.5600,100
52101523406238,14:28:21.523,38.5600,100
52101523440312,14:28:21.523,38.5600,100
52101523440312,14:28:21.523,38.5600,100
52101523686551,14:28:21.523,38.5500,99
52101523686551,14:28:21.523,38.5500,26
52101523690072,14:28:21.523,38.5500,74
52101523701297,14:28:21.523,38.5500,74
52101523710300,14:28:21.523,38.5500,31
52101523710300,14:28:21.523,38.5400,15
52101523721230,14:28:21.523,38.5400,16
52101531543449,14:28:21.531,38.5400,69
52127717246148,14:28:47.717,38.4950,100
52184871242253,14:29:44.871,38.4900,100
52184871552939,14:29:44.871,38.4900,100
52184871578293,14:29:44.871,38.4900,100
52184871703347,14:29:44.871,38.4500,50
52190186771427,14:29:50.186,38.4900,79
52190186783928,14:29:50.186,38.5000,67
52190186786882,14:29:50.186,38.5000,33
52190186794728,14:29:50.186,38.5000,2
52190187893378,14:29:50.187,38.5000,100
52203486059618,14:30:03.486,38.4800,100
52203486459397,14:30:03.486,38.4800,100
52203489604127,14:30:03.489,38.4800,27
52207457277374,14:30:07.457,38.4500,10
52207457277374,14:30:07.457,38.4400,5
52212456082400,14:30:12.456,38.4700,12
52214022768088,14:30:14.022,38.4700,100
52214022799503,14:30:14.022,38.4700,88
52214457311295,14:30:14.457,38.5000,11
52229598807201,14:30:29.598,38.4600,10
52229599158636,14:30:29.599,38.4600,100
52234456861035,14:30:34.456,38.5000,1
52234458190456,14:30:34.458,38.5000,99
52234458190456,14:30:34.458,38.5000,1
52234458419701,14:30:34.458,38.5000,32
52234458427457,14:30:34.458,38.5000,131
52234458436430,14:30:34.458,38.5000,36
52234458454256,14:30:34.458,38.5000,100
52234458459525,14:30:34.458,38.5000,36
52234459516055,14:30:34.459,38.5200,100
52312646332103,14:31:52.646,38.5400,9
52312646487000,14:31:52.646,38.5200,100
52312646546938,14:31:52.646,38.5100,100
52312646547539,14:31:52.646,38.5100,100
52325276688158,14:32:05.276,38.4900,36
52332185304760,14:32:12.185,38.4900,64
52332185644284,14:32:12.185,38.4900,20
52332185668907,14:32:12.185,38.4900,80
52332185671531,14:32:12.185,38.4900,80
52332185784432,14:32:12.185,38.4900,20
52332185784432,14:32:12.185,38.4900,100
52332185784432,14:32:12.185,38.4800,880
52332185826144,14:32:12.185,38.4900,100
52332185826144,14:32:12.185,38.4800,20
52332185842412,14:32:12.185,38.4800,3
52332185859031,14:32:12.185,38.4800,91
52332185890405,14:32:12.185,38.4800,6
52332236184184,14:32:12.236,38.5000,13
52332236188090,14:32:12.236,38.5000,17
52348786924138,14:32:28.786,38.5400,100
52348786959489,14:32:28.786,38.5400,100
52348787017541,14:32:28.787,38.5400,100
52348787083365,14:32:28.787,38.5400,100
52348787135826,14:32:28.787,38.5400,37
52348787139930,14:32:28.787,38.5400,27
52348787151110,14:32:28.787,38.5400,27
52348787260619,14:32:28.787,38.5400,43
52348787278479,14:32:28.787,38.5400,36
52348787372697,14:32:28.787,38.5400,27
52374646211441,14:32:54.646,38.5400,10
52374646246408,14:32:54.646,38.5400,400
52374646246408,14:32:54.646,38.5400,100
