timestamp,time,price,volume
33014828324528,09:10:14.828,84.3000,100
33035317481893,09:10:35.317,84.3000,100
33041268117748,09:10:41.268,84.3000,100
33081074714406,09:11:21.074,84.3000,100
34200627358904,09:30:00.627,84.9100,4835
34202182517340,09:30:02.182,84.9800,78
34202832117619,09:30:02.832,84.9900,48
34202832215760,09:30:02.832,84.9900,4
34202832250503,09:30:02.832,84.9900,44
34202832279178,09:30:02.832,84.9900,4
34222731387724,09:30:22.731,84.9000,1
34222731419729,09:30:22.731,84.9000,14
34222731419729,09:30:22.731,84.9000,50
34222731504092,09:30:22.731,84.9500,73
34222731531758,09:30:22.731,84.9500,27
34223025612976,09:30:23.025,84.9500,49
34223025640785,09:30:23.025,84.9500,24
34223025640785,09:30:23.025,84.9500,27
34223025640785,09:30:23.025,84.9500,100
34223026057291,09:30:23.026,84.9800,100
34264936903812,09:31:04.936,84.8900,6
34264936903812,09:31:04.936,84.8900,12
34264936903812,09:31:04.936,84.8900,58
34264936903812,09:31:04.936,84.8900,23
34264936903812,09:31:04.936,84.8900,5
34264936903812,09:31:04.936,84.8900,27
34264936903812,09:31:04.936,84.8900,100
34264939382365,09:31:04.939,84.8400,100
34264939738883,09:31:04.939,84.8200,100
34299984215443,09:31:39.984,84.6900,100
34299984293360,09:31:39.984,84.6700,100
34299984293360,09:31:39.984,84.6700,100
34299984869563,09:31:39.984,84.6500,30
34304744404960,09:31:44.744,84.7200,100
34304744464976,09:31:44.744,84.7200,100
34304744494172,09:31:44.744,84.7200,100
34304744494172,09:31:44.744,84.7200,100
34443132391707,09:34:03.132,84.7000,10
34443132485053,09:34:03.132,84.6500,100
34493666179480,09:34:53.666,84.5500,18
34493666179480,09:34:53.666,84.5500,72
34493666216214,09:34:53.666,84.5300,10
34493666216214,09:34:53.666,84.5300,74
34493666232149,09:34:53.666,84.5200,101
34493666232149,09:34:53.666,84.5200,84
34493666904205,09:34:53.666,84.5000,9
34493667019927,09:34:53.667,84.5000,31
34493667019927,09:34:53.667,84.5000,2
34493667035172,09:34:53.667,84.5000,239
34493667151913,09:34:53.667,84.5000,13
34493667240634,09:34:53.667,84.5000,44
34493667244714,09:34:53.667,84.5000,2
34493715246413,09:34:53.715,84.3700,142
34493715650580,09:34:53.715,84.3700,100
34528637220761,09:35:28.637,84.4600,6
34586196155569,09:36:26.196,84.3900,100
34599055213291,09:36:39.055,84.4000,40
34599055213291,09:36:39.055,84.4200,60
34599877862929,09:36:39.877,84.4200,40
34599877862929,09:36:39.877,84.4200,22
34599877946525,09:36:39.877,84.4500,16
34599878695526,09:36:39.878,84.4600,100
34618730072958,09:36:58.730,84.4700,100
34718540672442,09:38:38.540,84.5400,3
34755926589123,09:39:15.926,84.5400,97
34755926629502,09:39:15.926,84.5500,294
34768485238310,09:39:28.485,84.5700,100
34768485238310,09:39:28.485,84.5700,100
34768485336871,09:39:28.485,84.5700,100
34768485712758,09:39:28.485,84.5700,100
34768485750185,09:39:28.485,84.5700,100
34768488537078,09:39:28.488,84.6200,30
34768488537078,09:39:28.488,84.6200,70
34997567359054,09:43:17.567,84.8700,10
35207134872597,09:46:47.134,84.9500,100
35207134897698,09:46:47.134,84.9500,10
35207135001004,09:46:47.135,84.9600,300
35207135542671,09:46:47.135,84.9600,100
35276692357343,09:47:56.692,84.9400,100
35276692392571,09:47:56.692,84.9400,20
35276692723835,09:47:56.692,84.9400,100
35276692765906,09:47:56.692,84.9100,7
35276692817387,09:47:56.692,84.9100,93
35525293233326,09:52:05.293,85.0600,10
35525293376494,09:52:05.293,85.0700,45
35525293487837,09:52:05.293,85.0700,25
35525293821924,09:52:05.293,85.0700,25
35525293821924,09:52:05.293,85.0700,20
35525293821924,09:52:05.293,85.0800,55
35525295352890,09:52:05.295,85.0800,45
35525295736167,09:52:05.295,85.0800,20
35525361963804,09:52:05.361,85.0400,100
35525362013261,09:52:05.362,85.0800,20
35560406909395,09:52:40.406,85.0300,100
35560406909395,09:52:40.406,85.0300,92
35560406927963,09:52:40.406,85.0300,8
35560407358485,09:52:40.407,84.9700,100
35664360163464,09:54:24.360,84.9700,1
35664360166168,09:54:24.360,84.9700,1
35664360166668,09:54:24.360,84.9700,1
35832177158113,09:57:12.177,84.9800,100
35869978462833,09:57:49.978,85.0000,50
36000578570565,10:00:00.578,85.0700,1
36000578570565,10:00:00.578,85.0800,69
36000578930817,10:00:00.578,85.0900,300
36000578930817,10:00:00.578,85.0900,4
36000578930817,10:00:00.578,85.0900,10
36000579296784,10:00:00.579,85.0900,8
36000579415504,10:00:00.579,85.0900,8
36281921639532,10:04:41.921,85.0200,100
36281921665074,10:04:41.921,85.0200,100
36281921665074,10:04:41.921,85.0200,7
36281922065959,10:04:41.922,85.0000,3
36281922091394,10:04:41.922,85.0000,32
36281937624125,10:04:41.937,85.0000,61
36282003480111,10:04:42.003,84.9300,4
36284991291556,10:04:44.991,84.9300,96
36284991291556,10:04:44.991,84.9300,4
36284991325141,10:04:44.991,84.9300,96
36291144088923,10:04:51.144,84.9200,100
36291144426324,10:04:51.144,84.9000,100
36306609224521,10:05:06.609,84.8900,100
36306609224521,10:05:06.609,84.8900,51
36306609611796,10:05:06.609,84.8800,100
36306610324400,10:05:06.610,84.8700,65
36306610324400,10:05:06.610,84.8700,11
36407297399490,10:06:47.297,84.8000,20
36426124665363,10:07:06.124,84.7900,4
36426124689671,10:07:06.124,84.7900,96
36426125105094,10:07:06.125,84.7800,1
36429137671212,10:07:09.137,84.7800,99
36556373408428,10:09:16.373,84.7700,30
36556374738515,10:09:16.374,84.8000,100
36556374792574,10:09:16.374,84.8100,100
36556374863450,10:09:16.374,84.8100,100
36652174091101,10:10:52.174,84.8600,100
36652174123010,10:10:52.174,84.8600,7
36652174123010,10:10:52.174,84.8600,29
36652174123010,10:10:52.174,84.8600,1
36710175388576,10:11:50.175,84.8700,17
36773238712386,10:12:53.238,84.9000,30
36839956689396,10:13:59.956,84.8100,100
37215782787830,10:20:15.782,84.7700,24
37215782787830,10:20:15.782,84.7600,38
37215782787830,10:20:15.782,84.7600,16
37215782834576,10:20:15.782,84.7600,84
37215782834576,10:20:15.782,84.7600,23
37215782866203,10:20:15.782,84.7600,58
37215783272675,10:20:15.783,84.7500,23
37215783578548,10:20:15.783,84.7500,10
37215783604694,10:20:15.783,84.7500,67
37215784037789,10:20:15.784,84.6600,37
37215786308550,10:20:15.786,84.6900,58
37221812372862,10:20:21.812,84.8000,25
37247706767495,10:20:47.706,84.7000,1
37251131974419,10:20:51.131,84.6900,45
37251131974419,10:20:51.131,84.6900,100
37251131974419,10:20:51.131,84.6700,100
37251131974419,10:20:51.131,84.6700,55
37251132067984,10:20:51.132,84.6700,45
37251203971244,10:20:51.203,84.6600,8
37251203995329,10:20:51.203,84.6600,92
37251204462515,10:20:51.204,84.6600,100
37254621396809,10:20:54.621,84.6700,17
37330091673865,10:22:10.091,84.6200,100
37330093679200,10:22:10.093,84.6200,100
37330094073043,10:22:10.094,84.6100,100
37335951827502,10:22:15.951,84.6600,100
37335951827502,10:22:15.951,84.6600,102
37335951827502,10:22:15.951,84.6600,78
37335952522367,10:22:15.952,84.6100,25
37338341546320,10:22:18.341,84.6100,75
37338341546320,10:22:18.341,84.6100,25
37338342253023,10:22:18.342,84.6100,75
37338342253023,10:22:18.342,84.6100,25
37338415644706,10:22:18.415,84.6000,100
37357148833485,10:22:37.148,84.6900,10
37357148833485,10:22:37.148,84.6900,90
37357148876365,10:22:37.148,84.6900,10
37357148876365,10:22:37.148,84.6900,100
37369598211355,10:22:49.598,84.6200,900
37369971111695,10:22:49.971,84.6500,16
37383919477496,10:23:03.919,84.7000,48
37383919478033,10:23:03.919,84.7000,52
37383919548086,10:23:03.919,84.7000,78
37383919578717,10:23:03.919,84.7000,22
37433331800096,10:23:53.331,84.6700,100
37433331800096,10:23:53.331,84.6600,2
37433332856280,10:23:53.332,84.6600,1
37436131483778,10:23:56.131,84.6600,2
37436496834836,10:23:56.496,84.6200,100
37436496934508,10:23:56.496,84.6200,1
37458007739100,10:24:18.007,84.5700,7
37543754625494,10:25:43.754,84.6600,2
37543754625494,10:25:43.754,84.6600,98
37543754651796,10:25:43.754,84.6600,2
37613152706606,10:26:53.152,84.6500,100
37613152706606,10:26:53.152,84.6300,96
37613152758674,10:26:53.152,84.6300,4
37613152758674,10:26:53.152,84.6300,94
37613152758674,10:26:53.152,84.6300,2
37736863710072,10:28:56.863,84.6600,4
37762511526658,10:29:22.511,84.6250,1
37762511526658,10:29:22.511,84.6250,1
37762511526658,10:29:22.511,84.6250,1
37762511526658,10:29:22.511,84.6250,1
37812068139703,10:30:12.068,84.6600,10
37812068139703,10:30:12.068,84.6600,44
37812068139703,10:30:12.068,84.6600,46
37812071017333,10:30:12.071,84.6400,100
37814401965810,10:30:14.401,84.6600,6
37814401965810,10:30:14.401,84.6600,42
37981943744142,10:33:01.943,84.6500,100
38038075358019,10:33:58.075,84.6600,1
38041409723688,10:34:01.409,84.6200,1
38100116480474,10:35:00.116,84.6200,100
38100116480474,10:35:00.116,84.6100,94
38100116924873,10:35:00.116,84.6100,19
38100116971524,10:35:00.116,84.6100,48
38100117371925,10:35:00.117,84.6100,33
38193319406534,10:36:33.319,84.6250,1
38193319406534,10:36:33.319,84.6250,1
38193319406534,10:36:33.319,84.6600,5
38193319979196,10:36:33.319,84.6600,2
38193320157390,10:36:33.320,84.6600,10
38193321537350,10:36:33.321,84.6700,3
38201679804425,10:36:41.679,84.6900,100
38241075119078,10:37:21.075,84.6700,100
38241085928792,10:37:21.085,84.6600,1
38261583364422,10:37:41.583,84.7000,100
38261583389146,10:37:41.583,84.7000,8
38261583409703,10:37:41.583,84.7000,8
38261583439957,10:37:41.583,84.7000,8
38261795039138,10:37:41.795,84.7400,100
38261795039138,10:37:41.795,84.7500,100
38261795064842,10:37:41.795,84.7500,100
38361015918914,10:39:21.015,84.8100,1
38361015919526,10:39:21.015,84.8100,1
38361015922683,10:39:21.015,84.8100,1
38433891790999,10:40:33.891,84.8200,100
38433891827758,10:40:33.891,84.8200,100
38436227164367,10:40:36.227,84.7700,97
38436227164367,10:40:36.227,84.7500,100
38436227164367,10:40:36.227,84.7500,100
38436227164367,10:40:36.227,84.7500,3
38471632458594,10:41:11.632,84.7400,1
38471647341956,10:41:11.647,84.7400,5
38615308372044,10:43:35.308,84.7400,94
38630170406738,10:43:50.170,84.7000,30
38656161746840,10:44:16.161,84.7100,6
38675167103301,10:44:35.167,84.7000,5
38675167103301,10:44:35.167,84.7000,100
38755989449849,10:45:55.989,84.6400,1
38755989450361,10:45:55.989,84.6400,1
38804429306218,10:46:44.429,84.5500,1
38804429309862,10:46:44.429,84.5500,1
38873161639366,10:47:53.161,84.5000,1
38943251819691,10:49:03.251,84.6100,1
38943251819691,10:49:03.251,84.6100,1
39055055043992,10:50:55.055,84.5400,100
39055061015482,10:50:55.061,84.5300,100
39055061351500,10:50:55.061,84.5000,100
39055072854834,10:50:55.072,84.5600,1
39082619832454,10:51:22.619,84.5600,100
39083622882034,10:51:23.622,84.5300,1
39083622882034,10:51:23.622,84.5300,1
39083622882034,10:51:23.622,84.5300,1
39083622918963,10:51:23.622,84.5800,23
39083622940198,10:51:23.622,84.5800,66
39083622943981,10:51:23.622,84.5800,11
39083622943981,10:51:23.622,84.5800,10
39083622943981,10:51:23.622,84.5800,6
39124951055925,10:52:04.951,84.5500,100
39124951055925,10:52:04.951,84.5400,3
39124951055925,10:52:04.951,84.5400,97
39140350619630,10:52:20.350,84.5300,17
39180797673273,10:53:00.797,84.5300,1
39262634716925,10:54:22.634,84.4800,1
39275811190021,10:54:35.811,84.5400,1
39275811190021,10:54:35.811,84.5400,99
39275811219632,10:54:35.811,84.5400,1
39275811219632,10:54:35.811,84.5400,5
39282225053398,10:54:42.225,84.4800,100
39300245853297,10:55:00.245,84.5000,20
39300245853297,10:55:00.245,84.5100,100
39300245853297,10:55:00.245,84.5100,4
39300245853297,10:55:00.245,84.5100,76
39311318993565,10:55:11.318,84.4600,100
39311319011740,10:55:11.319,84.4600,2
39311319493297,10:55:11.319,84.4400,7
39311322252041,10:55:11.322,84.4400,4
39311349112189,10:55:11.349,84.4200,100
39311349112189,10:55:11.349,84.4200,1
39311349561793,10:55:11.349,84.4100,100
39377742391710,10:56:17.742,84.3600,1
39397897001831,10:56:37.897,84.4400,2
39397899082559,10:56:37.899,84.4400,5
39467327351473,10:57:47.327,84.3450,1
39467327351473,10:57:47.327,84.3450,1
39471455569948,10:57:51.455,84.3800,100
39471455569948,10:57:51.455,84.3900,100
39471455569948,10:57:51.455,84.4000,16
39471455569948,10:57:51.455,84.4000,84
39471455583853,10:57:51.455,84.4000,16
39471455583853,10:57:51.455,84.4000,80
39471456601701,10:57:51.456,84.4000,100
39471456633064,10:57:51.456,84.4000,220
39471456653001,10:57:51.456,84.4000,100
39471456664877,10:57:51.456,84.4000,66
39471456669644,10:57:51.456,84.4000,18
39503041501811,10:58:23.041,84.4000,100
39503041545808,10:58:23.041,84.4000,10
39503041545808,10:58:23.041,84.4000,10
39503041568087,10:58:23.041,84.4100,2
39503041609066,10:58:23.041,84.4100,8
39503041649402,10:58:23.041,84.4200,2
39530395405255,10:58:50.395,84.4600,100
39546987166343,10:59:06.987,84.4700,5
39546987930852,10:59:06.987,84.5000,100
39600018499557,11:00:00.018,84.5650,1
39600018499557,11:00:00.018,84.6200,12
39633420904618,11:00:33.420,84.6200,100
39634026567165,11:00:34.026,84.6100,5
39634026592198,11:00:34.026,84.6100,95
39665999723755,11:01:05.999,84.6300,100
39667080693294,11:01:07.080,84.6300,6
39701267519595,11:01:41.267,84.5800,100
39744207964232,11:02:24.207,84.6000,100
39744208038076,11:02:24.208,84.6000,100
39744208051856,11:02:24.208,84.6000,100
39744208067512,11:02:24.208,84.6000,290
39810205459630,11:03:30.205,84.5200,1
39843675774237,11:04:03.675,84.6000,1
39843675774237,11:04:03.675,84.6000,6
39860933970740,11:04:20.933,84.5500,1
39860933972572,11:04:20.933,84.5500,1
39860933974244,11:04:20.933,84.5500,1
40069029173037,11:07:49.029,84.5600,1
40069029506419,11:07:49.029,84.5600,1
40069029542765,11:07:49.029,84.5600,6
40069029923587,11:07:49.029,84.5200,100
40069030484392,11:07:49.030,84.4900,100
40069030484392,11:07:49.030,84.4900,100
40069030484392,11:07:49.030,84.4900,100
40075665373479,11:07:55.665,84.5400,7
40171521157426,11:09:31.521,84.5200,100
40171521212979,11:09:31.521,84.5300,100
40208113433458,11:10:08.113,84.5200,70
40208113433458,11:10:08.113,84.5000,15
40208113478902,11:10:08.113,84.5000,70
40244335171834,11:10:44.335,84.4600,1
40244335994815,11:10:44.335,84.4100,1
40245027652597,11:10:45.027,84.4500,11
40245027652597,11:10:45.027,84.4500,89
40245027679260,11:10:45.027,84.4500,16
40245027679260,11:10:45.027,84.4500,10
40245027693540,11:10:45.027,84.4500,10
40245027693540,11:10:45.027,84.4500,1
40245027703277,11:10:45.027,84.4500,26
40280079295161,11:11:20.079,84.4900,9
40280079295161,11:11:20.079,84.4900,62
40280079295161,11:11:20.079,84.4900,29
40280079295161,11:11:20.079,84.4900,100
40280079295161,11:11:20.079,84.5000,100
40280094614587,11:11:20.094,84.5200,4
40280094640667,11:11:20.094,84.5200,3
40282559397354,11:11:22.559,84.5200,26
40282563230149,11:11:22.563,84.5200,1
40282563230149,11:11:22.563,84.5200,99
40287049462371,11:11:27.049,84.5200,100
40292060300413,11:11:32.060,84.5200,1
40292060300413,11:11:32.060,84.5200,1
40292060300413,11:11:32.060,84.5500,100
40292060300413,11:11:32.060,84.5500,100
40292060300413,11:11:32.060,84.5600,100
40292060300413,11:11:32.060,84.5600,300
40292060300413,11:11:32.060,84.5600,100
40292060300413,11:11:32.060,84.5700,100
40292060300413,11:11:32.060,84.5700,98
40292561260495,11:11:32.561,84.5600,100
40292561615172,11:11:32.561,84.5600,100
40293048591059,11:11:33.048,84.5600,100
40297567078614,11:11:37.567,84.5200,42
40297567469909,11:11:37.567,84.5200,58
40297567469909,11:11:37.567,84.5200,42
40297567496131,11:11:37.567,84.5200,58
40297992486680,11:11:37.992,84.5200,100
40298985097428,11:11:38.985,84.5200,10
40328533360914,11:12:08.533,84.5400,15
40364178389058,11:12:44.178,84.5900,9
40377720736391,11:12:57.720,84.5800,100
40377809246529,11:12:57.809,84.6200,100
40378010408353,11:12:58.010,84.6500,100
40378010413440,11:12:58.010,84.6500,74
40378011788118,11:12:58.011,84.6500,26
40378412555815,11:12:58.412,84.6700,7
40382684208912,11:13:02.684,84.6200,7
40382734113544,11:13:02.734,84.6200,93
40392739512972,11:13:12.739,84.5850,1
40392739512972,11:13:12.739,84.5850,1
40392739512972,11:13:12.739,84.6100,98
40392739545287,11:13:12.739,84.6100,2
40392739545287,11:13:12.739,84.6100,10
40392740203764,11:13:12.740,84.6100,16
40427036929133,11:13:47.036,84.6800,100
40427037360891,11:13:47.037,84.6900,12
40427037360891,11:13:47.037,84.6900,56
40427037549802,11:13:47.037,84.6900,44
40427037549802,11:13:47.037,84.7000,47
40456380191052,11:14:16.380,84.6300,100
40456380191052,11:14:16.380,84.6300,14
40456380875559,11:14:16.380,84.6200,100
40523784196985,11:15:23.784,84.6450,1
40523784196985,11:15:23.784,84.6450,1
40523784196985,11:15:23.784,84.6450,1
40523784196985,11:15:23.784,84.6450,1
40523784231671,11:15:23.784,84.6600,96
40532037824312,11:15:32.037,84.6900,9
40532037876030,11:15:32.037,84.7000,61
40560710815416,11:16:00.710,84.7400,14
40560710848520,11:16:00.710,84.7400,86
40560710848520,11:16:00.710,84.7400,21
40670213710895,11:17:50.213,84.6900,1
40670213713540,11:17:50.213,84.6900,1
40670213715200,11:17:50.213,84.6900,1
40720357969945,11:18:40.357,84.6900,1
40720357997553,11:18:40.357,84.6900,196
40720358810286,11:18:40.358,84.6600,15
40720523542773,11:18:40.523,84.6600,73
40720523542773,11:18:40.523,84.6300,27
40819783812245,11:20:19.783,84.7000,5
40830015048016,11:20:30.015,84.6900,1
40830015048016,11:20:30.015,84.7100,10
40830015048016,11:20:30.015,84.7100,23
40830015048016,11:20:30.015,84.7100,14
40830015048016,11:20:30.015,84.7100,52
40830015093185,11:20:30.015,84.7100,48
40830015093185,11:20:30.015,84.7100,43
40830015347414,11:20:30.015,84.7200,100
40830256878325,11:20:30.256,84.7400,100
40852024135029,11:20:52.024,84.7400,10
40895251403229,11:21:35.251,84.7000,50
40909451438530,11:21:49.451,84.6300,73
40952491616461,11:22:32.491,84.5600,1
40961133091505,11:22:41.133,84.5600,1
41028689040376,11:23:48.689,84.6050,1
41046259112352,11:24:06.259,84.6600,10
41046259249971,11:24:06.259,84.6700,14
41070330556920,11:24:30.330,84.6950,1
41137229195614,11:25:37.229,84.6500,100
41137229208087,11:25:37.229,84.6500,88
41138291758185,11:25:38.291,84.6600,11
41138291766240,11:25:38.291,84.6600,89
41289709086375,11:28:09.709,84.6200,28
41289709090750,11:28:09.709,84.6200,28
41289709093575,11:28:09.709,84.6200,44
41289709102871,11:28:09.709,84.6400,17
41289709102871,11:28:09.709,84.6400,1
41289709102871,11:28:09.709,84.6400,7
41289709109653,11:28:09.709,84.6400,3
41289709109653,11:28:09.709,84.6400,10
41289709325740,11:28:09.709,84.6500,8
41289709403528,11:28:09.709,84.6500,17
41357369141665,11:29:17.369,84.7100,1
41381273403464,11:29:41.273,84.6900,1
41383370868486,11:29:43.370,84.6900,1
41469597427332,11:31:09.597,84.6400,5
41469597966783,11:31:09.597,84.6300,100
41610129996580,11:33:30.129,84.6300,100
41685277728601,11:34:45.277,84.6800,100
41696055011936,11:34:56.055,84.6300,100
41696055011936,11:34:56.055,84.6100,200
41696055716209,11:34:56.055,84.6100,4
41696055793564,11:34:56.055,84.6100,1
41696291434710,11:34:56.291,84.6600,100
41702049277334,11:35:02.049,84.6800,100
41702049277334,11:35:02.049,84.6800,24
41702049277334,11:35:02.049,84.6800,10
41702049277334,11:35:02.049,84.6800,7
41702049277334,11:35:02.049,84.6800,10
41702049277334,11:35:02.049,84.6800,10
41702049342863,11:35:02.049,84.6900,15
41708031325657,11:35:08.031,84.6600,97
41722402700644,11:35:22.402,84.7400,7
41722402969439,11:35:22.402,84.7400,7
41722402999501,11:35:22.402,84.7300,100
41722409440906,11:35:22.409,84.7400,7
41722409496163,11:35:22.409,84.7400,7
41722409571646,11:35:22.409,84.7400,7
41722413976086,11:35:22.413,84.7400,7
41722430812414,11:35:22.430,84.7400,7
41722554300548,11:35:22.554,84.7400,7
41722903119932,11:35:22.903,84.7400,7
41723403417764,11:35:23.403,84.7400,7
41724404934803,11:35:24.404,84.7400,7
41725413534823,11:35:25.413,84.7400,7
41770360974552,11:36:10.360,84.7500,7
41867839034783,11:37:47.839,84.8000,57
41867839100743,11:37:47.839,84.8000,43
41867839100743,11:37:47.839,84.8100,3
41867839127918,11:37:47.839,84.8100,11
41867839127918,11:37:47.839,84.8100,8
41867839127918,11:37:47.839,84.8100,24
41867848537594,11:37:47.848,84.8200,11
41962646909927,11:39:22.646,84.8200,100
41962647005910,11:39:22.647,84.8200,100
41962647399034,11:39:22.647,84.7900,1
41962647752980,11:39:22.647,84.7900,48
41962647889652,11:39:22.647,84.7900,51
41967282025961,11:39:27.282,84.7800,52
41967282089731,11:39:27.282,84.7800,47
41988072178560,11:39:48.072,84.7200,1
42026258495251,11:40:26.258,84.7100,8
42085710569368,11:41:25.710,84.8200,100
42085710574394,11:41:25.710,84.8500,43
42085710599211,11:41:25.710,84.8500,100
42085862691534,11:41:25.862,84.8600,17
42085862691534,11:41:25.862,84.8600,10
42085862691534,11:41:25.862,84.8600,11
42085862691534,11:41:25.862,84.8600,9
42085862691534,11:41:25.862,84.8600,53
42085862720295,11:41:25.862,84.8600,47
42160331498714,11:42:40.331,84.9000,100
42273255364467,11:44:33.255,84.8400,100
42273255364467,11:44:33.255,84.8400,99
42273255364467,11:44:33.255,84.8400,100
42348132816440,11:45:48.132,84.8350,1
42348132816440,11:45:48.132,84.8350,1
42348132816440,11:45:48.132,84.8350,1
42355520272023,11:45:55.520,84.8600,100
42355520279300,11:45:55.520,84.8900,10
42355520279300,11:45:55.520,84.8900,10
42355520279300,11:45:55.520,84.8900,19
42355520279300,11:45:55.520,84.8900,13
42592278362875,11:49:52.278,84.9300,17
42721566659756,11:52:01.566,84.8200,1
42721567286397,11:52:01.567,84.8200,1
42762868289822,11:52:42.868,84.8900,13
42762868289822,11:52:42.868,84.8900,87
42762868359053,11:52:42.868,84.8900,13
42762868359053,11:52:42.868,84.8900,10
42762868359053,11:52:42.868,84.8900,40
42762868813344,11:52:42.868,84.9000,5
42762868928179,11:52:42.868,84.9000,19
42762869123277,11:52:42.869,84.9100,13
42762869123277,11:52:42.869,84.9100,29
42762922225908,11:52:42.922,84.9300,2
42766279743443,11:52:46.279,84.9400,12
42888440928002,11:54:48.440,84.9100,100
42888440928002,11:54:48.440,84.9100,2
42888441092987,11:54:48.441,84.9200,100
42888441092987,11:54:48.441,84.9200,2
42889070153876,11:54:49.070,84.9400,3
43012208825353,11:56:52.208,84.8200,1
43071520434837,11:57:51.520,84.9000,1
43081581440988,11:58:01.581,84.8200,1
43083164903221,11:58:03.164,84.9200,100
43107262737398,11:58:27.262,84.8800,100
43107262952756,11:58:27.262,84.8800,13
43107412305775,11:58:27.412,84.8900,1
43115649686520,11:58:35.649,84.8100,100
43135208228648,11:58:55.208,84.7800,10
43158356497778,11:59:18.356,84.8400,100
43158356497778,11:59:18.356,84.8500,100
43158356830730,11:59:18.356,84.8500,100
43275052068452,12:01:15.052,84.7800,4
43275052094118,12:01:15.052,84.7800,86
43275052094118,12:01:15.052,84.7800,100
43275064479252,12:01:15.064,84.7500,1
43280053754772,12:01:20.053,84.7400,1
43280067775017,12:01:20.067,84.7400,79
43280067845615,12:01:20.067,84.7400,5
43320109324031,12:02:00.109,84.7600,1
43320109324031,12:02:00.109,84.8000,4
43320109324031,12:02:00.109,84.8000,95
43320109509538,12:02:00.109,84.8000,4
43320109522187,12:02:00.109,84.8000,1
43320109522187,12:02:00.109,84.8000,50
43320109522187,12:02:00.109,84.8100,14
43320109522187,12:02:00.109,84.8100,10
43373248947486,12:02:53.248,84.8900,28
43373249014072,12:02:53.249,84.9000,14
43373249014072,12:02:53.249,84.9000,86
43373249048341,12:02:53.249,84.9000,14
43373249048341,12:02:53.249,84.9000,10
43373920781515,12:02:53.920,84.9300,100
43389295427359,12:03:09.295,84.9000,4
43389304750134,12:03:09.304,84.9000,21
43405484304281,12:03:25.484,84.9600,3
43411003802227,12:03:31.003,84.9300,1
43452503301174,12:04:12.503,84.9500,100
43452503301174,12:04:12.503,84.9500,24
43452513893000,12:04:12.513,84.9700,6
43460912341186,12:04:20.912,84.9600,100
43460913030802,12:04:20.913,84.9600,15
43460913030802,12:04:20.913,84.9600,100
43460913030802,12:04:20.913,84.9600,85
43460913133040,12:04:20.913,84.9600,100
43460914499382,12:04:20.914,84.9600,19
43461913965252,12:04:21.913,85.0000,25
43461914762603,12:04:21.914,85.0200,75
43463943804046,12:04:23.943,85.0050,100
43467657918200,12:04:27.657,84.9900,108
43471539388482,12:04:31.539,84.9600,81
43471539388482,12:04:31.539,84.9600,15
43471539388482,12:04:31.539,84.9600,4
43579464273358,12:06:19.464,85.0600,104
43579464292082,12:06:19.464,85.0600,55
43579464512460,12:06:19.464,85.0600,43
43579464542482,12:06:19.464,85.0600,298
43579464542482,12:06:19.464,85.0600,10
43579464542482,12:06:19.464,85.0600,6
43579464542482,12:06:19.464,85.0600,15
43579464542482,12:06:19.464,85.0600,100
43579464542482,12:06:19.464,85.0600,36
43640028548004,12:07:20.028,85.0100,1
43640029363678,12:07:20.029,84.9700,1
43640731513333,12:07:20.731,85.0400,100
43715846040189,12:08:35.846,85.0800,9
43715846040189,12:08:35.846,85.0800,10
43715846040189,12:08:35.846,85.0800,15
43715846040189,12:08:35.846,85.0800,30
43787819981764,12:09:47.819,85.1200,68
43841202510643,12:10:41.202,85.1200,49
43841202510643,12:10:41.202,85.1200,10
43841202510643,12:10:41.202,85.1300,16
43841202510643,12:10:41.202,85.1300,10
43841202510643,12:10:41.202,85.1400,38
43841202510643,12:10:41.202,85.1400,115
43861668890031,12:11:01.668,85.2000,44
43861668890031,12:11:01.668,85.2000,56
43861668904401,12:11:01.668,85.2000,44
43885442471869,12:11:25.442,85.1900,1
44057713275964,12:14:17.713,85.1500,12
44060037537615,12:14:20.037,85.1400,1
44078041504973,12:14:38.041,85.1400,99
44115637732474,12:15:15.637,85.1400,1
44115637792916,12:15:15.637,85.1500,100
44115637817652,12:15:15.637,85.1500,50
44115638993672,12:15:15.638,85.1600,11
44115638993672,12:15:15.638,85.1600,100
44115639035293,12:15:15.639,85.1700,24
44122210533147,12:15:22.210,85.1800,25
44215623500460,12:16:55.623,85.1900,1
44216946110254,12:16:56.946,85.2000,13
44216946110254,12:16:56.946,85.2000,10
44216946110254,12:16:56.946,85.2100,17
44305429575594,12:18:25.429,85.1400,4
44326196029929,12:18:46.196,85.0600,1
44413803000724,12:20:13.803,85.0700,50
44413803038583,12:20:13.803,85.0600,100
44413803638887,12:20:13.803,85.0500,19
44413803798860,12:20:13.803,85.0500,7
44440470519381,12:20:40.470,85.1100,16
44498934290231,12:21:38.934,85.0500,74
44680808875915,12:24:40.808,85.1000,1
44778757693346,12:26:18.757,85.0800,4
44796181952199,12:26:36.181,85.0500,100
44796181952199,12:26:36.181,85.0500,100
44796181985214,12:26:36.181,85.0400,100
44796181985214,12:26:36.181,85.0400,10
44796183305227,12:26:36.183,85.0300,60
44805962656433,12:26:45.962,85.0800,8
44805964919106,12:26:45.964,85.0900,47
44805965206349,12:26:45.965,85.1100,15
44866061166305,12:27:46.061,85.1200,100
44866061166305,12:27:46.061,85.1300,1
44866061166305,12:27:46.061,85.1300,16
44866061166305,12:27:46.061,85.1300,83
44866061237923,12:27:46.061,85.1300,17
44866061237923,12:27:46.061,85.1300,18
44866061237923,12:27:46.061,85.1300,45
44866061237923,12:27:46.061,85.1300,6
44866061237923,12:27:46.061,85.1300,7
44866061237923,12:27:46.061,85.1300,7
44866061267758,12:27:46.061,85.1300,3
44866061267758,12:27:46.061,85.1300,97
44866061268542,12:27:46.061,85.1300,3
44866061289036,12:27:46.061,85.1300,100
44917932628979,12:28:37.932,85.1000,23
44917932717417,12:28:37.932,85.0800,100
44917933048133,12:28:37.933,85.0800,4
44970277667840,12:29:30.277,85.1300,8
44985237036155,12:29:45.237,85.1000,7
44996490590462,12:29:56.490,85.1000,19
45058837245568,12:30:58.837,85.1000,20
45058837271674,12:30:58.837,85.1000,54
45058837271674,12:30:58.837,85.1000,100
45058837271674,12:30:58.837,85.1000,100
45058837366958,12:30:58.837,85.0800,3
45065453497771,12:31:05.453,85.0700,10
45106247572485,12:31:46.247,85.1300,35
45106372675256,12:31:46.372,85.1300,53
45106372675256,12:31:46.372,85.1300,8
45106372675256,12:31:46.372,85.1300,25
45106372675256,12:31:46.372,85.1300,10
45121522403530,12:32:01.522,85.1000,9
45241398387330,12:34:01.398,85.1000,91
45241398387330,12:34:01.398,85.1000,4
45318033397932,12:35:18.033,85.1300,34
45318033419084,12:35:18.033,85.1300,10
45318033963967,12:35:18.033,85.1400,14
45318139087011,12:35:18.139,85.1400,105
45353214937489,12:35:53.214,85.0600,1
45355227496381,12:35:55.227,85.0600,9
45355229356959,12:35:55.229,85.0800,100
45355229356959,12:35:55.229,85.0600,90
45361515788025,12:36:01.515,85.0600,10
45584630840133,12:39:44.630,85.1200,5
45584630931520,12:39:44.630,85.1300,8
45584630931520,12:39:44.630,85.1300,10
45584630931520,12:39:44.630,85.1300,16
45665041085826,12:41:05.041,85.1100,5
45666082226818,12:41:06.082,85.1200,5
45668961988795,12:41:08.961,85.1300,18
45755516661136,12:42:35.516,85.1400,100
45755516661136,12:42:35.516,85.1400,10
45755516661136,12:42:35.516,85.1400,3
45755516661136,12:42:35.516,85.1400,100
45755516661136,12:42:35.516,85.1400,87
45890322597958,12:44:50.322,85.1600,22
45911135381354,12:45:11.135,85.1900,200
45911135381354,12:45:11.135,85.1900,8
45911135488902,12:45:11.135,85.1800,20
46227147020939,12:50:27.147,85.1700,80
46227147020939,12:50:27.147,85.1800,20
46227147020939,12:50:27.147,85.1800,61
46227147020939,12:50:27.147,85.1800,19
46227147020939,12:50:27.147,85.1800,10
46227147020939,12:50:27.147,85.1800,10
46227147081217,12:50:27.147,85.1800,50
46227176100785,12:50:27.176,85.1500,100
46231863722208,12:50:31.863,85.1800,12
46231863764424,12:50:31.863,85.1800,17
46247500797771,12:50:47.500,85.1100,100
46288098050489,12:51:28.098,85.1000,5
46464236670038,12:54:24.236,85.0700,20
46464268219030,12:54:24.268,85.0600,5
46466771160675,12:54:26.771,85.0900,10
46466771160675,12:54:26.771,85.0900,10
46466771160675,12:54:26.771,85.1000,80
46492587822711,12:54:52.587,85.1000,20
46492606198827,12:54:52.606,85.1100,11
46492606845722,12:54:52.606,85.1100,20
46492625537282,12:54:52.625,85.1000,10
46503030964272,12:55:03.030,85.1200,16
46503030964272,12:55:03.030,85.1200,18
46591265056659,12:56:31.265,85.1500,8
46647791931599,12:57:27.791,85.1550,100
46647791944833,12:57:27.791,85.1200,100
46647791983136,12:57:27.791,85.1200,7
46647791983136,12:57:27.791,85.1200,100
46647792329641,12:57:27.792,85.1100,100
46711242670509,12:58:31.242,85.0500,4
46745951856926,12:59:05.951,85.0400,10
46749038109582,12:59:09.038,85.0300,1
46801187531271,13:00:01.187,85.0100,2
46801187531271,13:00:01.187,85.0100,8
46801187531271,13:00:01.187,85.0100,10
46801187531271,13:00:01.187,85.0100,100
46801188342666,13:00:01.188,85.0400,20
46801188342666,13:00:01.188,85.0400,80
46801189047757,13:00:01.189,85.0500,100
46877823650513,13:01:17.823,85.0100,20
46877823650513,13:01:17.823,85.0100,10
46877823650513,13:01:17.823,85.0100,10
46877824090353,13:01:17.824,85.0000,25
46877824090353,13:01:17.824,85.0000,10
46877824702342,13:01:17.824,84.9900,10
46878143514251,13:01:18.143,84.9800,10
46878143514251,13:01:18.143,84.9800,10
46878143600509,13:01:18.143,84.9700,10
46878143600509,13:01:18.143,84.9700,10
46878143613071,13:01:18.143,84.9600,1
46878143613071,13:01:18.143,84.9500,10
46878143616119,13:01:18.143,84.9800,100
46878143665074,13:01:18.143,84.9700,100
47006190518950,13:03:26.190,84.9400,10
47006190518950,13:03:26.190,84.9400,10
47012530512128,13:03:32.530,84.9300,10
47012530512128,13:03:32.530,84.9300,10
47012530512128,13:03:32.530,84.9300,7
47033147720830,13:03:53.147,84.9200,2
47033147720830,13:03:53.147,84.9200,8
47033147720830,13:03:53.147,84.9200,10
47039648415711,13:03:59.648,84.9100,20
47041543376742,13:04:01.543,84.9000,1
47057201047313,13:04:17.201,84.9200,80
47057201047313,13:04:17.201,84.9200,20
47057474652900,13:04:17.474,84.9200,10
47057474652900,13:04:17.474,84.9200,70
47057474652900,13:04:17.474,84.9300,100
47057474652900,13:04:17.474,84.9300,10
47057474695449,13:04:17.474,84.9300,6
47057474695449,13:04:17.474,84.9300,32
47065367815322,13:04:25.367,84.8800,3
47065367842177,13:04:25.367,84.8800,103
47065367842177,13:04:25.367,84.8800,100
47065368351429,13:04:25.368,84.8700,8
47065368403403,13:04:25.368,84.8700,12
47065368640032,13:04:25.368,84.8600,6
47065368874627,13:04:25.368,84.8600,14
47147923445188,13:05:47.923,84.9200,5
47153158496033,13:05:53.158,84.9200,95
47153158496033,13:05:53.158,84.9200,16
47153158496033,13:05:53.158,84.9200,100
47218284139551,13:06:58.284,84.9500,100
47220063096914,13:07:00.063,84.9500,47
47220063120988,13:07:00.063,84.9500,53
47220063189921,13:07:00.063,84.9500,3
47504075972687,13:11:44.075,84.9200,16
47504075972687,13:11:44.075,84.9400,29
47506616774337,13:11:46.616,84.9400,10
47506616774337,13:11:46.616,84.9500,17
47593956066467,13:13:13.956,84.8700,4
47632859883142,13:13:52.859,84.8700,96
47632859883142,13:13:52.859,84.8700,4
47632859909136,13:13:52.859,84.8700,3
47632861477978,13:13:52.861,84.8800,100
47632890253495,13:13:52.890,84.8500,20
47647128791212,13:14:07.128,84.8400,1
47647128791212,13:14:07.128,84.8400,1
47647128791212,13:14:07.128,84.8400,3
47647128817114,13:14:07.128,84.8400,97
47647128817114,13:14:07.128,84.8400,3
47676175178502,13:14:36.175,84.8300,20
47693547710579,13:14:53.547,84.8400,100
47761432751257,13:16:01.432,84.8300,1
47761432751257,13:16:01.432,84.8300,1
47831499278350,13:17:11.499,84.8600,60
47831499278350,13:17:11.499,84.8700,30
47909933535986,13:18:29.933,84.8700,16
47909933535986,13:18:29.933,84.8700,2
47909933535986,13:18:29.933,84.8700,52
47951187065833,13:19:11.187,84.8500,66
47951187419435,13:19:11.187,84.8300,100
47951187419435,13:19:11.187,84.8300,100
47951218557870,13:19:11.218,84.8200,10
47951218557870,13:19:11.218,84.8200,10
47951218557870,13:19:11.218,84.8100,88
47976449278758,13:19:36.449,84.8100,7
47976449278758,13:19:36.449,84.8000,1
47976449278758,13:19:36.449,84.8000,9
47976449278758,13:19:36.449,84.8000,83
47976457874504,13:19:36.457,84.8000,17
47978595596156,13:19:38.595,84.7900,10
47978595596156,13:19:38.595,84.7900,40
47978601106501,13:19:38.601,84.7800,5
47978605602035,13:19:38.605,84.7800,5
48049956986811,13:20:49.956,84.7900,100
48055729432393,13:20:55.729,84.8100,100
48055729628902,13:20:55.729,84.8100,35
48055729642706,13:20:55.729,84.8100,65
48055729642706,13:20:55.729,84.8200,100
48055729642706,13:20:55.729,84.8200,1
48055729642706,13:20:55.729,84.8200,10
48055729642706,13:20:55.729,84.8200,59
48055729748922,13:20:55.729,84.8200,41
48055729748922,13:20:55.729,84.8200,7
48055729776416,13:20:55.729,84.8200,7
48055729776416,13:20:55.729,84.8200,10
48107342127334,13:21:47.342,84.8800,100
48107342212769,13:21:47.342,84.8800,10
48110259879081,13:21:50.259,84.9000,5
48160970228868,13:22:40.970,84.8700,100
48195968305435,13:23:15.968,84.8400,100
48205986181035,13:23:25.986,84.8400,100
48215941393666,13:23:35.941,84.8000,1
48215942533143,13:23:35.942,84.8000,35
48264155355039,13:24:24.155,84.8000,10
48264155355039,13:24:24.155,84.7900,3
48266883752989,13:24:26.883,84.7800,13
48266883752989,13:24:26.883,84.7800,21
48266884399995,13:24:26.884,84.7800,66
48287167219086,13:24:47.167,84.7700,1
48287373579746,13:24:47.373,84.8200,1
48289476923183,13:24:49.476,84.7600,10
48289476923183,13:24:49.476,84.7600,40
48290801411610,13:24:50.801,84.7600,50
48292931058747,13:24:52.931,84.7700,2
48293085354569,13:24:53.085,84.8000,1
48293085388071,13:24:53.085,84.8000,99
48293085388071,13:24:53.085,84.8000,14
48293085388071,13:24:53.085,84.8000,100
48295507753071,13:24:55.507,84.8200,100
48295507814859,13:24:55.507,84.8300,10
48296325754716,13:24:56.325,84.8400,100
48305792353831,13:25:05.792,84.8600,100
48305792353831,13:25:05.792,84.9100,100
48305792353831,13:25:05.792,84.9100,17
48312217309935,13:25:12.217,84.8500,2
48327276185571,13:25:27.276,84.8700,1
48328206470679,13:25:28.206,84.8700,1
48328378481473,13:25:28.378,84.8700,1
48330253130969,13:25:30.253,84.8700,97
48330253130969,13:25:30.253,84.8700,100
48463856742831,13:27:43.856,84.8400,100
48577587144245,13:29:37.587,84.8700,10
48577587144245,13:29:37.587,84.8700,70
48577587144245,13:29:37.587,84.8700,6
48577981710918,13:29:37.981,84.8700,40
48577981710918,13:29:37.981,84.8800,3
48577981710918,13:29:37.981,84.8800,16
48577981710918,13:29:37.981,84.8800,141
48577982874831,13:29:37.982,84.8700,10
48577982874831,13:29:37.982,84.8800,1
48577982874831,13:29:37.982,84.8800,10
48577982874831,13:29:37.982,84.8800,90
48577982908912,13:29:37.982,84.8800,10
48683286161063,13:31:23.286,84.9000,67
48683286175113,13:31:23.286,84.9000,21
48683286175113,13:31:23.286,84.9000,79
48683286189906,13:31:23.286,84.9000,21
48683286522801,13:31:23.286,84.8800,32
48702108781005,13:31:42.108,84.9000,100
48702111756970,13:31:42.111,84.8800,79
48975566633927,13:36:15.566,84.8200,3
49029495300900,13:37:09.495,84.8200,33
49046015072266,13:37:26.015,84.8700,10
49046015072266,13:37:26.015,84.8700,90
49046015072266,13:37:26.015,84.8700,20
49046015072266,13:37:26.015,84.8800,1
49046015072266,13:37:26.015,84.8800,10
49046015072266,13:37:26.015,84.8800,100
49046015072266,13:37:26.015,84.8800,10
49046015072266,13:37:26.015,84.8800,59
49046015671455,13:37:26.015,84.8800,57
49046016058988,13:37:26.016,84.8800,20
49047130091227,13:37:27.130,84.9100,100
49047130091227,13:37:27.130,84.9100,18
49057429383006,13:37:37.429,84.9200,100
49167390917212,13:39:27.390,84.9200,12
49265056566261,13:41:05.056,84.8300,20
49265065731581,13:41:05.065,84.8300,43
49288458870135,13:41:28.458,84.8300,86
49288471961688,13:41:28.471,84.8600,4
49290982418756,13:41:30.982,84.8700,94
49290982418756,13:41:30.982,84.8700,6
49299194482719,13:41:39.194,84.8800,19
49308820582704,13:41:48.820,84.8800,63
49309721515897,13:41:49.721,84.8900,10
49309721515897,13:41:49.721,84.8900,34
49313983385806,13:41:53.983,84.8800,90
49313983385806,13:41:53.983,84.8900,10
49325339598541,13:42:05.339,84.8900,78
49358030868022,13:42:38.030,84.8500,6
49371746127218,13:42:51.746,84.8500,38
49389198381793,13:43:09.198,84.8100,100
49389198381793,13:43:09.198,84.8100,1
49452045982153,13:44:12.045,84.7800,10
49452045982153,13:44:12.045,84.7800,90
49452046007545,13:44:12.046,84.7800,10
49452046035118,13:44:12.046,84.7700,17
49478025510924,13:44:38.025,84.7700,83
49478025549043,13:44:38.025,84.7600,50
49478037226946,13:44:38.037,84.7500,10
49478037226946,13:44:38.037,84.7500,9
49478037252707,13:44:38.037,84.7500,1
49478037252707,13:44:38.037,84.7500,30
49478037252707,13:44:38.037,84.7500,1
49478037565311,13:44:38.037,84.7400,10
49478037565311,13:44:38.037,84.7400,10
49478037565311,13:44:38.037,84.7400,3
49478038521144,13:44:38.038,84.7400,77
49478387206186,13:44:38.387,84.7000,10
49478789147370,13:44:38.789,84.7600,1
49503170975492,13:45:03.170,84.6900,10
49503170975492,13:45:03.170,84.6900,10
49503170975492,13:45:03.170,84.6900,10
49503171011015,13:45:03.171,84.6900,64
49503171011015,13:45:03.171,84.6900,6
49503172426904,13:45:03.172,84.6800,20
49503172426904,13:45:03.172,84.6800,1
49503186478267,13:45:03.186,84.6800,3
49503186503136,13:45:03.186,84.6800,61
49503186503136,13:45:03.186,84.6800,15
49508138484213,13:45:08.138,84.6700,10
49531744800849,13:45:31.744,84.6800,65
49531745234485,13:45:31.745,84.7200,10
49699512549319,13:48:19.512,84.7000,100
49699512575300,13:48:19.512,84.7000,1
49700845666882,13:48:20.845,84.6700,10
49801356781066,13:50:01.356,84.6800,5
49846633887755,13:50:46.633,84.6800,10
49846634304556,13:50:46.634,84.6600,5
49846634332591,13:50:46.634,84.6600,5
49847492888206,13:50:47.492,84.6500,5
49847493273919,13:50:47.493,84.6800,9
49848032043646,13:50:48.032,84.6500,9
49875162805666,13:51:15.162,84.6900,10
50157342077832,13:55:57.342,84.7300,44
50157342091404,13:55:57.342,84.7300,56
50157342091404,13:55:57.342,84.7300,10
50157342091404,13:55:57.342,84.7300,22
50157342123588,13:55:57.342,84.7300,28
50160028834012,13:56:00.028,84.7400,16
50160029311636,13:56:00.029,84.7700,100
50199835796904,13:56:39.835,84.8000,10
50199835796904,13:56:39.835,84.8200,6
50216878211822,13:56:56.878,84.8000,10
50216878213694,13:56:56.878,84.8200,10
50222895795164,13:57:02.895,84.8500,60
50255893061661,13:57:35.893,84.7800,1
50255893061661,13:57:35.893,84.7800,8
50255893068425,13:57:35.893,84.7700,95
50255996163270,13:57:35.996,84.7700,10
50256994750503,13:57:36.994,84.8200,40
50371144620884,13:59:31.144,84.8100,100
50388062148044,13:59:48.062,84.8100,26
50402700222673,14:00:02.700,84.7000,10
50408438127081,14:00:08.438,84.8000,10
50409709552371,14:00:09.709,84.8000,10
50409709971808,14:00:09.709,84.8000,10
50409709971808,14:00:09.709,84.8200,10
50409709971808,14:00:09.709,84.8300,29
50409710306095,14:00:09.710,84.8100,20
50410667298280,14:00:10.667,84.8500,36
50411713589731,14:00:11.713,84.8500,14
50411713589731,14:00:11.713,84.8500,6
50411713589731,14:00:11.713,84.8700,180
50411713621623,14:00:11.713,84.8700,20
50411713641490,14:00:11.713,84.8700,20
50411713652228,14:00:11.713,84.8700,10
50414067440213,14:00:14.067,84.8900,21
50418647108003,14:00:18.647,85.0000,48
50418647111187,14:00:18.647,85.0000,52
50419686472085,14:00:19.686,84.9700,100
50429741474919,14:00:29.741,85.2200,100
50429746937772,14:00:29.746,85.2800,100
50452019984468,14:00:52.019,85.2850,100
50461374213640,14:01:01.374,85.3400,100
50461374213640,14:01:01.374,85.3600,1
50463735674082,14:01:03.735,85.3600,100
50463735674082,14:01:03.735,85.3800,1
50463735756731,14:01:03.735,85.3800,99
50464509310232,14:01:04.509,85.2500,100
50464509310232,14:01:04.509,85.2500,30
50464509310232,14:01:04.509,85.2500,20
50464509310232,14:01:04.509,85.2500,50
50466720885193,14:01:06.720,85.2600,100
50466720930358,14:01:06.720,85.2600,2
50466725006061,14:01:06.725,85.2300,1
50466725010030,14:01:06.725,85.2300,100
50466728101407,14:01:06.728,85.2300,100
50466728160461,14:01:06.728,85.2300,100
50466728204910,14:01:06.728,85.2300,1
50466728314885,14:01:06.728,85.2300,99
50466728314885,14:01:06.728,85.2300,1
50466731555174,14:01:06.731,85.2300,99
50526148530980,14:02:06.148,85.3000,20
50526148530980,14:02:06.148,85.2800,80
50526148546666,14:02:06.148,85.2800,20
50526148546666,14:02:06.148,85.2700,80
50526151197714,14:02:06.151,85.2700,20
50526151197714,14:02:06.151,85.2700,80
50526151202927,14:02:06.151,85.2700,20
50526151239306,14:02:06.151,85.2700,20
50527699905847,14:02:07.699,85.3800,2
50527700719165,14:02:07.700,85.4400,100
50531314897495,14:02:11.314,85.4400,100
50531315039134,14:02:11.315,85.5000,20
50531315039134,14:02:11.315,85.5000,7
50531383224085,14:02:11.383,85.5000,100
50533913705063,14:02:13.913,85.5200,100
50542679941394,14:02:22.679,85.5500,100
50580011206334,14:03:00.011,85.5200,100
50602113644341,14:03:22.113,85.5800,29
50602113644341,14:03:22.113,85.5800,71
50602113773540,14:03:22.113,85.5800,129
50607717223890,14:03:27.717,85.6400,100
50612892865675,14:03:32.892,85.5300,1
50676418062606,14:04:36.418,85.7200,48
50676418105915,14:04:36.418,85.7300,88
50676418161108,14:04:36.418,85.7300,12
50676418161108,14:04:36.418,85.7300,33
50676450607483,14:04:36.450,85.9100,4
50685141580987,14:04:45.141,85.8200,100
50685141879857,14:04:45.141,85.8200,100
50714574961332,14:05:14.574,85.7800,10
50737646645119,14:05:37.646,85.7900,1
50738297914162,14:05:38.297,85.7900,9
50738297914162,14:05:38.297,85.7900,91
50738297954583,14:05:38.297,85.7900,9
50738297954583,14:05:38.297,85.7900,37
50738297954583,14:05:38.297,85.7900,4
50740198289495,14:05:40.198,85.7400,99
50740198657959,14:05:40.198,85.8100,7
50740198747826,14:05:40.198,85.7400,1
50740198783311,14:05:40.198,85.7400,6
50754087817512,14:05:54.087,85.8700,47
50754087817512,14:05:54.087,85.8700,100
50754088316340,14:05:54.088,85.8900,10
50754090182558,14:05:54.090,85.8700,100
50754090492155,14:05:54.090,85.8700,50
50754864881979,14:05:54.864,85.9600,1
50759437127895,14:05:59.437,85.7500,1
50769000859387,14:06:09.000,85.9700,34
50770975600644,14:06:10.975,85.9700,100
50770975932030,14:06:10.975,85.8800,100
50773541738612,14:06:13.541,85.9700,100
50773742838184,14:06:13.742,85.9700,100
50773943720220,14:06:13.943,85.9800,100
50775359037896,14:06:15.359,85.9900,100
50775359064164,14:06:15.359,85.9900,46
50775359105421,14:06:15.359,85.9900,46
50777215574977,14:06:17.215,85.9900,54
50777215574977,14:06:17.215,85.9900,46
50781271306738,14:06:21.271,85.9800,100
50781271306738,14:06:21.271,85.9800,20
50783765594143,14:06:23.765,85.9800,100
50783765599007,14:06:23.765,85.9800,100
50783765608593,14:06:23.765,85.9800,100
50783765610480,14:06:23.765,85.9800,100
50783765676566,14:06:23.765,85.9800,43
50783765695714,14:06:23.765,85.9800,57
50783765695714,14:06:23.765,85.9800,43
50783765703849,14:06:23.765,85.9800,14
50783765706574,14:06:23.765,85.9800,57
50783765715633,14:06:23.765,85.9800,100
50783765723505,14:06:23.765,85.9800,57
50783765748952,14:06:23.765,85.9800,25
50783765769348,14:06:23.765,85.9800,18
50783765780496,14:06:23.765,85.9800,43
50783765789452,14:06:23.765,85.9800,18
50783765807138,14:06:23.765,85.9800,39
50783765807138,14:06:23.765,85.9800,18
50783765853368,14:06:23.765,85.9800,33
50783765858695,14:06:23.765,85.9900,17
50783765879870,14:06:23.765,85.9800,2
50783765906620,14:06:23.765,85.9800,31
50783765939207,14:06:23.765,85.9800,2
50783885739891,14:06:23.885,85.9800,100
50784174936384,14:06:24.174,85.9800,3
50784203459484,14:06:24.203,85.9800,148
50784204384424,14:06:24.204,85.9800,100
50784204394706,14:06:24.204,85.9800,48
50784404851541,14:06:24.404,85.9800,69
50784404851541,14:06:24.404,85.9900,31
50784404853732,14:06:24.404,85.9900,48
50784404890367,14:06:24.404,85.9900,4
50784404890367,14:06:24.404,85.9900,36
50792475218650,14:06:32.475,85.9900,29
50814812655687,14:06:54.812,85.8600,100
50814812669809,14:06:54.812,85.8200,42
50814813991917,14:06:54.813,85.8100,100
50815169015721,14:06:55.169,85.7600,100
50826952345180,14:07:06.952,85.8400,186
50826952350450,14:07:06.952,85.8400,202
50826952412446,14:07:06.952,85.8400,40
50861336293656,14:07:41.336,85.8500,100
50867684393989,14:07:47.684,85.8500,200
50867684643849,14:07:47.684,85.8500,100
50867684651288,14:07:47.684,85.8500,105
50867684740427,14:07:47.684,85.8500,95
50867684740427,14:07:47.684,85.8600,100
50867684740427,14:07:47.684,85.8600,5
50867684792591,14:07:47.684,85.8600,95
50867684792591,14:07:47.684,85.8600,1
50867684834569,14:07:47.684,85.8600,4
50867684834569,14:07:47.684,85.8600,96
50867684847625,14:07:47.684,85.8600,100
50867684865713,14:07:47.684,85.8600,4
50867684865713,14:07:47.684,85.8600,96
50867685100623,14:07:47.685,85.8600,4
50879444915987,14:07:59.444,85.8900,1
50883233691000,14:08:03.233,86.0400,100
50883992354199,14:08:03.992,86.0600,100
50883992581627,14:08:03.992,86.0600,41
50887232768772,14:08:07.232,86.0500,100
50887233146140,14:08:07.233,86.0600,58
50893114203277,14:08:13.114,86.0500,100
50893115269549,14:08:13.115,85.9300,100
50893115269549,14:08:13.115,85.8700,100
50895232715151,14:08:15.232,86.0500,100
50900098832922,14:08:20.098,86.0200,100
50900098832922,14:08:20.098,86.0700,29
50900099026727,14:08:20.099,86.0700,29
50900099026727,14:08:20.099,86.0700,100
50900099523834,14:08:20.099,86.0800,100
50900099523834,14:08:20.099,86.0900,29
50900100174872,14:08:20.100,86.0900,100
50903571654244,14:08:23.571,86.0500,100
50904233305777,14:08:24.233,86.0500,100
50949973851806,14:09:09.973,86.0000,12
50949974129294,14:09:09.974,86.0000,12
50949975151513,14:09:09.975,86.0000,12
50949975438638,14:09:09.975,86.0000,12
50954382457070,14:09:14.382,86.0100,100
50969283155266,14:09:29.283,85.8500,51
50969283366267,14:09:29.283,85.8500,49
50969283366267,14:09:29.283,85.8400,51
50972615884611,14:09:32.615,85.8500,51
50972615884611,14:09:32.615,85.8500,49
50972615902869,14:09:32.615,85.8300,25
50972616298019,14:09:32.616,85.8500,25
50972616484709,14:09:32.616,85.8500,45
50972616484709,14:09:32.616,85.8500,25
50972616484709,14:09:32.616,85.8300,5
50972616494594,14:09:32.616,85.8300,25
50972616929064,14:09:32.616,85.8500,25
50972635414644,14:09:32.635,85.8300,10
50972637461226,14:09:32.637,85.8300,5
50998154069205,14:09:58.154,85.8200,5
50998154069205,14:09:58.154,85.8100,19
50998155217871,14:09:58.155,85.8100,1
50998155331721,14:09:58.155,85.8100,25
51011490889520,14:10:11.490,85.9500,100
51011490911581,14:10:11.490,85.9500,38
51011490929097,14:10:11.490,85.9600,125
51011490973145,14:10:11.490,85.9600,4
51037236244037,14:10:37.236,86.0400,10
51060157257012,14:11:00.157,86.0400,100
51077610346626,14:11:17.610,86.0400,12
51077610346626,14:11:17.610,86.0800,88
51077610443765,14:11:17.610,86.0800,12
51077610443765,14:11:17.610,86.0800,88
51077610502955,14:11:17.610,86.0800,12
51077610502955,14:11:17.610,86.0800,48
51077610804953,14:11:17.610,86.0800,28
51084147257208,14:11:24.147,86.0750,100
51085640949918,14:11:25.640,85.9900,100
51102132900163,14:11:42.132,85.9300,98
51146910769539,14:12:26.910,86.0100,1
51203525952286,14:13:23.525,85.9900,31
51203525952286,14:13:23.525,85.9900,10
51203527426398,14:13:23.527,85.9600,15
51203527426891,14:13:23.527,85.9600,15
51203527592071,14:13:23.527,85.9600,11
51234463157334,14:13:54.463,85.9300,12
51234463601613,14:13:54.463,85.9300,12
51234464887827,14:13:54.464,85.9300,24
51256628279434,14:14:16.628,85.9700,59
51256629483394,14:14:16.629,85.9700,100
51287547567100,14:14:47.547,85.8900,141
51287547887834,14:14:47.547,85.8800,100
51287547887834,14:14:47.547,85.8800,80
51287548039431,14:14:47.548,85.8800,20
51287558489616,14:14:47.558,85.8500,10
51309579851115,14:15:09.579,85.9700,100
51309579851115,14:15:09.579,85.9700,10
51320439388706,14:15:20.439,85.9700,37
51320439504010,14:15:20.439,86.0600,100
51320439521374,14:15:20.439,86.0600,100
51320689888892,14:15:20.689,86.0300,1
51344057881103,14:15:44.057,86.0300,39
51344057881103,14:15:44.057,86.0300,60
51344057881103,14:15:44.057,86.0400,100
51344057881103,14:15:44.057,86.0400,1
51344058198984,14:15:44.058,86.0400,49
51344058262680,14:15:44.058,86.0600,10
51344163151217,14:15:44.163,86.1200,100
51371157860713,14:16:11.157,86.2200,5
51382951358890,14:16:22.951,86.2200,36
51387319808074,14:16:27.319,86.2400,20
51450270169947,14:17:30.270,86.1000,1
51453234429585,14:17:33.234,86.1000,30
51453234496610,14:17:33.234,86.1000,69
51453234496610,14:17:33.234,86.1000,1
51453727349974,14:17:33.727,86.1000,100
51469893789993,14:17:49.893,86.1200,100
51570208527331,14:19:30.208,86.1600,2
51570208527331,14:19:30.208,86.1600,6
51570208527331,14:19:30.208,86.1600,92
51571069275431,14:19:31.069,86.1800,100
51571069296402,14:19:31.069,86.1800,100
51571069317001,14:19:31.069,86.1800,100
51571069342853,14:19:31.069,86.1800,100
51571069342853,14:19:31.069,86.1800,40
51571069344251,14:19:31.069,86.1800,10
51571069845284,14:19:31.069,86.1900,100
51571069947692,14:19:31.069,86.1900,202
51571069964414,14:19:31.069,86.1900,40
51571070048518,14:19:31.070,86.1900,58
51652588623428,14:20:52.588,86.2700,100
51652588623428,14:20:52.588,86.2700,10
51661254396928,14:21:01.254,86.3000,100
51679880079935,14:21:19.880,86.2900,2
51679880089553,14:21:19.880,86.2800,100
51749729092073,14:22:29.729,86.3400,2
51749734799931,14:22:29.734,86.3500,24
51749734948325,14:22:29.734,86.3500,24
51750747471627,14:22:30.747,86.3500,100
51751293170639,14:22:31.293,86.3600,4
51751751177352,14:22:31.751,86.3600,46
51751751177352,14:22:31.751,86.3600,100
51752784476473,14:22:32.784,86.3700,100
51752784847924,14:22:32.784,86.3800,160
51756627826381,14:22:36.627,86.2800,100
51776199135172,14:22:56.199,86.3000,10
51776199135172,14:22:56.199,86.2800,1
51776199151871,14:22:56.199,86.2800,10
51776199151871,14:22:56.199,86.2700,40
51776199161088,14:22:56.199,86.2700,51
51776199217232,14:22:56.199,86.2700,9
51776199217232,14:22:56.199,86.2700,1
51776199606471,14:22:56.199,86.2700,100
51803589299710,14:23:23.589,86.3500,1
51841228217624,14:24:01.228,86.3200,900
51841228273048,14:24:01.228,86.3200,100
51846796501604,14:24:06.796,86.2300,1
51901135248779,14:25:01.135,86.2900,5
51901135248779,14:25:01.135,86.2900,95
51927832145431,14:25:27.832,86.3300,100
51951048305680,14:25:51.048,86.3600,1
52031384100167,14:27:11.384,86.2500,4
52031385265893,14:27:11.385,86.2600,3
52109003308931,14:28:29.003,86.2600,100
52150029684208,14:29:10.029,86.1950,100
52150029684208,14:29:10.029,86.1800,100
52264496275042,14:31:04.496,86.2700,47
52264496275042,14:31:04.496,86.2700,34
52273675493882,14:31:13.675,86.3200,10
52273675493882,14:31:13.675,86.3300,100
52273675493882,14:31:13.675,86.3300,10
52275979037067,14:31:15.979,86.3700,100
52294438056868,14:31:34.438,86.4100,100
52304129240141,14:31:44.129,86.2800,94
52304129600591,14:31:44.129,86.3300,8
52304129728704,14:31:44.129,86.2800,8
52305670261423,14:31:45.670,86.3400,100
52312819414043,14:31:52.819,86.4500,30
52332124968620,14:32:12.124,86.4700,300
52332125402626,14:32:12.125,86.4800,10
52332125402626,14:32:12.125,86.4800,38
52332125456819,14:32:12.125,86.4800,62
52332125511229,14:32:12.125,86.4900,50
52341676678919,14:32:21.676,86.5100,100
52341676766606,14:32:21.676,86.5200,100
52346898459377,14:32:26.898,86.5400,100
52346898818816,14:32:26.898,86.5700,100
52346898905400,14:32:26.898,86.5700,100
52363376591793,14:32:43.376,86.4300,3
52363376597696,14:32:43.376,86.4300,3
52363376614537,14:32:43.376,86.4400,22
52363376633076,14:32:43.376,86.4400,10
52363376706577,14:32:43.376,86.4400,12
52363376735730,14:32:43.376,86.4400,10
52363377548773,14:32:43.377,86.4200,10
52367788186563,14:32:47.788,86.3600,1
52367789084290,14:32:47.789,86.3400,100
52386897307238,14:33:06.897,86.4200,29
52430825893203,14:33:50.825,86.4800,2
52444648143002,14:34:04.648,86.5500,42
52445654115766,14:34:05.654,86.5600,200
52454447018985,14:34:14.447,86.5600,100
52457475719271,14:34:17.475,86.5700,100
52457475905295,14:34:17.475,86.5700,100
52491393904734,14:34:51.393,86.5500,100
52500579308169,14:35:00.579,86.5700,100
52500579347006,14:35:00.579,86.5700,49
52505066589033,14:35:05.066,86.6000,7
52518573178806,14:35:18.573,86.5500,3
52531343416124,14:35:31.343,86.6200,100
52531615587188,14:35:31.615,86.5200,24
52531616173312,14:35:31.616,86.5200,76
52531616173312,14:35:31.616,86.5200,14
52557784891973,14:35:57.784,86.6100,8
52558789236775,14:35:58.789,86.6100,92
52574092934649,14:36:14.092,86.5200,6
52593721687744,14:36:33.721,86.4700,3
52593721735359,14:36:33.721,86.4700,85
52593721770204,14:36:33.721,86.4700,15
52593721807419,14:36:33.721,86.4700,15
52611022828397,14:36:51.022,86.4400,87
52621777948715,14:37:01.777,86.4100,1
52628693031803,14:37:08.693,86.4700,22
52645319693814,14:37:25.319,86.5100,100
52645319693814,14:37:25.319,86.5100,100
52645320623426,14:37:25.320,86.5200,10
52645320623426,14:37:25.320,86.5200,90
52645320651808,14:37:25.320,86.5200,10
52646323822763,14:37:26.323,86.5500,100
52672674111615,14:37:52.674,86.5900,100
52696983695638,14:38:16.983,86.6100,100
52696983811755,14:38:16.983,86.6100,100
52703745753456,14:38:23.745,86.7100,25
52709246249436,14:38:29.246,86.6400,100
52750307962523,14:39:10.307,86.7700,200
52754568444453,14:39:14.568,86.8000,18
52756189439440,14:39:16.189,86.8000,100
52756189439440,14:39:16.189,86.8100,100
52756189439440,14:39:16.189,86.8100,200
52756189439440,14:39:16.189,86.8200,100
52756190144067,14:39:16.190,86.8200,34
52756192670630,14:39:16.192,86.8200,66
52756192670630,14:39:16.192,86.8200,100
52769534263601,14:39:29.534,86.7600,100
52769535170677,14:39:29.535,86.7300,100
52779816385264,14:39:39.816,86.7900,100
52779816385264,14:39:39.816,86.7900,81
52787170436128,14:39:47.170,86.8300,5
52787170436128,14:39:47.170,86.8300,64
52800136933031,14:40:00.136,86.8200,100
52916139398090,14:41:56.139,86.8200,100
52916144990179,14:41:56.144,86.8300,4
52916144990179,14:41:56.144,86.8300,11
52916487663639,14:41:56.487,86.8400,10
52916487663639,14:41:56.487,86.8500,10
52916487663639,14:41:56.487,86.8600,1
52916705418570,14:41:56.705,86.8200,100
52920154655296,14:42:00.154,86.8400,54
52920154655296,14:42:00.154,86.8400,46
52985671845587,14:43:05.671,86.8600,100
52986611722344,14:43:06.611,86.8100,53
52986611722344,14:43:06.611,86.8100,47
52986618453899,14:43:06.618,86.8100,100
52986619720696,14:43:06.619,86.8100,100
52991222405919,14:43:11.222,86.8400,100
52992226089360,14:43:12.226,86.8500,100
53008658488133,14:43:28.658,86.7700,100
53008658488133,14:43:28.658,86.7500,4
53008659165971,14:43:28.659,86.8200,100
53008660155232,14:43:28.660,86.8200,100
53008660155232,14:43:28.660,86.7500,100
53008660155232,14:43:28.660,86.7500,5
53008660155232,14:43:28.660,86.7500,5
53008660155232,14:43:28.660,86.7500,30
53008660956794,14:43:28.660,86.7700,100
53008662528655,14:43:28.662,86.7600,76
53036443621966,14:43:56.443,86.8800,1
53036445004250,14:43:56.445,86.8300,93
53036445237979,14:43:56.445,86.8900,5
53039501946213,14:43:59.501,86.9000,1
53039503387199,14:43:59.503,86.9100,15
53039540343037,14:43:59.540,86.8900,107
53039540343037,14:43:59.540,86.8900,35
53040518642026,14:44:00.518,86.9200,51
53040520025847,14:44:00.520,86.9300,1
53040520032784,14:44:00.520,86.9100,15
53040523097347,14:44:00.523,86.9100,100
53040627053342,14:44:00.627,86.9100,100
53041523816355,14:44:01.523,86.9100,277
53041523816355,14:44:01.523,86.9300,23
53041524470889,14:44:01.524,86.9300,100
53043699330386,14:44:03.699,86.9000,50
53045119079720,14:44:05.119,86.9300,25
53045119079720,14:44:05.119,86.9300,50
53046122891725,14:44:06.122,86.9500,5
53046122891725,14:44:06.122,86.9500,100
53072499605356,14:44:32.499,86.9700,1
53072499605356,14:44:32.499,86.9800,10
53072499605356,14:44:32.499,86.9900,5
53072499605356,14:44:32.499,86.9900,84
53073502806526,14:44:33.502,86.9900,16
53073502806526,14:44:33.502,86.9900,45
53101626634395,14:45:01.626,86.9500,100
53127388598846,14:45:27.388,87.0000,173
53127388635750,14:45:27.388,87.0000,112
53127388672133,14:45:27.388,87.0000,37
53127388742619,14:45:27.388,87.0000,5
53127388771264,14:45:27.388,87.0000,100
53127388779265,14:45:27.388,87.0000,73
53127389823461,14:45:27.389,87.0200,5
53165630475340,14:46:05.630,87.0000,100
53168687792046,14:46:08.687,87.0300,100
53168688123249,14:46:08.688,86.9900,30
53168688801683,14:46:08.688,86.9600,100
53168688801683,14:46:08.688,86.9500,100
53168688832643,14:46:08.688,86.9500,100
53168688845109,14:46:08.688,86.9500,100
53168689223463,14:46:08.689,86.9500,10
53168689223463,14:46:08.689,86.9500,29
53168740079159,14:46:08.740,86.9800,100
53168740711934,14:46:08.740,86.9800,100
53170807069359,14:46:10.807,86.9700,2
53170807075790,14:46:10.807,86.9700,1
53170807700011,14:46:10.807,86.9700,2
53172095010888,14:46:12.095,86.9500,1
53178347648617,14:46:18.347,86.9500,1
53196163298031,14:46:36.163,87.0000,10
53196163298031,14:46:36.163,87.0000,100
53196163298031,14:46:36.163,87.0000,23
53196163298031,14:46:36.163,87.0000,10
53196163298031,14:46:36.163,87.0100,100
53196163298031,14:46:36.163,87.0200,100
53197674208968,14:46:37.674,87.0000,100
53201151194248,14:46:41.151,87.0000,100
53201151305085,14:46:41.151,87.0000,100
53206544860413,14:46:46.544,87.0000,100
53206544860413,14:46:46.544,87.0000,56
53206544860413,14:46:46.544,87.0000,44
53206544920789,14:46:46.544,87.0000,100
53206544971266,14:46:46.544,87.0000,100
53213096323697,14:46:53.096,87.0000,100
53213096367932,14:46:53.096,87.0000,10
53213096410990,14:46:53.096,87.0000,100
53213096422566,14:46:53.096,87.0000,100
53213226586488,14:46:53.226,87.0000,66
53213227519306,14:46:53.227,87.0000,34
53213227519306,14:46:53.227,87.0000,32
53213227613851,14:46:53.227,87.0000,66
53216140785020,14:46:56.140,87.0000,2
53216140785020,14:46:56.140,87.0000,100
53216140785020,14:46:56.140,87.0000,198
53216141096393,14:46:56.141,87.0000,58
53216142805509,14:46:56.142,87.0400,4
53216142805509,14:46:56.142,87.0400,1
53217025056796,14:46:57.025,87.0500,3
53229864173347,14:47:09.864,87.0400,100
53229864274210,14:47:09.864,87.0400,100
53270173443169,14:47:50.173,87.0600,1
53270173443169,14:47:50.173,87.0600,4
53270174090408,14:47:50.174,87.0700,1
53270174090408,14:47:50.174,87.0700,4
53270174535936,14:47:50.174,87.0800,1
53270174535936,14:47:50.174,87.0900,4
53278142564940,14:47:58.142,87.1100,2
53278142564940,14:47:58.142,87.1100,8
53279146508385,14:47:59.146,87.1200,7
53299372146144,14:48:19.372,87.0200,100
53299967779393,14:48:19.967,87.0300,100
53299978684817,14:48:19.978,87.0200,28
53299979837425,14:48:19.979,87.0200,72
53299980295222,14:48:19.980,87.0100,2
53299980295222,14:48:19.980,87.0100,6
53300713837985,14:48:20.713,87.0100,100
53302176492341,14:48:22.176,87.0500,13
53327843953675,14:48:47.843,87.0600,100
53357773901771,14:49:17.773,86.9300,1
53357873464563,14:49:17.873,86.9100,103
53357873464563,14:49:17.873,86.9100,97
53357873488868,14:49:17.873,86.9100,3
53389325665495,14:49:49.325,87.0100,200
53389333889430,14:49:49.333,87.0100,100
53389333942842,14:49:49.333,87.0100,100
53391115268192,14:49:51.115,87.0200,10
53391115268192,14:49:51.115,87.0200,34
53392202519250,14:49:52.202,87.0200,53
53392204689562,14:49:52.204,87.0600,300
53392204713409,14:49:52.204,87.0300,100
53392206034614,14:49:52.206,87.0200,100
53426282267001,14:50:26.282,86.9200,3
53426282894723,14:50:26.282,86.9800,15
53429632622278,14:50:29.632,86.9400,15
53429680000407,14:50:29.680,86.9600,50
53444265211918,14:50:44.265,86.9500,100
53444408418566,14:50:44.408,86.9300,100
53446051208859,14:50:46.051,86.9000,20
53446051208859,14:50:46.051,86.9000,30
53446051208859,14:50:46.051,86.9000,40
53446051208859,14:50:46.051,86.8800,10
53446051238142,14:50:46.051,86.8800,90
53446051238142,14:50:46.051,86.8800,1
53446051608496,14:50:46.051,86.8800,10
53446051608496,14:50:46.051,86.8800,29
53446051608496,14:50:46.051,86.8800,61
53446051649079,14:50:46.051,86.8800,39
53446540032605,14:50:46.540,86.9250,300
53459032450323,14:50:59.032,86.9400,40
53459984388721,14:50:59.984,86.9400,60
53459984388721,14:50:59.984,86.9000,30
53459984388721,14:50:59.984,86.8800,10
53460359947653,14:51:00.359,86.9300,8
53462874464580,14:51:02.874,86.9200,66
53462874464580,14:51:02.874,86.8800,7
53462874494635,14:51:02.874,86.8800,12
53462874494635,14:51:02.874,86.8800,23
53462874561468,14:51:02.874,86.8800,6
53462874561468,14:51:02.874,86.8800,29
53462874561468,14:51:02.874,86.8800,30
53462874561468,14:51:02.874,86.8800,1
53489816042416,14:51:29.816,86.9600,200
53509096895683,14:51:49.096,86.9500,100
53522745040571,14:52:02.745,86.8400,48
53542172885716,14:52:22.172,86.9500,300
53543434561852,14:52:23.434,86.9600,1
53614726641754,14:53:34.726,86.8200,100
53614726641754,14:53:34.726,86.8200,1
53614726817513,14:53:34.726,86.8100,100
53614727269165,14:53:34.727,86.8000,100
53632040117723,14:53:52.040,86.7800,47
53632040117723,14:53:52.040,86.7800,5
53633578067608,14:53:53.578,86.7800,32
53633578067608,14:53:53.578,86.7800,100
53633578067608,14:53:53.578,86.7800,10
53684383146793,14:54:44.383,86.7900,25
53684383972775,14:54:44.383,86.8000,35
53703447627607,14:55:03.447,86.7600,1
53748738002489,14:55:48.738,86.6800,61
53748738034064,14:55:48.738,86.6800,39
53791017352981,14:56:31.017,86.6400,100
53791017382939,14:56:31.017,86.6400,14
53791017382939,14:56:31.017,86.6500,86
53791017626868,14:56:31.017,86.6500,14
53791017839965,14:56:31.017,86.6800,54
53791048241802,14:56:31.048,86.6900,54
53794099038046,14:56:34.099,86.6300,11
53800495971970,14:56:40.495,86.6700,100
53823995640083,14:57:03.995,86.5400,100
53833539392886,14:57:13.539,86.5200,100
53833648698641,14:57:13.648,86.5400,100
53834462429537,14:57:14.462,86.5600,2
53834462454967,14:57:14.462,86.5600,98
53848518344168,14:57:28.518,86.5500,30
53848518344168,14:57:28.518,86.5700,10
53848518344168,14:57:28.518,86.5700,96
53848518344168,14:57:28.518,86.5700,70
53848518371517,14:57:28.518,86.5600,30
53848796001249,14:57:28.796,86.5300,100
53848796104543,14:57:28.796,86.5200,75
53848859423690,14:57:28.859,86.5200,25
53860186105071,14:57:40.186,86.5100,4
53880087485828,14:58:00.087,86.3650,100
53903121527908,14:58:23.121,86.3100,5
53954860638423,14:59:14.860,86.3900,100
53954860669750,14:59:14.860,86.3900,68
53954860676834,14:59:14.860,86.4000,20
53954861093392,14:59:14.861,86.4200,100
53954861099851,14:59:14.861,86.4300,52
53954861971686,14:59:14.861,86.5200,100
53954861971686,14:59:14.861,86.5200,12
53986047336160,14:59:46.047,86.4700,100
53986047411499,14:59:46.047,86.4800,16
53986047460252,14:59:46.047,86.4900,100
53986471972338,14:59:46.471,86.5300,10
53992998584948,14:59:52.998,86.4600,100
54000422493684,15:00:00.422,86.4500,1
54025065871745,15:00:25.065,86.5000,10
54025065871745,15:00:25.065,86.5200,3
54025065898562,15:00:25.065,86.5200,10
54026065774735,15:00:26.065,86.5300,20
54026065774735,15:00:26.065,86.5400,2
54026065774735,15:00:26.065,86.5400,78
54026065777414,15:00:26.065,86.5400,2
54026065825481,15:00:26.065,86.5400,20
54026065842168,15:00:26.065,86.5400,5
54026065852596,15:00:26.065,86.5400,5
54026065886846,15:00:26.065,86.5400,90
54026066020080,15:00:26.066,86.5400,100
54028213809470,15:00:28.213,86.5400,14
54028213835029,15:00:28.213,86.5400,86
54028214034468,15:00:28.214,86.5500,5
54030220657610,15:00:30.220,86.5600,5
54030220682387,15:00:30.220,86.5600,2
54030220682387,15:00:30.220,86.5600,3
54030220835973,15:00:30.220,86.5800,5
54030221637680,15:00:30.221,86.6200,5
54030221792423,15:00:30.221,86.6300,5
54036196255984,15:00:36.196,86.5200,1
54042596430656,15:00:42.596,86.4700,1
54042596430656,15:00:42.596,86.4700,6
54042596897110,15:00:42.596,86.5100,12
54042596980929,15:00:42.596,86.4700,12
54058099783730,15:00:58.099,86.4600,1
54058859317819,15:00:58.859,86.4500,5
54075858356918,15:01:15.858,86.4400,1
54075858392677,15:01:15.858,86.4400,9
54104366837535,15:01:44.366,86.5000,6
54104366875803,15:01:44.366,86.5000,94
54104366875803,15:01:44.366,86.5000,1
54104366887845,15:01:44.366,86.5100,20
54104366891237,15:01:44.366,86.5100,56
54104366904164,15:01:44.366,86.5100,24
54152223259176,15:02:32.223,86.4100,5
54152223259176,15:02:32.223,86.4000,1
54152223259176,15:02:32.223,86.4000,94
54152226230296,15:02:32.226,86.3800,10
54152233525259,15:02:32.233,86.3700,10
54167776414949,15:02:47.776,86.3700,1
54183736329694,15:03:03.736,86.4100,15
54192255445369,15:03:12.255,86.3600,1
54192255445369,15:03:12.255,86.3500,20
54192255445369,15:03:12.255,86.3500,100
54192255507066,15:03:12.255,86.3400,10
54192255507066,15:03:12.255,86.3400,100
54192255515555,15:03:12.255,86.3300,10
54192258435752,15:03:12.258,86.3200,10
54192258435752,15:03:12.258,86.3200,90
54192258447768,15:03:12.258,86.3200,10
54192258447768,15:03:12.258,86.3100,10
54192258447768,15:03:12.258,86.3000,2
54192258450454,15:03:12.258,86.2900,10
54192258529982,15:03:12.258,86.3200,15
54192259143838,15:03:12.259,86.2700,1
54192261466354,15:03:12.261,86.2800,100
54192261466354,15:03:12.261,86.2700,10
54192261466354,15:03:12.261,86.2700,24
54192270863779,15:03:12.270,86.2700,1
54212195751383,15:03:32.195,86.2700,65
54212195819294,15:03:32.195,86.2600,10
54212199365763,15:03:32.199,86.2500,29
54233601197674,15:03:53.601,86.3200,100
54233601222797,15:03:53.601,86.3100,63
54233601226663,15:03:53.601,86.3100,37
54233601226663,15:03:53.601,86.3000,95
54233601232837,15:03:53.601,86.3000,5
54233601232837,15:03:53.601,86.3000,48
54233605203026,15:03:53.605,86.3000,37
54248144430986,15:04:08.144,86.2300,11
54248144430986,15:04:08.144,86.1800,100
54297169815816,15:04:57.169,86.0600,1
54300765637329,15:05:00.765,86.1000,100
54300765637329,15:05:00.765,86.1100,31
54300765688007,15:05:00.765,86.1100,69
54300765688007,15:05:00.765,86.1100,10
54300765688007,15:05:00.765,86.1100,10
54300765688007,15:05:00.765,86.1100,10
54300766356098,15:05:00.766,86.1400,10
54300766994481,15:05:00.766,86.1400,20
54300767036325,15:05:00.767,86.1500,12
54300767377025,15:05:00.767,86.1500,20
54301317941798,15:05:01.317,86.1800,100
54363457518511,15:06:03.457,86.2700,1
54374591315424,15:06:14.591,86.1700,1
54386023954601,15:06:26.023,86.1600,1
54412934783654,15:06:52.934,86.2300,100
54412934857697,15:06:52.934,86.2700,48
54412934861375,15:06:52.934,86.2700,3
54422476430505,15:07:02.476,86.2000,100
54423229554672,15:07:03.229,86.2400,6
54423229636564,15:07:03.229,86.2400,18
54430180003703,15:07:10.180,86.2500,23
54430180003703,15:07:10.180,86.2500,31
54430180894147,15:07:10.180,86.2500,100
54430180962810,15:07:10.180,86.2500,20
54430680817509,15:07:10.680,86.2000,5
54451772652827,15:07:31.772,86.1900,10
54485006553140,15:08:05.006,86.3100,10
54485007642911,15:08:05.007,86.3100,100
54497052326459,15:08:17.052,86.3300,100
54556757160486,15:09:16.757,86.2400,95
54616009396995,15:10:16.009,86.1400,1
54616009396995,15:10:16.009,86.1400,2
54616207754180,15:10:16.207,86.1900,1
54637848927342,15:10:37.848,86.1100,1
54638822275096,15:10:38.822,86.1000,97
54638822308256,15:10:38.822,86.1000,3
54638822356996,15:10:38.822,86.1000,3
54642844556923,15:10:42.844,86.0800,64
54642844570401,15:10:42.844,86.0800,36
54642844573032,15:10:42.844,86.0700,36
54642844618863,15:10:42.844,86.0700,37
54642844628420,15:10:42.844,86.0700,27
54642844682427,15:10:42.844,86.0700,27
54647444425507,15:10:47.444,86.0500,20
54647444642806,15:10:47.444,86.0400,10
54682348206691,15:11:22.348,86.0900,86
54682348990487,15:11:22.348,86.1000,90
54693959129022,15:11:33.959,86.0400,10
54712129437636,15:11:52.129,86.0300,1
54712129437636,15:11:52.129,86.0300,100
54712129437636,15:11:52.129,86.0300,100
54712129437636,15:11:52.129,86.0300,30
54712129437636,15:11:52.129,86.0200,2
54712129437636,15:11:52.129,86.0200,100
54712129965369,15:11:52.129,86.0000,5
54712129991442,15:11:52.129,86.0000,45
54712129991442,15:11:52.129,86.0000,1
54712129991442,15:11:52.129,86.0000,20
54712164804519,15:11:52.164,86.0000,11
54712164840493,15:11:52.164,86.0000,14
54712164880562,15:11:52.164,86.0000,14
54712166687731,15:11:52.166,86.0400,100
54712167123989,15:11:52.167,86.0300,15
54712167144011,15:11:52.167,86.0500,38
54712167145723,15:11:52.167,86.0300,15
54712751016513,15:11:52.751,86.0000,54
54712751030328,15:11:52.751,86.0000,46
54712751030328,15:11:52.751,86.0000,2
54712752197617,15:11:52.752,86.0000,25
54724984015658,15:12:04.984,86.0000,100
54725645576980,15:12:05.645,85.9900,10
54725645576980,15:12:05.645,85.9900,40
54725645741589,15:12:05.645,85.9800,20
54727385003064,15:12:07.385,85.9600,20
54727385003064,15:12:07.385,85.9600,79
54739197785962,15:12:19.197,86.0200,10
54739213289976,15:12:19.213,86.0300,35
54750941956428,15:12:30.941,85.9600,1
54750942660424,15:12:30.942,85.9500,1
54750942746422,15:12:30.942,85.9600,100
54750952220195,15:12:30.952,85.9400,20
54750952280746,15:12:30.952,85.9200,12
54750952305007,15:12:30.952,85.9200,8
54754348154198,15:12:34.348,85.9600,100
54765864773812,15:12:45.864,85.9200,10
54772699106951,15:12:52.699,85.9100,10
54772703046380,15:12:52.703,85.9400,100
54775296939311,15:12:55.296,85.9000,50
54775298589388,15:12:55.298,85.9300,24
54775298589388,15:12:55.298,85.9300,100
54775298589388,15:12:55.298,85.9300,100
54775398006439,15:12:55.398,85.9000,24
54775736003593,15:12:55.736,85.8900,20
54775737848386,15:12:55.737,85.8900,25
54775737897464,15:12:55.737,85.9200,100
54775737897464,15:12:55.737,85.9300,100
54775737983582,15:12:55.737,85.9000,10
54775738980643,15:12:55.738,85.9000,15
54775740036245,15:12:55.740,85.9400,100
54776241102719,15:12:56.241,85.9400,100
54776241377843,15:12:56.241,85.9400,50
54778650348979,15:12:58.650,85.9500,100
54783593995392,15:13:03.593,85.9400,100
54841238448638,15:14:01.238,85.9000,20
54845626704653,15:14:05.626,85.9000,20
54870628141703,15:14:30.628,85.8800,20
54870628574315,15:14:30.628,85.9000,8
54870628794787,15:14:30.628,85.8800,8
54883113846868,15:14:43.113,85.9000,100
54883113846868,15:14:43.113,85.9000,10
54883113940758,15:14:43.113,85.9000,100
54883113952106,15:14:43.113,85.9000,100
54883113955540,15:14:43.113,85.9000,89
54902086764327,15:15:02.086,85.8600,6
54913374290042,15:15:13.374,85.9000,25
54913374329492,15:15:13.374,85.9000,75
54933221780722,15:15:33.221,85.9100,100
54933222763776,15:15:33.222,85.9500,100
54942534255291,15:15:42.534,85.9000,100
54942534758693,15:15:42.534,85.9000,90
54948347356067,15:15:48.347,85.9700,58
54948347356067,15:15:48.347,85.9700,42
54948347394272,15:15:48.347,85.9700,58
54981507437364,15:16:21.507,86.0500,35
54981507437364,15:16:21.507,86.0600,30
55005385829940,15:16:45.385,86.0100,75
55005385829940,15:16:45.385,86.0000,25
55005385870587,15:16:45.385,86.0000,75
55005385886464,15:16:45.385,85.9900,100
55005385886464,15:16:45.385,85.9900,7
55005385894389,15:16:45.385,85.9800,38
55005386364219,15:16:45.386,85.9800,34
55005386471940,15:16:45.386,85.9800,28
55005390726585,15:16:45.390,85.9600,1
55038991263515,15:17:18.991,86.0000,100
55038991417776,15:17:18.991,86.0200,82
55038991463356,15:17:18.991,86.0200,75
55052487173464,15:17:32.487,86.0100,100
55090408278275,15:18:10.408,85.9900,58
55090408286586,15:18:10.408,85.9900,42
55109013692087,15:18:29.013,85.9300,8
55109013692087,15:18:29.013,85.9300,92
55109013717581,15:18:29.013,85.9300,8
55109016865489,15:18:29.016,85.9100,20
55135173385479,15:18:55.173,85.9800,1
55150017018265,15:19:10.017,85.9000,10
55150017018265,15:19:10.017,85.9000,90
55150017092857,15:19:10.017,85.9000,10
55150017214462,15:19:10.017,85.8900,10
55167592671650,15:19:27.592,85.9300,1
55173589205103,15:19:33.589,85.9500,10
55173589205103,15:19:33.589,85.9500,90
55173589220730,15:19:33.589,85.9500,10
55173589220730,15:19:33.589,85.9500,10
55173589220730,15:19:33.589,85.9500,80
55204896846099,15:20:04.896,85.8800,100
55204896888168,15:20:04.896,85.8700,5
55204905879047,15:20:04.905,85.8600,20
55204905935818,15:20:04.905,85.8400,5
55205379799395,15:20:05.379,85.8800,100
55205379812915,15:20:05.379,85.8800,100
55223349532203,15:20:23.349,85.8900,30
55237511600502,15:20:37.511,85.9100,20
55237511600502,15:20:37.511,85.9100,80
55237511648591,15:20:37.511,85.9100,20
55237703135443,15:20:37.703,85.9600,63
55260652363118,15:21:00.652,86.0000,100
55260652363118,15:21:00.652,86.0100,8
55260652363118,15:21:00.652,86.0100,92
55268037673665,15:21:08.037,86.0100,7
55268037687985,15:21:08.037,86.0100,1
55298974735045,15:21:38.974,86.0500,1
55316720799524,15:21:56.720,86.0600,100
55316720799524,15:21:56.720,86.0600,200
55316720850788,15:21:56.720,86.0600,100
55316722083690,15:21:56.722,86.0500,5
55316722123771,15:21:56.722,86.0500,95
55316722138850,15:21:56.722,86.0500,30
55316724510149,15:21:56.724,86.0500,100
55393025325031,15:23:13.025,85.9900,1
55401415212841,15:23:21.415,86.0200,100
55405306994715,15:23:25.306,86.0200,10
55437216798706,15:23:57.216,86.0600,20
55437216827834,15:23:57.216,86.0600,80
55437216827834,15:23:57.216,86.0600,35
55437216836562,15:23:57.216,86.0600,40
55437216886356,15:23:57.216,86.0700,69
55437216891418,15:23:57.216,86.0700,5
55453009820724,15:24:13.009,86.0800,109
55469954732600,15:24:29.954,86.0500,100
55469954732600,15:24:29.954,86.0500,102
55469954807013,15:24:29.954,86.0500,98
55469954807013,15:24:29.954,86.0400,100
55469954807013,15:24:29.954,86.0400,4
55469954876964,15:24:29.954,86.0400,55
55469954903240,15:24:29.954,86.0400,41
55469954903240,15:24:29.954,86.0400,2
55487060552326,15:24:47.060,86.0100,100
55487060875863,15:24:47.060,86.0000,100
55487060947740,15:24:47.060,86.0000,100
55487060947740,15:24:47.060,86.0000,1
55487069837061,15:24:47.069,85.9800,1
55487069837061,15:24:47.069,85.9600,99
55487328195006,15:24:47.328,85.9600,1
55495016948797,15:24:55.016,85.9400,16
55495016948797,15:24:55.016,85.9400,4
55527939414803,15:25:27.939,85.9700,100
55527939416333,15:25:27.939,85.9400,6
55527939441981,15:25:27.939,85.9500,100
55530456694519,15:25:30.456,85.9400,73
55530456731827,15:25:30.456,85.9400,27
55530456731827,15:25:30.456,85.9400,88
55530456748793,15:25:30.456,85.9400,12
55530456748793,15:25:30.456,85.9400,1
55531701268088,15:25:31.701,85.9300,10
55532069028522,15:25:32.069,85.9200,10
55536540223795,15:25:36.540,85.9000,6
55536540223795,15:25:36.540,85.9000,4
55536541403327,15:25:36.541,85.8900,10
55537319099455,15:25:37.319,85.8800,10
55537321689498,15:25:37.321,85.8700,10
55574990834236,15:26:14.990,85.8600,5
55574992456087,15:26:14.992,85.8500,10
55574992456087,15:26:14.992,85.8500,10
55574993225613,15:26:14.993,85.8300,10
55574993225613,15:26:14.993,85.8300,90
55574993250263,15:26:14.993,85.8300,10
55585509323539,15:26:25.509,85.8200,10
55585509323539,15:26:25.509,85.8200,10
55611045067079,15:26:51.045,85.8800,18
55631810514674,15:27:11.810,85.8900,82
55631810550936,15:27:11.810,85.8900,18
55631810550936,15:27:11.810,85.8900,46
55631811422004,15:27:11.811,85.9000,84
55631811434190,15:27:11.811,85.9000,16
55631811434190,15:27:11.811,85.9000,58
55631811441821,15:27:11.811,85.9000,42
55631811441821,15:27:11.811,85.9000,31
55631811495344,15:27:11.811,85.9000,33
55631811495344,15:27:11.811,85.9000,67
55631811530918,15:27:11.811,85.9000,33
55667491837483,15:27:47.491,85.9600,100
55667491868467,15:27:47.491,85.9600,100
55676962428967,15:27:56.962,86.0100,24
55676962428967,15:27:56.962,86.0200,76
55721302825061,15:28:41.302,86.0200,100
55721302864363,15:28:41.302,86.0200,10
55756441271310,15:29:16.441,85.9900,15
55763982695542,15:29:23.982,86.0200,1
55790693108187,15:29:50.693,85.9800,100
55790693122509,15:29:50.693,85.9800,100
55790693132918,15:29:50.693,85.9800,100
55790693192872,15:29:50.693,85.9700,100
55790744593429,15:29:50.744,85.9200,10
55796743481538,15:29:56.743,85.9250,1
55796743481538,15:29:56.743,85.9250,1
55796743481538,15:29:56.743,85.9250,1
55796743561421,15:29:56.743,85.9100,2
55796743561421,15:29:56.743,85.9100,8
55796744328353,15:29:56.744,85.9500,24
55806252337969,15:30:06.252,85.9100,9
55813645613841,15:30:13.645,85.9000,2
55813646607324,15:30:13.646,85.8900,1
55813646608638,15:30:13.646,85.8900,1
55813646613818,15:30:13.646,85.8900,1
55813646632625,15:30:13.646,85.8900,477
55813647122498,15:30:13.647,85.8600,100
55813647131477,15:30:13.647,85.8400,54
55825967560239,15:30:25.967,85.8700,100
55825967617850,15:30:25.967,85.8700,42
55828576647192,15:30:28.576,85.9200,168
55830372466226,15:30:30.372,85.8900,5
55868068938381,15:31:08.068,85.8600,100
55913513349068,15:31:53.513,85.8300,7
55944037642879,15:32:24.037,85.8100,10
55944037642879,15:32:24.037,85.8100,32
55944037682540,15:32:24.037,85.8100,54
55944037690534,15:32:24.037,85.8100,14
55955976778173,15:32:35.976,85.7900,2
55955976778173,15:32:35.976,85.7900,8
55955976778173,15:32:35.976,85.7800,10
55959464703384,15:32:39.464,85.8100,100
55959464703384,15:32:39.464,85.8100,100
55959464747969,15:32:39.464,85.8200,100
55959466044321,15:32:39.466,85.8300,35
55959466044321,15:32:39.466,85.8300,100
55963634265287,15:32:43.634,85.8700,100
55972686411384,15:32:52.686,85.8800,90
56015220262462,15:33:35.220,85.8800,10
56015220317382,15:33:35.220,85.8900,6
56051832120454,15:34:11.832,85.8800,100
56054836192996,15:34:14.836,85.8400,1
56068822740406,15:34:28.822,85.9200,10
56068822740406,15:34:28.822,85.9300,15
56068822740406,15:34:28.822,85.9400,75
56068822746166,15:34:28.822,85.9400,16
56068822746166,15:34:28.822,85.9400,35
56068822746166,15:34:28.822,85.9400,75
56069023611020,15:34:29.023,85.9600,100
56069196323428,15:34:29.196,85.9800,100
56150852500219,15:35:50.852,85.9900,100
56189347300027,15:36:29.347,86.0000,10
56189347381872,15:36:29.347,86.0000,90
56189347867027,15:36:29.347,86.0000,100
56234065934498,15:37:14.065,86.0000,100
56266943975693,15:37:46.943,86.0550,1
56266943975693,15:37:46.943,86.0800,8
56266943989234,15:37:46.943,86.0800,1
56280072317360,15:38:00.072,86.0700,6
56312205099140,15:38:32.205,86.1300,6
56312205099140,15:38:32.205,86.1300,117
56312205099140,15:38:32.205,86.1300,71
56312205161576,15:38:32.205,86.1300,29
56312818497346,15:38:32.818,86.1400,36
56312818497346,15:38:32.818,86.1400,64
56313039919135,15:38:33.039,86.1200,100
56316478654945,15:38:36.478,86.1300,100
56316478654945,15:38:36.478,86.1400,36
56316480529614,15:38:36.480,86.1400,100
56316481096469,15:38:36.481,86.1600,100
56316481688078,15:38:36.481,86.1700,100
56326286835999,15:38:46.286,86.2000,100
56373110631072,15:39:33.110,86.2400,100
56400662656821,15:40:00.662,86.1900,50
56400662668058,15:40:00.662,86.1900,2
56400662685104,15:40:00.662,86.1800,43
56400662702614,15:40:00.662,86.1800,10
56400662715261,15:40:00.662,86.2300,100
56401010221402,15:40:01.010,86.1600,100
56415983338711,15:40:15.983,86.1700,100
56415983347256,15:40:15.983,86.1800,99
56415983383832,15:40:15.983,86.1800,1
56415983383832,15:40:15.983,86.1800,9
56415983387516,15:40:15.983,86.1800,1
56415983387516,15:40:15.983,86.1800,31
56415983794722,15:40:15.983,86.1800,49
56415983800365,15:40:15.983,86.1800,20
56415983800365,15:40:15.983,86.1800,35
56429078368192,15:40:29.078,86.2000,12
56429078448467,15:40:29.078,86.2000,88
56436491572801,15:40:36.491,86.1800,49
56436491589679,15:40:36.491,86.1800,51
56436491589679,15:40:36.491,86.1800,1
56461120054902,15:41:01.120,86.1600,100
56461120054902,15:41:01.120,86.1600,1
56461122013896,15:41:01.122,86.1600,100
56481009618113,15:41:21.009,86.1300,1
56481296987016,15:41:21.296,86.1100,10
56499423056861,15:41:39.423,86.1000,10
56499425758518,15:41:39.425,86.0800,10
56500755551888,15:41:40.755,86.0700,10
56507884692044,15:41:47.884,86.1600,40
56507884728774,15:41:47.884,86.1700,18
56531421485879,15:42:11.421,86.2000,100
56531421526493,15:42:11.421,86.2000,50
56531421526493,15:42:11.421,86.2000,10
56531421526493,15:42:11.421,86.2000,100
56531421526493,15:42:11.421,86.2000,139
56591569403564,15:43:11.569,86.0600,10
56591569403564,15:43:11.569,86.0600,90
56591569417111,15:43:11.569,86.0600,10
56592490626025,15:43:12.490,86.0500,20
56592491089262,15:43:12.491,86.0500,100
56592763178179,15:43:12.763,86.0400,72
56592763204932,15:43:12.763,86.0400,28
56592764065371,15:43:12.764,86.0300,92
56592764087301,15:43:12.764,86.0300,8
56592764087301,15:43:12.764,86.0300,100
56605465926471,15:43:25.465,86.0400,31
56605488543563,15:43:25.488,86.0400,69
56606440974487,15:43:26.440,86.0200,6
56632103471262,15:43:52.103,86.0500,100
56632103478497,15:43:52.103,86.0500,100
56703294213643,15:45:03.294,86.0600,100
56703294450248,15:45:03.294,86.0600,2
56705196466241,15:45:05.196,86.0400,5
56708167508916,15:45:08.167,86.0300,100
56709937075400,15:45:09.937,86.0200,96
56709937087575,15:45:09.937,86.0200,4
56709937087575,15:45:09.937,86.0200,100
56709937087575,15:45:09.937,86.0200,37
56709937089472,15:45:09.937,86.0200,49
56709937115046,15:45:09.937,86.0200,14
56709937115046,15:45:09.937,86.0200,36
56709937124724,15:45:09.937,86.0200,64
56709937124724,15:45:09.937,86.0200,2
56711560866691,15:45:11.560,86.0000,4
56711560866691,15:45:11.560,86.0000,6
56711762620187,15:45:11.762,85.9900,10
56728671910601,15:45:28.671,85.9800,10
56755438890320,15:45:55.438,85.9500,1
56755438890320,15:45:55.438,85.9500,9
56770418475468,15:46:10.418,85.9300,1
56812492307728,15:46:52.492,85.9300,100
56812492319292,15:46:52.492,85.9300,2
56812492744400,15:46:52.492,85.9400,7
56812492744400,15:46:52.492,85.9400,2
56812492744400,15:46:52.492,85.9400,40
56812492755664,15:46:52.492,85.9400,47
56812492782746,15:46:52.492,85.9400,13
56812492782746,15:46:52.492,85.9400,36
56812492942216,15:46:52.492,85.9400,51
56812492946352,15:46:52.492,85.9400,13
56823530152910,15:47:03.530,85.9500,17
56823530558410,15:47:03.530,85.9500,9
56826935350848,15:47:06.935,85.9500,74
56826935350848,15:47:06.935,85.9500,26
56826935889407,15:47:06.935,85.9500,1
56826935889407,15:47:06.935,85.9500,37
56826935949927,15:47:06.935,85.9500,40
56826935985416,15:47:06.935,85.9500,23
56840065944629,15:47:20.065,85.9300,100
56840070059303,15:47:20.070,85.9200,100
56850900470087,15:47:30.900,85.9100,5
56852258791731,15:47:32.258,85.9100,95
56857219846126,15:47:37.219,85.9000,99
56857219889131,15:47:37.219,85.9000,7
56857219889131,15:47:37.219,85.9000,1
56878210960593,15:47:58.210,85.8800,5
56884037976434,15:48:04.037,85.8800,49
56884037986628,15:48:04.037,85.8800,46
56898521280861,15:48:18.521,85.8700,36
56898521280861,15:48:18.521,85.8700,14
56898755553021,15:48:18.755,85.8600,1
56898755575589,15:48:18.755,85.8600,1
56909720151426,15:48:29.720,85.8500,2
56909720151426,15:48:29.720,85.8500,8
56925892851235,15:48:45.892,85.8300,1
56925892851235,15:48:45.892,85.8300,100
56929318038495,15:48:49.318,85.8200,5
56938322640452,15:48:58.322,85.8400,1
56942995891982,15:49:02.995,85.8400,10
56942995891982,15:49:02.995,85.8400,100
56942995891982,15:49:02.995,85.8400,100
56942997656419,15:49:02.997,85.8400,190
56955679799489,15:49:15.679,85.8200,69
56955679872506,15:49:15.679,85.8200,31
56960289946945,15:49:20.289,85.8200,100
56966813694858,15:49:26.813,85.8400,10
56966813694858,15:49:26.813,85.8400,90
56966813698129,15:49:26.813,85.8400,10
56982285459585,15:49:42.285,85.8000,100
56983806383859,15:49:43.806,85.7800,6
57002310999748,15:50:02.310,85.7700,96
57002311013882,15:50:02.311,85.7700,4
57003007105014,15:50:03.007,85.7600,200
57003184111469,15:50:03.184,85.7600,100
57003816334348,15:50:03.816,85.7700,11
57012155233740,15:50:12.155,85.7500,10
57012155298688,15:50:12.155,85.7500,90
57019137396407,15:50:19.137,85.7600,6
57019137396407,15:50:19.137,85.7600,94
57046997565299,15:50:46.997,85.7300,50
57046997613784,15:50:46.997,85.7300,50
57061949946393,15:51:01.949,85.7200,2
57063817989913,15:51:03.817,85.7100,64
57063817989913,15:51:03.817,85.7100,1
57063817989913,15:51:03.817,85.7100,100
57063921989448,15:51:03.921,85.7400,100
57063922455692,15:51:03.922,85.7500,10
57063922455692,15:51:03.922,85.7500,2
57063922455692,15:51:03.922,85.7500,50
57063922464403,15:51:03.922,85.7500,13
57063922470838,15:51:03.922,85.7500,37
57063922470838,15:51:03.922,85.7500,63
57063922509636,15:51:03.922,85.7500,37
57063922509636,15:51:03.922,85.7500,13
57063922545352,15:51:03.922,85.7500,13
57063922611312,15:51:03.922,85.7500,45
57063922643977,15:51:03.922,85.7500,13
57063922828323,15:51:03.922,85.7500,5
57063922861610,15:51:03.922,85.7500,11
57063922897568,15:51:03.922,85.7600,2
57063922924593,15:51:03.922,85.7600,11
57063922957523,15:51:03.922,85.7600,2
57063922981622,15:51:03.922,85.7600,11
57063923431176,15:51:03.923,85.7600,13
57063923495435,15:51:03.923,85.7600,13
57064649612496,15:51:04.649,85.7500,100
57064651193143,15:51:04.651,85.7400,100
57064651920576,15:51:04.651,85.7400,76
57064651950699,15:51:04.651,85.7400,24
57066341575385,15:51:06.341,85.7100,10
57072020992780,15:51:12.020,85.7200,49
57072021001290,15:51:12.021,85.7200,49
57072021018056,15:51:12.021,85.7200,102
57072051700459,15:51:12.051,85.7100,56
57072051792448,15:51:12.051,85.7100,4
57089562215102,15:51:29.562,85.7500,1
57089562215102,15:51:29.562,85.7500,97
57090379525719,15:51:30.379,85.7500,8
57096560337137,15:51:36.560,85.7600,50
57096560350679,15:51:36.560,85.7600,50
57096560750975,15:51:36.560,85.7600,49
57096560804716,15:51:36.560,85.7600,51
57096561164201,15:51:36.561,85.7700,100
57115652311977,15:51:55.652,85.7700,2
57115652311977,15:51:55.652,85.7700,100
57115652311977,15:51:55.652,85.7700,6
57115958579296,15:51:55.958,85.7400,1
57115958579296,15:51:55.958,85.7400,7
57119006414703,15:51:59.006,85.7500,100
57126580748582,15:52:06.580,85.7400,93
57126581351596,15:52:06.581,85.7300,100
57129785829993,15:52:09.785,85.7300,15
57129785829993,15:52:09.785,85.7300,44
57129785892275,15:52:09.785,85.7300,14
57130399422760,15:52:10.399,85.7300,42
57130399422760,15:52:10.399,85.7300,13
57143121177537,15:52:23.121,85.7000,1
57150859464064,15:52:30.859,85.6800,1
57150859464064,15:52:30.859,85.6800,6
57152672505252,15:52:32.672,85.6800,94
57152672505252,15:52:32.672,85.6800,6
57152672506731,15:52:32.672,85.6800,3
57159014758155,15:52:39.014,85.6800,200
57159015112350,15:52:39.015,85.6800,100
57165427347719,15:52:45.427,85.7100,100
57165427971335,15:52:45.427,85.7100,1
57168178365008,15:52:48.178,85.7100,42
57168178409038,15:52:48.178,85.7100,58
57197005079778,15:53:17.005,85.6800,26
57197404937133,15:53:17.404,85.6800,60
57197404972700,15:53:17.404,85.6800,14
57197404972700,15:53:17.404,85.6800,36
57197405216324,15:53:17.405,85.6800,48
57197405283181,15:53:17.405,85.6800,16
57197405283181,15:53:17.405,85.6800,83
57197405327254,15:53:17.405,85.6800,17
57197405327254,15:53:17.405,85.6800,14
57197407761348,15:53:17.407,85.6700,5
57197407761348,15:53:17.407,85.6700,100
57197407761348,15:53:17.407,85.6700,1
57197727403311,15:53:17.727,85.6600,2
57197727403311,15:53:17.727,85.6600,8
57199300274706,15:53:19.300,85.6800,100
57205794663772,15:53:25.794,85.6800,92
57205794663772,15:53:25.794,85.6700,8
57208721656106,15:53:28.721,85.6700,92
57223004979220,15:53:43.004,85.6600,100
57230272739515,15:53:50.272,85.6600,100
57230272740946,15:53:50.272,85.6700,100
57230272836793,15:53:50.272,85.6700,102
57230272992837,15:53:50.272,85.6800,87
57230273563018,15:53:50.273,85.6800,13
57230273563018,15:53:50.273,85.6800,1
57241600163648,15:54:01.600,85.6900,17
57241605325871,15:54:01.605,85.6900,48
57241605342741,15:54:01.605,85.6900,35
57241605342741,15:54:01.605,85.6900,27
57241609589849,15:54:01.609,85.6900,50
57241610000830,15:54:01.610,85.6900,11
57241610319268,15:54:01.610,85.6900,100
57241610351835,15:54:01.610,85.6900,49
57241610356328,15:54:01.610,85.6900,50
57241610366428,15:54:01.610,85.6900,1
57241612438542,15:54:01.612,85.7100,100
57241614022525,15:54:01.614,85.7100,100
57248961533515,15:54:08.961,85.6800,100
57248961853436,15:54:08.961,85.6900,200
57248961853436,15:54:08.961,85.6900,1
57249762646723,15:54:09.762,85.7100,100
57267005174368,15:54:27.005,85.7000,100
57267005174368,15:54:27.005,85.7000,100
57267005513492,15:54:27.005,85.7000,40
57283582023793,15:54:43.582,85.7000,60
57283582023793,15:54:43.582,85.7100,40
57289008487718,15:54:49.008,85.6900,100
57289008487718,15:54:49.008,85.6900,100
57289008531389,15:54:49.008,85.6900,64
57289008820767,15:54:49.008,85.6900,36
57300232277768,15:55:00.232,85.6700,100
57300232280847,15:55:00.232,85.6700,100
57300232781810,15:55:00.232,85.6700,40
57310097108201,15:55:10.097,85.6600,100
57311467212251,15:55:11.467,85.6800,106
57311467251241,15:55:11.467,85.6800,14
57325135265093,15:55:25.135,85.6600,10
57342331097237,15:55:42.331,85.6600,100
57356638454729,15:55:56.638,85.6800,39
57356638454729,15:55:56.638,85.6800,100
57356638454729,15:55:56.638,85.6800,100
57356638454729,15:55:56.638,85.6800,6
57356638454729,15:55:56.638,85.6800,145
57356638962391,15:55:56.638,85.6800,31
57356638962391,15:55:56.638,85.6800,4
57356638962391,15:55:56.638,85.6800,40
57356638992679,15:55:56.638,85.6800,9
57356639079179,15:55:56.639,85.6800,35
57356646845046,15:55:56.646,85.6800,16
57356646845046,15:55:56.646,85.6800,100
57356650811588,15:55:56.650,85.6900,100
57356650811588,15:55:56.650,85.6900,100
57356651379892,15:55:56.651,85.7000,100
57356651959676,15:55:56.651,85.7200,100
57359136484595,15:55:59.136,85.7200,100
57359136484595,15:55:59.136,85.7200,100
57359136484595,15:55:59.136,85.7300,100
57359136484595,15:55:59.136,85.7300,100
57359138402201,15:55:59.138,85.7600,30
57362142527072,15:56:02.142,85.7900,100
57365261733946,15:56:05.261,85.7400,100
57367881779463,15:56:07.881,85.7300,38
57367881887186,15:56:07.881,85.7300,62
57375188403651,15:56:15.188,85.7400,100
57375188410696,15:56:15.188,85.7400,100
57375188445460,15:56:15.188,85.7400,8
57375190215060,15:56:15.190,85.7500,100
57375190267461,15:56:15.190,85.7400,100
57376001845571,15:56:16.001,85.7400,100
57376264835069,15:56:16.264,85.7400,98
57376264892701,15:56:16.264,85.7400,2
57383710384892,15:56:23.710,85.7400,8
57383710435840,15:56:23.710,85.7400,62
57387876148099,15:56:27.876,85.7200,49
57387876151407,15:56:27.876,85.7200,46
57387878716120,15:56:27.878,85.7100,4
57388644842030,15:56:28.644,85.7100,100
57400497090554,15:56:40.497,85.7300,2
57424930492395,15:57:04.930,85.7200,20
57438798457918,15:57:18.798,85.7300,4
57438798457918,15:57:18.798,85.7300,1
57438799002546,15:57:18.799,85.7400,100
57438799040282,15:57:18.799,85.7400,100
57438799040282,15:57:18.799,85.7400,56
57438799080434,15:57:18.799,85.7400,44
57442452308443,15:57:22.452,85.6800,28
57449760335710,15:57:29.760,85.6800,40
57449760335710,15:57:29.760,85.6800,21
57449884736950,15:57:29.884,85.6700,29
57449885614647,15:57:29.885,85.6700,46
57451915843274,15:57:31.915,85.6800,100
57451976662813,15:57:31.976,85.7000,5
57451977071864,15:57:31.977,85.7200,100
57451977494224,15:57:31.977,85.7300,142
57451977494224,15:57:31.977,85.7300,58
57451977610416,15:57:31.977,85.7300,42
57451978810465,15:57:31.978,85.7600,100
57451978986225,15:57:31.978,85.7600,100
57452941526535,15:57:32.941,85.7800,2
57453051342586,15:57:33.051,85.7800,74
57453051342586,15:57:33.051,85.7800,100
57453051425243,15:57:33.051,85.7600,100
57453052196919,15:57:33.052,85.7800,100
57453052337244,15:57:33.052,85.7800,100
57453053019945,15:57:33.053,85.8100,237
57453053534658,15:57:33.053,85.8100,63
57453053534658,15:57:33.053,85.8100,37
57454343340514,15:57:34.343,85.8000,150
57465111014010,15:57:45.111,85.7700,24
57469093288966,15:57:49.093,85.7700,26
57469093288966,15:57:49.093,85.7700,74
57478013274518,15:57:58.013,85.7800,34
57478013274518,15:57:58.013,85.7800,66
57478013288418,15:57:58.013,85.7800,65
57478013288418,15:57:58.013,85.7800,1
57478013658189,15:57:58.013,85.7900,10
57484630358675,15:58:04.630,85.7900,80
57484630358675,15:58:04.630,85.7900,20
57484630390613,15:58:04.630,85.7900,29
57484630390613,15:58:04.630,85.7900,100
57484630390613,15:58:04.630,85.7900,131
57489428425646,15:58:09.428,85.7600,35
57489428425646,15:58:09.428,85.7600,48
57489430664292,15:58:09.430,85.7600,52
57489430664292,15:58:09.430,85.7600,43
57489461010496,15:58:09.461,85.7400,108
57495764071087,15:58:15.764,85.7600,17
57495764071087,15:58:15.764,85.7600,12
57495764207386,15:58:15.764,85.7400,30
57496080961214,15:58:16.080,85.7300,100
57496080961214,15:58:16.080,85.7300,100
57496081337357,15:58:16.081,85.7100,100
57506600903069,15:58:26.600,85.7100,23
57506718135827,15:58:26.718,85.7100,100
57506718135827,15:58:26.718,85.7100,2
57509458580540,15:58:29.458,85.7300,100
57512678607877,15:58:32.678,85.7400,100
57515285145976,15:58:35.285,85.7500,100
57527336307117,15:58:47.336,85.7700,3
57537039114542,15:58:57.039,85.7500,5
57537044213640,15:58:57.044,85.7500,4
57540692795061,15:59:00.692,85.7700,3
57540693611437,15:59:00.693,85.7800,38
57540693648224,15:59:00.693,85.7800,7
57543318904457,15:59:03.318,85.7800,50
57543318904457,15:59:03.318,85.7800,163
57543318948913,15:59:03.318,85.7800,1
57543318948913,15:59:03.318,85.7800,4
57544460231328,15:59:04.460,85.8200,100
57545496547996,15:59:05.496,85.8300,100
57546790936300,15:59:06.790,85.8000,100
57546790966979,15:59:06.790,85.8000,206
57547358665153,15:59:07.358,85.7900,165
57547501947852,15:59:07.501,85.8300,100
57547501947852,15:59:07.501,85.8300,5
57547502244467,15:59:07.502,85.8400,100
57547502244467,15:59:07.502,85.8500,200
57547502312465,15:59:07.502,85.8500,200
57547502920336,15:59:07.502,85.8500,100
57547502946477,15:59:07.502,85.8500,51
57553642560016,15:59:13.642,85.8300,100
57553643247130,15:59:13.643,85.8300,100
57553643255254,15:59:13.643,85.8200,100
57553645431214,15:59:13.645,85.7900,100
57564197444336,15:59:24.197,85.7700,33
57564197490569,15:59:24.197,85.7700,67
57566728280812,15:59:26.728,85.7700,100
57570871712273,15:59:30.871,85.8000,58
57570938814806,15:59:30.938,85.7800,7
57573847233187,15:59:33.847,85.7800,3
57573847233187,15:59:33.847,85.7800,7
57573847233187,15:59:33.847,85.7700,12
57573847261866,15:59:33.847,85.7700,4
57580479959543,15:59:40.479,85.7600,30
57580479959543,15:59:40.479,85.7500,20
57580480079392,15:59:40.480,85.7500,18
57580546669042,15:59:40.546,85.7500,20
57580546937787,15:59:40.546,85.7500,20
57580547168685,15:59:40.547,85.7500,20
57580547371031,15:59:40.547,85.7500,10
57584258208461,15:59:44.258,85.7700,19
57584258264422,15:59:44.258,85.7700,81
57584258264422,15:59:44.258,85.7700,47
57584258771696,15:59:44.258,85.7800,66
57584258960876,15:59:44.258,85.7800,94
57584259097620,15:59:44.259,85.7800,4
57590088021228,15:59:50.088,85.8100,2
57590227762549,15:59:50.227,85.7500,100
57590844217803,15:59:50.844,85.8100,79
57595136338606,15:59:55.136,85.8100,100
57595136339160,15:59:55.136,85.8200,35
57595138655590,15:59:55.138,85.8200,100
57596118119210,15:59:56.118,85.8100,1
57596833858918,15:59:56.833,85.8100,5
57597577265353,15:59:57.577,85.8100,5
57598034255822,15:59:58.034,85.8500,100
57598131213653,15:59:58.131,85.7600,8
57598518635180,15:59:58.518,85.8400,28
57599424356963,15:59:59.424,85.7900,151
57599913206456,15:59:59.913,85.7900,49
57599913206456,15:59:59.913,85.7900,100
57599913436275,15:59:59.913,85.8000,51
57600326011805,16:00:00.326,85.7500,17588
