timestamp,time,price,volume
34200580621583,09:30:00.580,0.0000,0
34255564968658,09:30:55.564,15.4600,100
34255564968658,09:30:55.564,15.4600,100
34255565692213,09:30:55.565,15.4600,100
34255565692213,09:30:55.565,15.4600,100
34255995635190,09:30:55.995,15.4400,100
34255996930731,09:30:55.996,15.4300,100
34256205743922,09:30:56.205,15.4300,23
34256939925853,09:30:56.939,15.4600,100
34257885705065,09:30:57.885,15.4500,1
34258026205381,09:30:58.026,15.4800,198
34258084641422,09:30:58.084,15.4600,1
34259556505788,09:30:59.556,15.4800,15
34259557629921,09:30:59.557,15.4700,100
34259726272845,09:30:59.726,15.4800,100
34259726272845,09:30:59.726,15.4800,100
34259846267538,09:30:59.846,15.4900,100
34263051797076,09:31:03.051,15.4800,100
34263051797076,09:31:03.051,15.5000,100
34263051824697,09:31:03.051,15.5000,100
34263727343223,09:31:03.727,15.5300,100
34263746014672,09:31:03.746,15.5300,100
34265609144610,09:31:05.609,15.5150,100
34265610183547,09:31:05.610,15.5300,100
34265805545733,09:31:05.805,15.5300,31
34265805545733,09:31:05.805,15.5300,100
34265805545733,09:31:05.805,15.5300,100
34265805545733,09:31:05.805,15.5300,100
34268247143045,09:31:08.247,15.5150,100
34270756991877,09:31:10.756,15.5100,100
34270756991877,09:31:10.756,15.5200,100
34271159715729,09:31:11.159,15.5400,100
34271159715729,09:31:11.159,15.5400,100
34275512488465,09:31:15.512,15.5400,100
34275512488465,09:31:15.512,15.5400,98
34275517378569,09:31:15.517,15.5300,20
34275517378569,09:31:15.517,15.5300,100
34275517378569,09:31:15.517,15.5300,100
34275517479050,09:31:15.517,15.5300,100
34276397583391,09:31:16.397,15.5100,100
34276397583391,09:31:16.397,15.5100,100
34277243488910,09:31:17.243,15.5000,24
34277247070000,09:31:17.247,15.4900,100
34278220854879,09:31:18.220,15.4900,100
34278343099604,09:31:18.343,15.5000,100
34289572404513,09:31:29.572,15.5000,100
34289906814362,09:31:29.906,15.5100,100
34290625716624,09:31:30.625,15.5100,100
34290625716624,09:31:30.625,15.5100,100
34293726719916,09:31:33.726,15.4950,100
34293878616195,09:31:33.878,15.5300,100
34293878616195,09:31:33.878,15.5300,100
34293879281529,09:31:33.879,15.5200,100
34293879281529,09:31:33.879,15.5200,100
34295179503487,09:31:35.179,15.4900,100
34295179503487,09:31:35.179,15.4900,100
34295382835420,09:31:35.382,15.4850,100
34295382835420,09:31:35.382,15.4900,100
34295382878775,09:31:35.382,15.4900,100
34296324105678,09:31:36.324,15.5300,100
34296472332814,09:31:36.472,15.5200,100
34297201904250,09:31:37.201,15.5200,100
34298122129878,09:31:38.122,15.5100,100
34298122129878,09:31:38.122,15.5100,100
34298427468843,09:31:38.427,15.5000,100
34299992304006,09:31:39.992,15.5000,100
34299992304006,09:31:39.992,15.5000,100
34299992304006,09:31:39.992,15.5000,100
34300366726557,09:31:40.366,15.5200,300
34301189585802,09:31:41.189,15.4900,100
34301189585802,09:31:41.189,15.4900,100
34301478192451,09:31:41.478,15.4800,100
34301478192451,09:31:41.478,15.4800,100
34301478192451,09:31:41.478,15.4800,100
34307686350190,09:31:47.686,15.5200,100
34307686350190,09:31:47.686,15.5300,400
34319975312950,09:31:59.975,15.5200,100
34319975312950,09:31:59.975,15.5300,100
34320143955583,09:32:00.143,15.5400,100
34320143955583,09:32:00.143,15.5400,100
34321373523984,09:32:01.373,15.5500,100
34321527780330,09:32:01.527,15.5500,100
34321527780330,09:32:01.527,15.5500,100
34323832117711,09:32:03.832,15.5700,100
34324695925075,09:32:04.695,15.5600,100
34324695925075,09:32:04.695,15.5600,100
34326134459399,09:32:06.134,15.5500,100
34326134459399,09:32:06.134,15.5500,100
34357351303917,09:32:37.351,15.5500,100
34357351303917,09:32:37.351,15.5500,100
34371471544238,09:32:51.471,15.5600,100
34371471544238,09:32:51.471,15.5600,300
34371475936131,09:32:51.475,15.5700,100
34371523983061,09:32:51.523,15.5800,100
34371523983061,09:32:51.523,15.5800,100
34371950589399,09:32:51.950,15.5900,100
34371964552355,09:32:51.964,15.5900,100
34371964552355,09:32:51.964,15.5900,100
34371964552355,09:32:51.964,15.5900,200
34371964552355,09:32:51.964,15.5900,100
34371974261247,09:32:51.974,15.5900,400
34371974261247,09:32:51.974,15.5900,100
34371974261247,09:32:51.974,15.5900,100
34371974261247,09:32:51.974,15.5900,100
34372279940406,09:32:52.279,15.5800,100
34373025092537,09:32:53.025,15.5800,100
34373025092537,09:32:53.025,15.5800,100
34373025092537,09:32:53.025,15.5800,100
34373186339133,09:32:53.186,15.5900,400
34373186339133,09:32:53.186,15.5900,100
34373611870137,09:32:53.611,15.6000,100
34373642244781,09:32:53.642,15.6000,100
34373642244781,09:32:53.642,15.6000,100
34373642244781,09:32:53.642,15.6000,100
34374005287854,09:32:54.005,15.6000,100
34374382731144,09:32:54.382,15.5900,100
34374382731144,09:32:54.382,15.5900,100
34374382731144,09:32:54.382,15.5900,100
34374382731144,09:32:54.382,15.5900,400
34376385366051,09:32:56.385,15.5900,200
34376385366051,09:32:56.385,15.5900,100
34376834352112,09:32:56.834,15.6100,100
34376836278797,09:32:56.836,15.6100,100
34376836278797,09:32:56.836,15.6100,100
34377164709661,09:32:57.164,15.6100,100
34377164807658,09:32:57.164,15.6100,100
34377164807658,09:32:57.164,15.6100,100
34377164807658,09:32:57.164,15.6100,100
34377491931665,09:32:57.491,15.6000,100
34377491931665,09:32:57.491,15.6000,100
34377496371580,09:32:57.496,15.6000,100
34377496371580,09:32:57.496,15.6000,100
34377496371580,09:32:57.496,15.6000,100
34377498343652,09:32:57.498,15.6000,200
34377498343652,09:32:57.498,15.6000,100
34377498343652,09:32:57.498,15.6000,100
34377498343652,09:32:57.498,15.6000,100
34377788999916,09:32:57.788,15.5900,200
34377788999916,09:32:57.788,15.5900,100
34377788999916,09:32:57.788,15.5900,100
34379213749400,09:32:59.213,15.5900,300
34379213749400,09:32:59.213,15.5900,100
34379213749400,09:32:59.213,15.5900,100
34379365851337,09:32:59.365,15.6000,100
34379922429361,09:32:59.922,15.6100,100
34380710294256,09:33:00.710,15.6100,100
34380710294256,09:33:00.710,15.6100,100
34380710294256,09:33:00.710,15.6100,100
34380712735654,09:33:00.712,15.6100,100
34380712735654,09:33:00.712,15.6100,100
34380715641777,09:33:00.715,15.6100,140
34380715679563,09:33:00.715,15.6100,160
34380716171315,09:33:00.716,15.6100,100
34380832297385,09:33:00.832,15.6000,100
34380832297385,09:33:00.832,15.6000,100
34382356081220,09:33:02.356,15.6000,100
34382870998442,09:33:02.870,15.6200,400
34385139481615,09:33:05.139,15.6200,74
34385139481615,09:33:05.139,15.6200,100
34385139481615,09:33:05.139,15.6200,100
34385140124250,09:33:05.140,15.6200,100
34385140137564,09:33:05.140,15.6200,100
34385140198128,09:33:05.140,15.6200,100
34385668596389,09:33:05.668,15.6200,100
34386865318226,09:33:06.865,15.6200,100
34386865318226,09:33:06.865,15.6200,100
34387014588305,09:33:07.014,15.6300,100
34387014588305,09:33:07.014,15.6300,100
34388971306481,09:33:08.971,15.6400,100
34388971931533,09:33:08.971,15.6400,10
34388972682967,09:33:08.972,15.6400,100
34388972682967,09:33:08.972,15.6400,100
34388972682967,09:33:08.972,15.6400,100
34388974175964,09:33:08.974,15.6300,100
34388974175964,09:33:08.974,15.6300,100
34389336190234,09:33:09.336,15.6300,100
34389336190234,09:33:09.336,15.6300,100
34390027345127,09:33:10.027,15.6300,100
34390367431050,09:33:10.367,15.6200,100
34390367431050,09:33:10.367,15.6200,100
34392162122351,09:33:12.162,15.6200,100
34393170535388,09:33:13.170,15.6100,100
34393170535388,09:33:13.170,15.6100,100
34395250889822,09:33:15.250,15.6100,100
34395251539416,09:33:15.251,15.6100,100
34395251539416,09:33:15.251,15.6100,100
34395251539416,09:33:15.251,15.6100,100
34395575368109,09:33:15.575,15.6100,100
34395575368109,09:33:15.575,15.6100,100
34396342545655,09:33:16.342,15.6100,100
34396342545655,09:33:16.342,15.6100,100
34396342545655,09:33:16.342,15.6100,100
34396623626173,09:33:16.623,15.6000,100
34396623626173,09:33:16.623,15.6000,100
34397227399845,09:33:17.227,15.5900,100
34397227399845,09:33:17.227,15.5900,94
34397227425759,09:33:17.227,15.5900,6
34398718755769,09:33:18.718,15.5900,300
34398718755769,09:33:18.718,15.5900,100
34400178074432,09:33:20.178,15.5900,100
34412111418108,09:33:32.111,15.5600,100
34412111496397,09:33:32.111,15.5600,100
34423979863872,09:33:43.979,15.5400,100
34424096895522,09:33:44.096,15.5500,100
34424117449086,09:33:44.117,15.5500,400
34424117449086,09:33:44.117,15.5500,100
34424117449086,09:33:44.117,15.5500,100
34424811449387,09:33:44.811,15.5500,100
34424811449387,09:33:44.811,15.5500,400
34424811449387,09:33:44.811,15.5500,100
34425890437049,09:33:45.890,15.5500,400
34425890437049,09:33:45.890,15.5500,100
34426152848727,09:33:46.152,15.5400,500
34426152848727,09:33:46.152,15.5400,100
34426152848727,09:33:46.152,15.5400,100
34426154821996,09:33:46.154,15.5400,500
34426154821996,09:33:46.154,15.5400,100
34428003506859,09:33:48.003,15.5400,100
34428004465489,09:33:48.004,15.5500,100
34428185624305,09:33:48.185,15.5600,100
34428185727315,09:33:48.185,15.5600,200
34428467189997,09:33:48.467,15.5700,100
34429437547336,09:33:49.437,15.5700,300
34429437547336,09:33:49.437,15.5700,100
34429803999112,09:33:49.803,15.5600,100
34429803999112,09:33:49.803,15.5600,100
34429803999112,09:33:49.803,15.5600,100
34431141463672,09:33:51.141,15.5600,100
34431617373406,09:33:51.617,15.5700,100
34431617881551,09:33:51.617,15.5700,100
34431617881551,09:33:51.617,15.5700,100
34431617881551,09:33:51.617,15.5700,100
34431617881551,09:33:51.617,15.5700,100
34431618299187,09:33:51.618,15.5700,100
34431618299187,09:33:51.618,15.5700,100
34431619641281,09:33:51.619,15.5600,76
34431619850074,09:33:51.619,15.5600,24
34432676841441,09:33:52.676,15.5500,100
34432957586726,09:33:52.957,15.5400,100
34432957586726,09:33:52.957,15.5400,100
34434666056625,09:33:54.666,15.5500,100
34434949115213,09:33:54.949,15.5600,100
34435605646599,09:33:55.605,15.5700,100
34438603960151,09:33:58.603,15.5800,100
34442636547677,09:34:02.636,15.5700,100
34442636547677,09:34:02.636,15.5700,300
34442636787372,09:34:02.636,15.5700,100
34442636787372,09:34:02.636,15.5700,100
34445036931248,09:34:05.036,15.5700,36
34447475155738,09:34:07.475,15.5800,100
34465876480354,09:34:25.876,15.5900,100
34465876480354,09:34:25.876,15.5900,100
34466855462614,09:34:26.855,15.5900,100
34466996804510,09:34:26.996,15.5900,100
34466996804510,09:34:26.996,15.5900,100
34466997994701,09:34:26.997,15.5900,100
34467646223454,09:34:27.646,15.5800,100
34467646223454,09:34:27.646,15.5800,100
34467646662271,09:34:27.646,15.5800,100
34467646662271,09:34:27.646,15.5800,100
34467646764770,09:34:27.646,15.5800,100
34467646764770,09:34:27.646,15.5800,100
34467893489367,09:34:27.893,15.5700,100
34467893489367,09:34:27.893,15.5700,150
34468085660939,09:34:28.085,15.5600,100
34468096564005,09:34:28.096,15.5600,100
34483234099485,09:34:43.234,15.5700,100
34483572652286,09:34:43.572,15.5800,100
34483759343698,09:34:43.759,15.5900,100
34484860545853,09:34:44.860,15.5900,100
34484860545853,09:34:44.860,15.5900,100
34487010160826,09:34:47.010,15.5900,100
34487010160826,09:34:47.010,15.5900,100
34487181309960,09:34:47.181,15.6000,100
34488095755693,09:34:48.095,15.6000,100
34488267665234,09:34:48.267,15.5900,100
34488267665234,09:34:48.267,15.5900,100
34490027223087,09:34:50.027,15.5900,100
34490736647027,09:34:50.736,15.6000,100
34490929998675,09:34:50.929,15.6100,100
34490930602774,09:34:50.930,15.6100,100
34491768342763,09:34:51.768,15.6100,100
34491768342763,09:34:51.768,15.6100,100
34491769440637,09:34:51.769,15.6000,100
34491901606233,09:34:51.901,15.5900,100
34495010037540,09:34:55.010,15.5900,100
34496837347999,09:34:56.837,15.6000,100
34497253956320,09:34:57.253,15.6000,100
34497253956320,09:34:57.253,15.6000,100
34498144546044,09:34:58.144,15.5900,500
34498144546044,09:34:58.144,15.5900,100
34498706131412,09:34:58.706,15.5900,100
34498806193880,09:34:58.806,15.5900,100
34498806193880,09:34:58.806,15.5900,100
34498806193880,09:34:58.806,15.5900,100
34498809941296,09:34:58.809,15.5800,400
34498809941296,09:34:58.809,15.5800,100
34498809941296,09:34:58.809,15.5800,100
34498809941296,09:34:58.809,15.5800,100
34500236163627,09:35:00.236,15.5800,100
34500236163627,09:35:00.236,15.5800,100
34500236163627,09:35:00.236,15.5800,100
34500236163627,09:35:00.236,15.5800,100
34500236163627,09:35:00.236,15.5800,100
34500639623828,09:35:00.639,15.5900,100
34500639623828,09:35:00.639,15.5900,100
34500821887291,09:35:00.821,15.6000,100
34500967968181,09:35:00.967,15.6100,300
34500968471225,09:35:00.968,15.6100,400
34500968471225,09:35:00.968,15.6100,100
34500968497564,09:35:00.968,15.6100,200
34501660116596,09:35:01.660,15.6100,100
34501660116596,09:35:01.660,15.6100,100
34501660116596,09:35:01.660,15.6100,36
34501660204455,09:35:01.660,15.6100,100
34501660295510,09:35:01.660,15.6100,72
34501660428614,09:35:01.660,15.6100,28
34501660428614,09:35:01.660,15.6100,72
34501839020344,09:35:01.839,15.6000,100
34501839020344,09:35:01.839,15.6000,100
34501839020344,09:35:01.839,15.6000,100
34501839371075,09:35:01.839,15.6000,100
34501839371075,09:35:01.839,15.6000,100
34502822517555,09:35:02.822,15.5900,100
34502822517555,09:35:02.822,15.5900,100
34502822885674,09:35:02.822,15.5900,100
34502822885674,09:35:02.822,15.5900,100
34503426039285,09:35:03.426,15.5800,500
34503426039285,09:35:03.426,15.5800,100
34503426039285,09:35:03.426,15.5800,100
34503426122347,09:35:03.426,15.5800,100
34503426203803,09:35:03.426,15.5800,100
34503426624676,09:35:03.426,15.5800,100
34503426648422,09:35:03.426,15.5800,100
34504094621350,09:35:04.094,15.5800,200
34504094621350,09:35:04.094,15.5800,300
34504094621350,09:35:04.094,15.5800,100
34504490742285,09:35:04.490,15.5900,100
34504490742285,09:35:04.490,15.5900,100
34504825707031,09:35:04.825,15.5900,100
34505335675947,09:35:05.335,15.5900,100
34506701613803,09:35:06.701,15.5900,100
34506701729551,09:35:06.701,15.5900,100
34506702657438,09:35:06.702,15.5900,100
34506860885127,09:35:06.860,15.5800,100
34507749222219,09:35:07.749,15.5800,200
34507749222219,09:35:07.749,15.5800,100
34507749222219,09:35:07.749,15.5800,100
34507749222219,09:35:07.749,15.5800,36
34507896360902,09:35:07.896,15.5900,100
34507896360902,09:35:07.896,15.5900,100
34507896360902,09:35:07.896,15.5900,100
34509121097252,09:35:09.121,15.5900,200
34510982159747,09:35:10.982,15.5800,100
34511156403537,09:35:11.156,15.5700,100
34511156403537,09:35:11.156,15.5700,100
34511448138957,09:35:11.448,15.5600,100
34511448138957,09:35:11.448,15.5600,100
34512536190259,09:35:12.536,15.5600,100
34512536190259,09:35:12.536,15.5600,200
34513464298554,09:35:13.464,15.5800,200
34513464298554,09:35:13.464,15.5800,100
34513464298554,09:35:13.464,15.5800,200
34513464298554,09:35:13.464,15.5800,100
34514118898434,09:35:14.118,15.5800,300
34515751963730,09:35:15.751,15.5800,100
34517298176852,09:35:17.298,15.5700,100
34519773810077,09:35:19.773,15.5700,200
34519773810077,09:35:19.773,15.5700,100
34520197679892,09:35:20.197,15.5600,100
34520197679892,09:35:20.197,15.5600,100
34522384221121,09:35:22.384,15.5600,11
34522750164865,09:35:22.750,15.5700,100
34523384649096,09:35:23.384,15.5800,100
34524084210977,09:35:24.084,15.5800,200
34524428246434,09:35:24.428,15.5700,100
34524428246434,09:35:24.428,15.5700,100
34524428246434,09:35:24.428,15.5700,100
34525119710306,09:35:25.119,15.5600,100
34528653813179,09:35:28.653,15.5800,100
34529423824650,09:35:29.423,15.5800,200
34529626117099,09:35:29.626,15.5700,100
34532453086506,09:35:32.453,15.5700,200
34532453086506,09:35:32.453,15.5700,100
34532701954213,09:35:32.701,15.5600,100
34534672625038,09:35:34.672,15.5500,100
34534726582230,09:35:34.726,15.5400,200
34535017947537,09:35:35.017,15.5500,100
34535017947537,09:35:35.017,15.5500,36
34535017947537,09:35:35.017,15.5500,18
34535138643846,09:35:35.138,15.5500,100
34535142844130,09:35:35.142,15.5500,100
34535409529633,09:35:35.409,15.5500,100
34535409529633,09:35:35.409,15.5500,100
34537137769655,09:35:37.137,15.5600,100
34537137796995,09:35:37.137,15.5600,100
34537210044239,09:35:37.210,15.5500,23
34538161958344,09:35:38.161,15.5600,100
34541319182604,09:35:41.319,15.5600,100
34541319182604,09:35:41.319,15.5600,100
34593446630521,09:36:33.446,15.5200,11
34593446630521,09:36:33.446,15.5200,200
34593446630521,09:36:33.446,15.5200,100
34593569499973,09:36:33.569,15.5200,200
34593569499973,09:36:33.569,15.5200,100
34594531131000,09:36:34.531,15.5200,100
34594729885872,09:36:34.729,15.5200,300
34594729885872,09:36:34.729,15.5200,100
34594729885872,09:36:34.729,15.5200,200
34598878982797,09:36:38.878,15.5300,41
34598878982797,09:36:38.878,15.5300,100
34598881274873,09:36:38.881,15.5200,400
34598881274873,09:36:38.881,15.5200,100
34598881274873,09:36:38.881,15.5200,100
34598881274873,09:36:38.881,15.5200,100
34606400052596,09:36:46.400,15.5200,200
34606400052596,09:36:46.400,15.5200,100
34606400052596,09:36:46.400,15.5200,900
34606400155673,09:36:46.400,15.5200,100
34606400181235,09:36:46.400,15.5200,800
34606400213672,09:36:46.400,15.5200,100
34606400213672,09:36:46.400,15.5200,100
34606400213672,09:36:46.400,15.5200,100
34606400213672,09:36:46.400,15.5200,30
34606400790665,09:36:46.400,15.5200,26
34608313249089,09:36:48.313,15.5300,100
34615954597165,09:36:55.954,15.5500,100
34615955105437,09:36:55.955,15.5500,100
34615955105437,09:36:55.955,15.5500,100
34615955105437,09:36:55.955,15.5500,100
34615955147885,09:36:55.955,15.5500,100
34616422930537,09:36:56.422,15.5600,100
34616422930537,09:36:56.422,15.5600,100
34616518459468,09:36:56.518,15.5500,200
34616518459468,09:36:56.518,15.5500,100
34616518459468,09:36:56.518,15.5500,100
34617157063430,09:36:57.157,15.5400,200
34617157063430,09:36:57.157,15.5400,100
34617157311313,09:36:57.157,15.5300,200
34617157311313,09:36:57.157,15.5300,100
34617157311313,09:36:57.157,15.5300,100
34617157311313,09:36:57.157,15.5300,100
34617157311313,09:36:57.157,15.5300,100
34618240888154,09:36:58.240,15.5300,20
34618618081496,09:36:58.618,15.5400,100
34618618081496,09:36:58.618,15.5400,100
34618618081496,09:36:58.618,15.5400,100
34618618081496,09:36:58.618,15.5400,100
34619283836248,09:36:59.283,15.5500,400
34619283836248,09:36:59.283,15.5500,100
34620185163995,09:37:00.185,15.5400,100
34620185163995,09:37:00.185,15.5400,300
34620185163995,09:37:00.185,15.5400,100
34620185448157,09:37:00.185,15.5400,100
34620185448157,09:37:00.185,15.5400,100
34620185448157,09:37:00.185,15.5400,100
34620773845579,09:37:00.773,15.5400,100
34620773845579,09:37:00.773,15.5400,100
34620931455936,09:37:00.931,15.5500,100
34620931455936,09:37:00.931,15.5500,13
34620931455936,09:37:00.931,15.5500,87
34624222782670,09:37:04.222,15.5600,100
34624222782670,09:37:04.222,15.5600,100
34624403155912,09:37:04.403,15.5600,66
34625267113631,09:37:05.267,15.5500,100
34625267113631,09:37:05.267,15.5500,100
34626930254742,09:37:06.930,15.5500,500
34626930254742,09:37:06.930,15.5500,100
34626930304923,09:37:06.930,15.5500,44
34627129193255,09:37:07.129,15.5600,100
34627129193255,09:37:07.129,15.5600,100
34628322498213,09:37:08.322,15.5600,100
34628322498213,09:37:08.322,15.5600,100
34628322708153,09:37:08.322,15.5600,100
34628322708153,09:37:08.322,15.5600,100
34629206525375,09:37:09.206,15.5500,100
34629206525375,09:37:09.206,15.5500,100
34629206525375,09:37:09.206,15.5500,100
34630781223764,09:37:10.781,15.5500,200
34630781223764,09:37:10.781,15.5500,200
34631795558309,09:37:11.795,15.5600,100
34632939030888,09:37:12.939,15.5500,100
34632939030888,09:37:12.939,15.5500,100
34632939030888,09:37:12.939,15.5500,100
34632939030888,09:37:12.939,15.5500,100
34632939030888,09:37:12.939,15.5500,100
34634073612102,09:37:14.073,15.5500,300
34634073612102,09:37:14.073,15.5500,100
34634247831697,09:37:14.247,15.5600,100
34635420498701,09:37:15.420,15.5600,100
34635420498701,09:37:15.420,15.5600,100
34635420498701,09:37:15.420,15.5600,100
34650759142800,09:37:30.759,15.5500,100
34682254231814,09:38:02.254,15.5200,200
34682254231814,09:38:02.254,15.5200,200
34682254231814,09:38:02.254,15.5200,200
34682254231814,09:38:02.254,15.5200,12
34682254247752,09:38:02.254,15.5300,100
34682254247752,09:38:02.254,15.5300,100
34682254247752,09:38:02.254,15.5300,100
34682254247752,09:38:02.254,15.5300,100
34683760583759,09:38:03.760,15.5300,200
34683760583759,09:38:03.760,15.5300,100
34687600315564,09:38:07.600,15.5200,200
34687600315564,09:38:07.600,15.5200,100
34687600591175,09:38:07.600,15.5100,100
34687601010924,09:38:07.601,15.5000,100
34687601010924,09:38:07.601,15.5000,100
34701546675070,09:38:21.546,15.5000,100
34701546675070,09:38:21.546,15.5000,13
34701546675070,09:38:21.546,15.5000,200
34702109206995,09:38:22.109,15.5100,200
34702109206995,09:38:22.109,15.5100,100
34703555415881,09:38:23.555,15.5100,39
34704125591230,09:38:24.125,15.5100,100
34704125591230,09:38:24.125,15.5100,100
34705128946117,09:38:25.128,15.5100,200
34705128946117,09:38:25.128,15.5100,100
34705128946117,09:38:25.128,15.5100,100
34705128946117,09:38:25.128,15.5100,100
34705128946117,09:38:25.128,15.5100,100
34705128946117,09:38:25.128,15.5100,100
34705128946117,09:38:25.128,15.5100,100
34705319354018,09:38:25.319,15.5000,100
34705319354018,09:38:25.319,15.5000,100
34705319354018,09:38:25.319,15.5000,100
34705319354018,09:38:25.319,15.5000,100
34705319595432,09:38:25.319,15.4900,100
34705319595432,09:38:25.319,15.4900,100
34705320219102,09:38:25.320,15.4900,10
34707890505336,09:38:27.890,15.5000,100
34707891126996,09:38:27.891,15.5000,100
34707891126996,09:38:27.891,15.5000,200
34707891126996,09:38:27.891,15.5000,100
34707891126996,09:38:27.891,15.5000,37
34707891126996,09:38:27.891,15.5000,100
34707891126996,09:38:27.891,15.5000,63
34707900633879,09:38:27.900,15.5000,37
34707900633879,09:38:27.900,15.5000,49
34710019761094,09:38:30.019,15.5000,100
34710180060206,09:38:30.180,15.5000,100
34710180060206,09:38:30.180,15.5000,49
34710774184970,09:38:30.774,15.5000,100
34728570530781,09:38:48.570,15.4800,100
34728570530781,09:38:48.570,15.4800,100
34728570530781,09:38:48.570,15.4800,600
34732461698491,09:38:52.461,15.4800,200
34732461698491,09:38:52.461,15.4800,49
34732461797737,09:38:52.461,15.4900,100
34732461797737,09:38:52.461,15.4900,100
34760512781434,09:39:20.512,15.5300,100
34760512781434,09:39:20.512,15.5300,100
34825056794651,09:40:25.056,15.5500,400
34825056794651,09:40:25.056,15.5500,100
34825056997795,09:40:25.056,15.5500,300
34825058621539,09:40:25.058,15.5400,100
34827581515618,09:40:27.581,15.5300,100
34827581515618,09:40:27.581,15.5300,100
34827581600503,09:40:27.581,15.5200,200
34827581600503,09:40:27.581,15.5200,100
34827581600503,09:40:27.581,15.5200,100
34837401644606,09:40:37.401,15.5100,160
34837401938494,09:40:37.401,15.5100,40
34837401938494,09:40:37.401,15.5100,100
34885701067531,09:41:25.701,15.4900,1
34885701069091,09:41:25.701,15.4900,299
34885701069091,09:41:25.701,15.4900,400
34899244539668,09:41:39.244,15.4700,200
34899244539668,09:41:39.244,15.4700,100
34903210432689,09:41:43.210,15.4600,100
34903210432689,09:41:43.210,15.4600,70
34903210432689,09:41:43.210,15.4600,100
34903210432689,09:41:43.210,15.4600,200
34903210494050,09:41:43.210,15.4700,100
34903210494050,09:41:43.210,15.4700,100
34903210494050,09:41:43.210,15.4700,100
34903210494050,09:41:43.210,15.4700,100
34903210494050,09:41:43.210,15.4700,100
34903227261588,09:41:43.227,15.4700,70
34903981325813,09:41:43.981,15.4600,70
34906082629201,09:41:46.082,15.4700,70
34914171052421,09:41:54.171,15.4800,100
34914171316255,09:41:54.171,15.4900,65
34914171335798,09:41:54.171,15.4900,35
34914171335798,09:41:54.171,15.4900,30
34914171340976,09:41:54.171,15.4900,370
34914171340976,09:41:54.171,15.4900,51
34914171340976,09:41:54.171,15.4900,100
34914171340976,09:41:54.171,15.4900,100
34914171340976,09:41:54.171,15.4900,100
34914171340976,09:41:54.171,15.4900,100
34914172636939,09:41:54.172,15.4900,100
34914172636939,09:41:54.172,15.4900,100
34914172636939,09:41:54.172,15.4900,200
34914172977799,09:41:54.172,15.4900,100
34914172977799,09:41:54.172,15.4900,59
34914172977799,09:41:54.172,15.4900,100
34914172977799,09:41:54.172,15.4900,100
34914172977799,09:41:54.172,15.4900,200
34918525218427,09:41:58.525,15.4800,100
34918525218427,09:41:58.525,15.4800,26
34930628997184,09:42:10.628,15.4700,100
34930629036209,09:42:10.629,15.4600,530
34930629036209,09:42:10.629,15.4600,100
34930629036209,09:42:10.629,15.4600,100
34930629036209,09:42:10.629,15.4600,53
34930842737190,09:42:10.842,15.4600,100
34930842737190,09:42:10.842,15.4600,200
34942849736162,09:42:22.849,15.4600,1
34969508975224,09:42:49.508,15.4600,1
35015383573828,09:43:35.383,15.4600,598
35015383573828,09:43:35.383,15.4600,100
35016386572764,09:43:36.386,15.4500,200
35016386572764,09:43:36.386,15.4500,100
35016386572764,09:43:36.386,15.4500,100
35016386572764,09:43:36.386,15.4500,100
35016386572764,09:43:36.386,15.4500,50
35016386572764,09:43:36.386,15.4500,200
35016386672421,09:43:36.386,15.4500,100
35016388215170,09:43:36.388,15.4500,57
35019334835013,09:43:39.334,15.4500,50
35020460017422,09:43:40.460,15.4550,100
35020826168273,09:43:40.826,15.4550,100
35035319519970,09:43:55.319,15.4600,100
35035319920465,09:43:55.319,15.4700,119
35035319954898,09:43:55.319,15.4700,81
35035319954898,09:43:55.319,15.4700,19
35042726355101,09:44:02.726,15.4600,100
35044247078461,09:44:04.247,15.4500,100
35044506033018,09:44:04.506,15.4500,100
35044506033018,09:44:04.506,15.4500,60
35044506033018,09:44:04.506,15.4500,40
35044506591484,09:44:04.506,15.4500,60
35044506591484,09:44:04.506,15.4500,100
35044508740825,09:44:04.508,15.4500,100
35044508740825,09:44:04.508,15.4500,200
35045052384045,09:44:05.052,15.4500,200
35045052384045,09:44:05.052,15.4500,100
35046389416010,09:44:06.389,15.4500,400
35050413703420,09:44:10.413,15.4400,200
35065377515569,09:44:25.377,15.4400,100
35073457879804,09:44:33.457,15.4300,100
35088432307018,09:44:48.432,15.4300,100
35088432307018,09:44:48.432,15.4300,100
35088432307018,09:44:48.432,15.4300,100
35088432307018,09:44:48.432,15.4300,100
35091797455773,09:44:51.797,15.4400,140
35116274998897,09:45:16.274,15.4600,100
35116274998897,09:45:16.274,15.4600,30
35129267961905,09:45:29.267,15.4600,100
35137189268449,09:45:37.189,15.4600,500
35137189268449,09:45:37.189,15.4600,100
35137189268449,09:45:37.189,15.4600,25
35137189268449,09:45:37.189,15.4600,100
35137189268449,09:45:37.189,15.4600,63
35137189268449,09:45:37.189,15.4600,300
35189518203298,09:46:29.518,15.4600,13
35189518203298,09:46:29.518,15.4600,100
35203501671305,09:46:43.501,15.4500,300
35203501711854,09:46:43.501,15.4500,200
35203501750189,09:46:43.501,15.4500,400
35211564541710,09:46:51.564,15.4500,25
35211564541710,09:46:51.564,15.4500,100
35211564541710,09:46:51.564,15.4500,100
35235304141622,09:47:15.304,15.4700,60
35235307071944,09:47:15.307,15.4800,100
35235307071944,09:47:15.307,15.4800,100
35235307071944,09:47:15.307,15.4800,100
35235307071944,09:47:15.307,15.4800,200
35235307071944,09:47:15.307,15.4800,200
35235308076634,09:47:15.308,15.4800,100
35242242642055,09:47:22.242,15.4800,200
35242242642055,09:47:22.242,15.4800,300
35242243429772,09:47:22.243,15.4800,100
35242243429772,09:47:22.243,15.4800,100
35242243429772,09:47:22.243,15.4800,200
35242245940155,09:47:22.245,15.4900,100
35242245940155,09:47:22.245,15.4900,100
35242245940155,09:47:22.245,15.4900,200
35242245940155,09:47:22.245,15.4900,100
35242245940155,09:47:22.245,15.4900,200
35243775234587,09:47:23.775,15.4800,200
35243775234587,09:47:23.775,15.4800,100
35286877534131,09:48:06.877,15.4700,200
35286877534131,09:48:06.877,15.4700,100
35288635748019,09:48:08.635,15.4600,74
35291844312689,09:48:11.844,15.4600,100
35295650958027,09:48:15.650,15.4600,100
35330654989010,09:48:50.654,15.4600,13
35350911238010,09:49:10.911,15.4700,100
35385977057557,09:49:45.977,15.4600,100
35385977057557,09:49:45.977,15.4600,200
35393288174549,09:49:53.288,15.4550,100
35393288174549,09:49:53.288,15.4600,100
35393288174549,09:49:53.288,15.4600,200
35393288174549,09:49:53.288,15.4600,45
35393289710691,09:49:53.289,15.4600,55
35409614753488,09:50:09.614,15.4600,14
35409614753488,09:50:09.614,15.4600,100
35409614753488,09:50:09.614,15.4600,100
35413855602897,09:50:13.855,15.4600,800
35413855629571,09:50:13.855,15.4600,100
35421467462091,09:50:21.467,15.4700,100
35422470671619,09:50:22.470,15.4800,100
35422470671619,09:50:22.470,15.4800,100
35422470671619,09:50:22.470,15.4800,100
35458438280566,09:50:58.438,15.4800,100
35458438280566,09:50:58.438,15.4800,100
35458438280566,09:50:58.438,15.4800,100
35475628347046,09:51:15.628,15.4800,100
35483214774672,09:51:23.214,15.4800,100
35483214774672,09:51:23.214,15.4800,100
35483214774672,09:51:23.214,15.4800,100
35530865948557,09:52:10.865,15.4700,100
35530865948557,09:52:10.865,15.4700,100
35530865948557,09:52:10.865,15.4700,100
35530865948557,09:52:10.865,15.4700,12
35537598211898,09:52:17.598,15.4600,400
35537598253696,09:52:17.598,15.4600,100
35545442079918,09:52:25.442,15.4600,200
35562116767153,09:52:42.116,15.4500,100
35562116767153,09:52:42.116,15.4500,100
35566855443163,09:52:46.855,15.4500,2
35568253164239,09:52:48.253,15.4500,298
35568253164239,09:52:48.253,15.4500,100
35570537395736,09:52:50.537,15.4500,100
35570537395736,09:52:50.537,15.4500,100
35570537395736,09:52:50.537,15.4500,100
35570537395736,09:52:50.537,15.4500,100
35570537395736,09:52:50.537,15.4500,100
35572743068166,09:52:52.743,15.4700,300
35572886470060,09:52:52.886,15.4800,100
35573312711881,09:52:53.312,15.4800,60
35573778260028,09:52:53.778,15.4800,300
35575366472269,09:52:55.366,15.4750,100
35575366472269,09:52:55.366,15.4800,900
35575367892361,09:52:55.367,15.4800,100
35575653252984,09:52:55.653,15.4800,100
35575653252984,09:52:55.653,15.4800,300
35575812196431,09:52:55.812,15.4800,100
35575812196431,09:52:55.812,15.4800,300
35576206107644,09:52:56.206,15.4800,100
35577877395315,09:52:57.877,15.4800,100
35577877395315,09:52:57.877,15.4800,100
35577877395315,09:52:57.877,15.4800,300
35577877455337,09:52:57.877,15.4800,100
35577877851013,09:52:57.877,15.4800,100
35577877851013,09:52:57.877,15.4800,100
35579258527602,09:52:59.258,15.4700,500
35579258527602,09:52:59.258,15.4700,300
35579259704363,09:52:59.259,15.4700,100
35581305522078,09:53:01.305,15.4700,200
35581724896946,09:53:01.724,15.4700,100
35582827738420,09:53:02.827,15.4700,100
35582827738420,09:53:02.827,15.4700,300
35582827738420,09:53:02.827,15.4700,100
35583988926019,09:53:03.988,15.4600,700
35583988926019,09:53:03.988,15.4600,300
35583988926019,09:53:03.988,15.4600,100
35583988926019,09:53:03.988,15.4600,100
35583989013122,09:53:03.989,15.4600,100
35583990774035,09:53:03.990,15.4600,100
35583993649597,09:53:03.993,15.4600,200
35583993649597,09:53:03.993,15.4600,100
35587077237358,09:53:07.077,15.4600,100
35588486836332,09:53:08.486,15.4600,200
35588486836332,09:53:08.486,15.4600,100
35588486836332,09:53:08.486,15.4600,100
35588486836332,09:53:08.486,15.4600,100
35588486836332,09:53:08.486,15.4600,300
35589177342418,09:53:09.177,15.4700,288
35589178507592,09:53:09.178,15.4700,100
35592043476612,09:53:12.043,15.4800,300
35592043476612,09:53:12.043,15.4800,100
35592184893675,09:53:12.184,15.4800,100
35592184893675,09:53:12.184,15.4800,300
35592184893675,09:53:12.184,15.4800,100
35592184893675,09:53:12.184,15.4800,100
35593143992184,09:53:13.143,15.4700,100
35593143992184,09:53:13.143,15.4700,300
35593143992184,09:53:13.143,15.4700,100
35594931454880,09:53:14.931,15.4700,100
35594931454880,09:53:14.931,15.4700,100
35595123001391,09:53:15.123,15.4700,100
35595123001391,09:53:15.123,15.4700,100
35595123001391,09:53:15.123,15.4700,100
35596646402061,09:53:16.646,15.4700,100
35596646402061,09:53:16.646,15.4700,100
35596646402061,09:53:16.646,15.4700,300
35596646402061,09:53:16.646,15.4700,100
35598930643757,09:53:18.930,15.4700,200
35599099290428,09:53:19.099,15.4700,500
35599099290428,09:53:19.099,15.4700,300
35599557974570,09:53:19.557,15.4700,100
35599557974570,09:53:19.557,15.4700,100
35600099543124,09:53:20.099,15.4800,100
35600996489158,09:53:20.996,15.4700,100
35600996489158,09:53:20.996,15.4700,300
35600996489158,09:53:20.996,15.4700,100
35600996489158,09:53:20.996,15.4700,100
35600996489158,09:53:20.996,15.4700,300
35600996489158,09:53:20.996,15.4700,100
35603513313003,09:53:23.513,15.4600,100
35603513313003,09:53:23.513,15.4600,300
35603513313003,09:53:23.513,15.4600,100
35603513313003,09:53:23.513,15.4600,12
35603513313003,09:53:23.513,15.4600,100
35606681193549,09:53:26.681,15.4700,100
35606681193549,09:53:26.681,15.4700,100
35606682133968,09:53:26.682,15.4700,100
35607731920008,09:53:27.731,15.4800,200
35607731920008,09:53:27.731,15.4800,100
35608537909853,09:53:28.537,15.4700,300
35608537909853,09:53:28.537,15.4700,100
35608537909853,09:53:28.537,15.4700,100
35610971980258,09:53:30.971,15.4600,100
35610971980258,09:53:30.971,15.4600,200
35610971980258,09:53:30.971,15.4600,100
35610971980258,09:53:30.971,15.4600,1000
35610971980258,09:53:30.971,15.4600,300
35610971980258,09:53:30.971,15.4600,100
35610971980258,09:53:30.971,15.4600,100
35610971980258,09:53:30.971,15.4600,90
35610973952763,09:53:30.973,15.4600,100
35610977194787,09:53:30.977,15.4600,100
35610979815196,09:53:30.979,15.4600,200
35611796275471,09:53:31.796,15.4600,100
35611796275471,09:53:31.796,15.4600,100
35612362040967,09:53:32.362,15.4700,100
35612362040967,09:53:32.362,15.4700,100
35612362040967,09:53:32.362,15.4700,100
35614283620011,09:53:34.283,15.4700,100
35614283620011,09:53:34.283,15.4700,300
35614283882626,09:53:34.283,15.4700,100
35614283882626,09:53:34.283,15.4700,100
35614283882626,09:53:34.283,15.4700,200
35616095740335,09:53:36.095,15.4700,300
35616095740335,09:53:36.095,15.4700,100
35642675440258,09:54:02.675,15.4800,100
35735036995484,09:55:35.036,15.4900,100
35735036995484,09:55:35.036,15.4900,100
35735036995484,09:55:35.036,15.4900,60
35735037520879,09:55:35.037,15.4900,100
35737159282237,09:55:37.159,15.4900,100
35737159282237,09:55:37.159,15.4900,100
35738598307965,09:55:38.598,15.4900,100
35738598307965,09:55:38.598,15.4900,300
35743589139681,09:55:43.589,15.4900,100
35743589139681,09:55:43.589,15.4900,100
35743589139681,09:55:43.589,15.4900,300
35743589269721,09:55:43.589,15.4900,100
35748017611876,09:55:48.017,15.4800,100
35752670070910,09:55:52.670,15.4700,49
35752670099292,09:55:52.670,15.4700,51
35752670099292,09:55:52.670,15.4700,12
35761710122256,09:56:01.710,15.4600,24
35767543232004,09:56:07.543,15.4500,116
35777126694918,09:56:17.126,15.4400,100
35784229184836,09:56:24.229,15.4400,100
35784229184836,09:56:24.229,15.4400,100
35786825816814,09:56:26.825,15.4500,300
35789080004866,09:56:29.080,15.4500,46
35790805549843,09:56:30.805,15.4500,300
35790805549843,09:56:30.805,15.4500,100
35790805549843,09:56:30.805,15.4500,254
35790805549843,09:56:30.805,15.4500,100
35790805939755,09:56:30.805,15.4500,100
35790805939755,09:56:30.805,15.4500,117
35790806441696,09:56:30.806,15.4500,83
35815421905758,09:56:55.421,15.4400,100
35816805211300,09:56:56.805,15.4400,100
35819673552969,09:56:59.673,15.4400,100
35819673552969,09:56:59.673,15.4400,100
35819673552969,09:56:59.673,15.4400,400
35819673552969,09:56:59.673,15.4400,100
35819673552969,09:56:59.673,15.4400,100
35819673552969,09:56:59.673,15.4400,96
35819673921855,09:56:59.673,15.4400,100
35819673921855,09:56:59.673,15.4400,100
35819673921855,09:56:59.673,15.4400,400
35822472165029,09:57:02.472,15.4400,400
35823981523408,09:57:03.981,15.4400,100
35823981523408,09:57:03.981,15.4400,100
35823981523408,09:57:03.981,15.4400,400
35823981523408,09:57:03.981,15.4400,100
35823981523408,09:57:03.981,15.4400,100
35824034408530,09:57:04.034,15.4400,14
35825571930654,09:57:05.571,15.4400,86
35825571930654,09:57:05.571,15.4400,114
35827113133517,09:57:07.113,15.4400,400
35835332051456,09:57:15.332,15.4400,100
35835713228465,09:57:15.713,15.4400,400
35838141841970,09:57:18.141,15.4400,100
35838141841970,09:57:18.141,15.4400,100
35838141841970,09:57:18.141,15.4400,400
35839264447797,09:57:19.264,15.4400,100
35839264447797,09:57:19.264,15.4400,200
35839264447797,09:57:19.264,15.4400,200
35840400814466,09:57:20.400,15.4400,200
35840400814466,09:57:20.400,15.4400,100
35844157780218,09:57:24.157,15.4400,100
35856902654762,09:57:36.902,15.4400,1000
35856902781850,09:57:36.902,15.4400,1000
35856902812283,09:57:36.902,15.4400,100
35856902812283,09:57:36.902,15.4400,200
35856902814356,09:57:36.902,15.4400,256
35856903079491,09:57:36.903,15.4400,200
35856905263526,09:57:36.905,15.4450,100
35856905263526,09:57:36.905,15.4400,200
35856905263526,09:57:36.905,15.4400,300
35856905263526,09:57:36.905,15.4400,200
35856905263526,09:57:36.905,15.4400,100
35856905263526,09:57:36.905,15.4400,100
35856905263526,09:57:36.905,15.4400,100
35856905263526,09:57:36.905,15.4400,100
35856905263526,09:57:36.905,15.4400,100
35856905263526,09:57:36.905,15.4400,400
35863060816236,09:57:43.060,15.4300,100
35876124066300,09:57:56.124,15.4200,38
35876124066300,09:57:56.124,15.4200,600
35876124066300,09:57:56.124,15.4200,100
35876125228773,09:57:56.125,15.4100,100
35876125228773,09:57:56.125,15.4100,100
35876125228773,09:57:56.125,15.4100,100
35876125228773,09:57:56.125,15.4100,100
35876125228773,09:57:56.125,15.4100,100
35876126506401,09:57:56.126,15.4100,53
35876126753897,09:57:56.126,15.4100,200
35876127835018,09:57:56.127,15.4100,347
35876127835018,09:57:56.127,15.4100,100
35876127905719,09:57:56.127,15.4100,100
35876128375553,09:57:56.128,15.4100,400
35876155697400,09:57:56.155,15.4000,100
35876155697400,09:57:56.155,15.4000,80
35876155697400,09:57:56.155,15.4000,100
35876155697400,09:57:56.155,15.4000,100
35876155697400,09:57:56.155,15.4000,100
35876155697400,09:57:56.155,15.4000,100
35903695106953,09:58:23.695,15.4000,300
35907225017504,09:58:27.225,15.4000,100
35907225017504,09:58:27.225,15.4000,100
35907225017504,09:58:27.225,15.4000,100
35907225017504,09:58:27.225,15.4000,300
35907225017504,09:58:27.225,15.4000,100
35908092077561,09:58:28.092,15.4100,400
35923016001963,09:58:43.016,15.4200,100
35925920799831,09:58:45.920,15.4200,100
35925920799831,09:58:45.920,15.4200,100
35942605826113,09:59:02.605,15.4200,200
35943065444334,09:59:03.065,15.4200,200
35953335750543,09:59:13.335,15.4200,100
35953335750543,09:59:13.335,15.4200,100
35953348688873,09:59:13.348,15.4150,30
35979400984814,09:59:39.400,15.4100,100
35979401010930,09:59:39.401,15.4100,100
35979401010930,09:59:39.401,15.4100,100
36008503164892,10:00:08.503,15.4000,200
36011433032460,10:00:11.433,15.3750,100
36066508303698,10:01:06.508,15.3900,200
36066508303698,10:01:06.508,15.3900,100
36066510710505,10:01:06.510,15.3950,100
36066510710505,10:01:06.510,15.4000,100
36066510710505,10:01:06.510,15.4000,100
36066510710505,10:01:06.510,15.4000,200
36066510710505,10:01:06.510,15.4000,100
36066510710505,10:01:06.510,15.4000,100
36066510710505,10:01:06.510,15.4000,100
36066510710505,10:01:06.510,15.4000,357
36070433049215,10:01:10.433,15.3950,100
36097304977241,10:01:37.304,15.4000,300
36097304977241,10:01:37.304,15.4000,100
36108042620769,10:01:48.042,15.4000,100
36117349196205,10:01:57.349,15.4000,100
36117349196205,10:01:57.349,15.4000,100
36127138306945,10:02:07.138,15.3900,100
36127138306945,10:02:07.138,15.3900,200
36127138337247,10:02:07.138,15.3900,88
36127140735550,10:02:07.140,15.3900,12
36134314116843,10:02:14.314,15.3900,95
36134314116843,10:02:14.314,15.3900,100
36140943397448,10:02:20.943,15.3900,100
36147453499137,10:02:27.453,15.3900,600
36147453499137,10:02:27.453,15.3900,100
36152226085945,10:02:32.226,15.3900,100
36152226085945,10:02:32.226,15.3900,200
36159131683605,10:02:39.131,15.3900,100
36166686798781,10:02:46.686,15.3800,400
36166686798781,10:02:46.686,15.3800,100
36166686798781,10:02:46.686,15.3800,113
36166693200938,10:02:46.693,15.3800,100
36166693200938,10:02:46.693,15.3800,400
36166693200938,10:02:46.693,15.3800,100
36166693200938,10:02:46.693,15.3800,400
36166693200938,10:02:46.693,15.3800,300
36166693200938,10:02:46.693,15.3800,200
36166693200938,10:02:46.693,15.3800,100
36166701576727,10:02:46.701,15.3800,200
36166701576727,10:02:46.701,15.3800,200
36166701576727,10:02:46.701,15.3800,200
36166701576727,10:02:46.701,15.3800,100
36166701576727,10:02:46.701,15.3800,300
36166701576727,10:02:46.701,15.3800,300
36166701576727,10:02:46.701,15.3800,200
36166701576727,10:02:46.701,15.3800,100
36166701576727,10:02:46.701,15.3800,100
36166701576727,10:02:46.701,15.3800,100
36166701576727,10:02:46.701,15.3800,100
36171211719363,10:02:51.211,15.3800,200
36171211719363,10:02:51.211,15.3800,100
36173541699482,10:02:53.541,15.3800,76
36173542792765,10:02:53.542,15.3800,24
36189351885481,10:03:09.351,15.3800,200
36189351885481,10:03:09.351,15.3800,500
36189352617804,10:03:09.352,15.3700,70
36217352905460,10:03:37.352,15.3700,35
36217398017604,10:03:37.398,15.3500,100
36217398017604,10:03:37.398,15.3500,94
36218231015043,10:03:38.231,15.3550,100
36264638008732,10:04:24.638,15.3550,100
36278599012716,10:04:38.599,15.3550,100
36299730241461,10:04:59.730,15.3500,200
36299730241461,10:04:59.730,15.3500,39
36299730241461,10:04:59.730,15.3500,25
36299730241461,10:04:59.730,15.3500,100
36301835859794,10:05:01.835,15.3400,9
36309521207151,10:05:09.521,15.3400,91
36309521207151,10:05:09.521,15.3400,500
36309521207151,10:05:09.521,15.3400,200
36317352926178,10:05:17.352,15.3300,100
36317383625887,10:05:17.383,15.3300,100
36317383625887,10:05:17.383,15.3300,100
36317383625887,10:05:17.383,15.3300,100
36318077380758,10:05:18.077,15.3250,100
36318077380758,10:05:18.077,15.3200,100
36318086428228,10:05:18.086,15.3200,100
36318086428228,10:05:18.086,15.3200,400
36318355366709,10:05:18.355,15.3200,300
36318355366709,10:05:18.355,15.3200,100
36318355366709,10:05:18.355,15.3200,100
36323785214610,10:05:23.785,15.3300,100
36332487749038,10:05:32.487,15.3400,70
36338199570637,10:05:38.199,15.3400,100
36342669528766,10:05:42.669,15.3400,100
36362728395210,10:06:02.728,15.3500,100
36362728395210,10:06:02.728,15.3500,100
36380566642480,10:06:20.566,15.3600,100
36408852275284,10:06:48.852,15.3600,100
36408852275284,10:06:48.852,15.3600,38
36408852275284,10:06:48.852,15.3600,100
36408852275284,10:06:48.852,15.3600,23
36419408172422,10:06:59.408,15.3500,200
36419408172422,10:06:59.408,15.3500,100
36419408172422,10:06:59.408,15.3500,100
36419408246295,10:06:59.408,15.3500,21
36419661832058,10:06:59.661,15.3400,96
36419662173505,10:06:59.662,15.3400,304
36419662173505,10:06:59.662,15.3400,100
36424827548008,10:07:04.827,15.3300,400
36424827548008,10:07:04.827,15.3300,120
36424827548008,10:07:04.827,15.3300,500
36424827689192,10:07:04.827,15.3300,79
36424827832929,10:07:04.827,15.3300,21
36424827832929,10:07:04.827,15.3300,79
36424827889524,10:07:04.827,15.3300,21
36429347888513,10:07:09.347,15.3300,100
36429602877968,10:07:09.602,15.3300,81
36429604432289,10:07:09.604,15.3300,74
36429606221115,10:07:09.606,15.3300,105
36440935573568,10:07:20.935,15.3300,100
36440935573568,10:07:20.935,15.3300,200
36440935573568,10:07:20.935,15.3300,80
36440935619727,10:07:20.935,15.3300,404
36440937159403,10:07:20.937,15.3300,900
36440937159403,10:07:20.937,15.3300,200
36440937159403,10:07:20.937,15.3300,200
36440937159403,10:07:20.937,15.3300,200
36440937159403,10:07:20.937,15.3300,100
36440937159403,10:07:20.937,15.3300,100
36440937159403,10:07:20.937,15.3300,100
36440937159403,10:07:20.937,15.3300,100
36440937159403,10:07:20.937,15.3300,200
36440937159403,10:07:20.937,15.3300,100
36440937677329,10:07:20.937,15.3300,400
36440937677329,10:07:20.937,15.3300,120
36440937677329,10:07:20.937,15.3300,100
36440937677329,10:07:20.937,15.3300,200
36440937677329,10:07:20.937,15.3300,100
36440938624429,10:07:20.938,15.3300,200
36446675970498,10:07:26.675,15.3300,100
36446675970498,10:07:26.675,15.3300,40
36451624554049,10:07:31.624,15.3300,160
36451644019212,10:07:31.644,15.3200,205
36451645272886,10:07:31.645,15.3200,195
36451645272886,10:07:31.645,15.3200,100
36457262560137,10:07:37.262,15.3100,100
36457262560137,10:07:37.262,15.3100,200
36460477797730,10:07:40.477,15.3100,100
36462155279474,10:07:42.155,15.3100,100
36462155279474,10:07:42.155,15.3100,400
36462157768494,10:07:42.157,15.3000,100
36462160876370,10:07:42.160,15.2950,100
36462160876370,10:07:42.160,15.2900,100
36462160876370,10:07:42.160,15.2900,200
36462160876370,10:07:42.160,15.2900,100
36462160876370,10:07:42.160,15.2900,100
36462160876370,10:07:42.160,15.2900,700
36462160876370,10:07:42.160,15.2900,700
36462164053411,10:07:42.164,15.2900,100
36462164053411,10:07:42.164,15.2900,400
36462164053411,10:07:42.164,15.2900,100
36462164053411,10:07:42.164,15.2800,100
36462164053411,10:07:42.164,15.2800,100
36462164053411,10:07:42.164,15.2800,600
36462164053411,10:07:42.164,15.2800,100
36462164053411,10:07:42.164,15.2800,100
36462164053411,10:07:42.164,15.2800,200
36462165381199,10:07:42.165,15.2800,100
36462165381199,10:07:42.165,15.2800,100
36462165381199,10:07:42.165,15.2800,100
36462165381199,10:07:42.165,15.2800,600
36462165381199,10:07:42.165,15.2800,600
36462173615293,10:07:42.173,15.2800,100
36462173615293,10:07:42.173,15.2800,400
36462174612895,10:07:42.174,15.2800,200
36462175576894,10:07:42.175,15.2800,300
36462175576894,10:07:42.175,15.2800,100
36462175576894,10:07:42.175,15.2800,100
36462175576894,10:07:42.175,15.2800,100
36462180428706,10:07:42.180,15.2800,300
36462180428706,10:07:42.180,15.2800,200
36462180428706,10:07:42.180,15.2800,100
36462180428706,10:07:42.180,15.2800,700
36462180428706,10:07:42.180,15.2800,100
36462180428706,10:07:42.180,15.2800,330
36464962105687,10:07:44.962,15.2900,100
36464963378356,10:07:44.963,15.2900,100
36464963378356,10:07:44.963,15.2900,400
36466217379769,10:07:46.217,15.2900,100
36466217379769,10:07:46.217,15.2900,400
36493729594718,10:08:13.729,15.3000,100
36502681588281,10:08:22.681,15.3000,41
36506732761291,10:08:26.732,15.2950,100
36506732761291,10:08:26.732,15.3000,100
36506732761291,10:08:26.732,15.3000,100
36506732761291,10:08:26.732,15.3000,400
36506734072229,10:08:26.734,15.3100,100
36506734072229,10:08:26.734,15.3100,400
36506734072229,10:08:26.734,15.3100,100
36506734072229,10:08:26.734,15.3100,100
36506734072229,10:08:26.734,15.3100,100
36506734072229,10:08:26.734,15.3100,100
36506734072229,10:08:26.734,15.3100,500
36507725454300,10:08:27.725,15.3150,100
36540778872349,10:09:00.778,15.3250,100
36544449379385,10:09:04.449,15.3250,100
36551387934002,10:09:11.387,15.3200,100
36551387934002,10:09:11.387,15.3200,300
36551387962404,10:09:11.387,15.3200,200
36552453230318,10:09:12.453,15.3150,100
36571511078348,10:09:31.511,15.3200,100
36584724314547,10:09:44.724,15.3250,100
36615018360423,10:10:15.018,15.3300,100
36615018360423,10:10:15.018,15.3300,100
36615018360423,10:10:15.018,15.3300,10
36615018360423,10:10:15.018,15.3300,100
36615336761531,10:10:15.336,15.3200,100
36615336761531,10:10:15.336,15.3200,37
36618421454280,10:10:18.421,15.3200,100
36618438950058,10:10:18.438,15.3200,2
36698974130875,10:11:38.974,15.3300,100
36698974130875,10:11:38.974,15.3300,100
36698974130875,10:11:38.974,15.3300,100
36706981221971,10:11:46.981,15.3400,100
36706981221971,10:11:46.981,15.3400,100
36706981248071,10:11:46.981,15.3400,100
36712831815819,10:11:52.831,15.3400,22
36713121366747,10:11:53.121,15.3400,78
36713121366747,10:11:53.121,15.3400,100
36713121366747,10:11:53.121,15.3400,100
36713121366747,10:11:53.121,15.3400,100
36715344306880,10:11:55.344,15.3400,100
36721848343360,10:12:01.848,15.3400,100
36727121422637,10:12:07.121,15.3500,100
36727121422637,10:12:07.121,15.3500,100
36762780348091,10:12:42.780,15.3500,66
36778543805921,10:12:58.543,15.3500,600
36778543805921,10:12:58.543,15.3500,42
36778543805921,10:12:58.543,15.3500,200
36852597467789,10:14:12.597,15.3500,100
36862751376934,10:14:22.751,15.3500,600
36862751376934,10:14:22.751,15.3500,42
36887873435122,10:14:47.873,15.3500,60
36922620403235,10:15:22.620,15.3500,100
36922620403235,10:15:22.620,15.3500,500
36925472756908,10:15:25.472,15.3400,100
36925472756908,10:15:25.472,15.3400,200
36925687426940,10:15:25.687,15.3400,100
36944079254038,10:15:44.079,15.3500,100
36944079254038,10:15:44.079,15.3500,100
36978490476773,10:16:18.490,15.3600,100
36978490476773,10:16:18.490,15.3600,100
36978490476773,10:16:18.490,15.3600,60
36978490476773,10:16:18.490,15.3600,100
36982516163965,10:16:22.516,15.3600,100
36982516163965,10:16:22.516,15.3600,200
36982516190036,10:16:22.516,15.3600,200
36989549060852,10:16:29.549,15.3600,100
36989549060852,10:16:29.549,15.3600,100
36999131250281,10:16:39.131,15.3600,200
36999131250281,10:16:39.131,15.3600,100
37005574163664,10:16:45.574,15.3600,100
37025505446068,10:17:05.505,15.3600,100
37025505446068,10:17:05.505,15.3600,100
37025505446068,10:17:05.505,15.3600,100
37028245203684,10:17:08.245,15.3600,100
37029000775736,10:17:09.000,15.3600,100
37033683157059,10:17:13.683,15.3600,100
37035871940360,10:17:15.871,15.3600,100
37060739964338,10:17:40.739,15.3600,100
37064650142680,10:17:44.650,15.3600,100
37087406524726,10:18:07.406,15.3500,100
37087406524726,10:18:07.406,15.3500,100
37087406524726,10:18:07.406,15.3500,39
37100520500005,10:18:20.520,15.3400,100
37100617966952,10:18:20.617,15.3400,200
37100617966952,10:18:20.617,15.3400,200
37119819932187,10:18:39.819,15.3400,100
37142897431454,10:19:02.897,15.3300,20
37142897431454,10:19:02.897,15.3300,200
37148044877913,10:19:08.044,15.3300,100
37153999619616,10:19:13.999,15.3300,400
37171296832035,10:19:31.296,15.3400,100
37171296832035,10:19:31.296,15.3400,100
37208837317901,10:20:08.837,15.3450,100
37209308389521,10:20:09.308,15.3450,100
37221267562124,10:20:21.267,15.3500,100
37221267562124,10:20:21.267,15.3500,100
37221267562124,10:20:21.267,15.3500,300
37221267562124,10:20:21.267,15.3500,100
37221267562124,10:20:21.267,15.3500,100
37228065850359,10:20:28.065,15.3600,100
37234246075067,10:20:34.246,15.3700,100
37260232726875,10:21:00.232,15.3650,100
37268037947515,10:21:08.037,15.3700,100
37292985114329,10:21:32.985,15.3700,100
37292985114329,10:21:32.985,15.3700,100
37292985278581,10:21:32.985,15.3700,100
37361403943203,10:22:41.403,15.3750,100
37361403943203,10:22:41.403,15.3800,100
37361403943203,10:22:41.403,15.3800,100
37361403943203,10:22:41.403,15.3800,100
37361403943203,10:22:41.403,15.3800,600
37361403943203,10:22:41.403,15.3800,100
37361408921100,10:22:41.408,15.3800,100
37362047961953,10:22:42.047,15.3800,100
37362047961953,10:22:42.047,15.3800,500
37362047961953,10:22:42.047,15.3800,100
37375504885610,10:22:55.504,15.3800,100
37375504885610,10:22:55.504,15.3800,40
37375504885610,10:22:55.504,15.3800,100
37375504885610,10:22:55.504,15.3800,21
37375504914069,10:22:55.504,15.3800,79
37408132985158,10:23:28.132,15.3700,4
37408132985158,10:23:28.132,15.3700,100
37415214000269,10:23:35.214,15.3700,600
37446763443352,10:24:06.763,15.3650,100
37531986259081,10:25:31.986,15.3700,300
37531986259081,10:25:31.986,15.3700,142
37532633992907,10:25:32.633,15.3750,100
37533197073766,10:25:33.197,15.3700,60
37545745690128,10:25:45.745,15.3700,100
37545745690128,10:25:45.745,15.3700,100
37545745730365,10:25:45.745,15.3700,100
37558596907397,10:25:58.596,15.3700,18
37558596907397,10:25:58.596,15.3700,100
37565752734170,10:26:05.752,15.3700,100
37565753809810,10:26:05.753,15.3700,500
37571731185432,10:26:11.731,15.3800,100
37624614628427,10:27:04.614,15.3900,60
37624614628427,10:27:04.614,15.3900,100
37624614628427,10:27:04.614,15.3900,52
37661422957849,10:27:41.422,15.3900,99
37661424076442,10:27:41.424,15.3900,1
37661424076442,10:27:41.424,15.3900,49
37661424125678,10:27:41.424,15.3900,51
37666617150508,10:27:46.617,15.3900,100
37679770351864,10:27:59.770,15.3800,100
37679770351864,10:27:59.770,15.3800,100
37679770351864,10:27:59.770,15.3800,31
37679770595981,10:27:59.770,15.3800,11
37679816733565,10:27:59.816,15.3750,96
37679820646968,10:27:59.820,15.3750,4
37684248229319,10:28:04.248,15.3800,100
37714345969909,10:28:34.345,15.3800,100
37714841640219,10:28:34.841,15.3800,100
37714841640219,10:28:34.841,15.3800,100
37720319097945,10:28:40.319,15.3800,100
37738501136614,10:28:58.501,15.3800,100
37756082795258,10:29:16.082,15.3950,100
37799597267471,10:29:59.597,15.4000,100
37854534286678,10:30:54.534,15.4000,100
37854534286678,10:30:54.534,15.4000,39
37854534286678,10:30:54.534,15.4000,61
37854534628725,10:30:54.534,15.4000,139
37854553196508,10:30:54.553,15.3900,100
37854553196508,10:30:54.553,15.3900,100
37854553196508,10:30:54.553,15.3900,100
37856829857377,10:30:56.829,15.3900,100
37897539378510,10:31:37.539,15.4000,200
37945295949416,10:32:25.295,15.4000,100
37945295949416,10:32:25.295,15.4000,166
37945295973405,10:32:25.295,15.4000,334
37969262477233,10:32:49.262,15.4000,100
37970547462151,10:32:50.547,15.4000,200
37970547462151,10:32:50.547,15.4000,200
37970547462151,10:32:50.547,15.4000,100
37970547462151,10:32:50.547,15.4000,100
37970547462151,10:32:50.547,15.4000,100
37970547946104,10:32:50.547,15.4000,100
37998708773106,10:33:18.708,15.4000,100
37998708773106,10:33:18.708,15.4000,39
37998708773106,10:33:18.708,15.4000,161
37998709615085,10:33:18.709,15.4000,39
37998714656356,10:33:18.714,15.4000,300
38013991818399,10:33:33.991,15.4000,100
38013991818399,10:33:33.991,15.4000,100
38013991818399,10:33:33.991,15.4000,100
38019408256866,10:33:39.408,15.4000,100
38075347894078,10:34:35.347,15.4050,13
38086837282383,10:34:46.837,15.4100,200
38086837282383,10:34:46.837,15.4100,100
38086837282383,10:34:46.837,15.4100,100
38086837282383,10:34:46.837,15.4100,100
38086837282383,10:34:46.837,15.4100,100
38086837780760,10:34:46.837,15.4100,100
38092884812521,10:34:52.884,15.4200,60
38092884812521,10:34:52.884,15.4200,100
38092885728178,10:34:52.885,15.4200,100
38121120137720,10:35:21.120,15.4200,234
38121120161670,10:35:21.120,15.4200,103
38129954326612,10:35:29.954,15.4300,100
38129954326612,10:35:29.954,15.4300,300
38222210705246,10:37:02.210,15.4400,100
38222210705246,10:37:02.210,15.4400,200
38222210705246,10:37:02.210,15.4400,500
38222211254112,10:37:02.211,15.4400,33
38222211254112,10:37:02.211,15.4400,32
38222211257236,10:37:02.211,15.4400,55
38222211285986,10:37:02.211,15.4400,13
38222211285986,10:37:02.211,15.4400,87
38226858848534,10:37:06.858,15.4400,500
38227410036084,10:37:07.410,15.4450,100
38227910035581,10:37:07.910,15.4450,100
38228410037611,10:37:08.410,15.4450,100
38228910042794,10:37:08.910,15.4450,100
38229410035603,10:37:09.410,15.4450,100
38230962047893,10:37:10.962,15.4450,100
38231838030587,10:37:11.838,15.4450,100
38234784068704,10:37:14.784,15.4450,100
38235473034805,10:37:15.473,15.4450,100
38235973034962,10:37:15.973,15.4450,100
38256529298174,10:37:36.529,15.4400,100
38256529298174,10:37:36.529,15.4400,200
38256529353193,10:37:36.529,15.4400,400
38256529353193,10:37:36.529,15.4400,100
38256529353193,10:37:36.529,15.4400,100
38256529353193,10:37:36.529,15.4400,200
38273916667810,10:37:53.916,15.4300,500
38273916667810,10:37:53.916,15.4300,250
38273916676114,10:37:53.916,15.4300,350
38273916676114,10:37:53.916,15.4300,600
38273916718285,10:37:53.916,15.4300,200
38273916718285,10:37:53.916,15.4300,600
38273916719161,10:37:53.916,15.4300,100
38273917106785,10:37:53.917,15.4300,60
38273917106785,10:37:53.917,15.4300,100
38273928732996,10:37:53.928,15.4200,100
38273928732996,10:37:53.928,15.4200,100
38294571510647,10:38:14.571,15.4200,100
38294571510647,10:38:14.571,15.4200,100
38294571510647,10:38:14.571,15.4200,200
38294571511647,10:38:14.571,15.4200,100
38432340453512,10:40:32.340,15.4300,100
38432340453512,10:40:32.340,15.4300,600
38432340453512,10:40:32.340,15.4300,100
38432340522264,10:40:32.340,15.4400,300
38432340522264,10:40:32.340,15.4400,300
38432340522264,10:40:32.340,15.4400,100
38432340522264,10:40:32.340,15.4400,470
38432340542115,10:40:32.340,15.4400,30
38432340542115,10:40:32.340,15.4400,100
38432340542115,10:40:32.340,15.4400,100
38432340542115,10:40:32.340,15.4400,579
38432340542115,10:40:32.340,15.4400,100
38432340542115,10:40:32.340,15.4400,171
38432340872530,10:40:32.340,15.4400,100
38435479236002,10:40:35.479,15.4400,60
38464214856198,10:41:04.214,15.4400,400
38464214879918,10:41:04.214,15.4400,73
38464215332706,10:41:04.215,15.4400,27
38464215332706,10:41:04.215,15.4400,100
38464215332706,10:41:04.215,15.4400,100
38520207879687,10:42:00.207,15.4300,200
38520207903985,10:42:00.207,15.4300,60
38520207935792,10:42:00.207,15.4300,540
38520207935792,10:42:00.207,15.4300,1000
38520207935792,10:42:00.207,15.4300,34
38520207935792,10:42:00.207,15.4300,100
38520207935792,10:42:00.207,15.4300,100
38520207935792,10:42:00.207,15.4300,60
38520207939632,10:42:00.207,15.4300,40
38520216542529,10:42:00.216,15.4200,400
38520216689759,10:42:00.216,15.4200,600
38520216726845,10:42:00.216,15.4200,1
38520217132488,10:42:00.217,15.4200,600
38520219143403,10:42:00.219,15.4200,100
38530089047354,10:42:10.089,15.4200,100
38530089047354,10:42:10.089,15.4200,400
38530089047354,10:42:10.089,15.4200,100
38564881551468,10:42:44.881,15.4300,100
38619052536445,10:43:39.052,15.4500,400
38619388932547,10:43:39.388,15.4600,60
38695825598451,10:44:55.825,15.4700,100
38696755496701,10:44:56.755,15.4700,100
38696755496701,10:44:56.755,15.4700,7
38696755496701,10:44:56.755,15.4700,293
38696756196658,10:44:56.756,15.4700,7
38729040047279,10:45:29.040,15.4700,1
38729090409938,10:45:29.090,15.4700,99
38729090409938,10:45:29.090,15.4700,100
38729090409938,10:45:29.090,15.4700,28
38729090409938,10:45:29.090,15.4700,100
38730184422471,10:45:30.184,15.4650,100
38757956395920,10:45:57.956,15.4600,100
38757956395920,10:45:57.956,15.4600,200
38892299142651,10:48:12.299,15.4500,100
38892299142651,10:48:12.299,15.4500,100
38892299142651,10:48:12.299,15.4500,100
38892299142651,10:48:12.299,15.4500,100
38892299142651,10:48:12.299,15.4500,27
38899694817007,10:48:19.694,15.4450,95
38916670271050,10:48:36.670,15.4500,100
38916670271050,10:48:36.670,15.4500,100
38916670271050,10:48:36.670,15.4500,317
38941060063657,10:49:01.060,15.4600,100
38941060739273,10:49:01.060,15.4600,60
38941060863089,10:49:01.060,15.4600,40
38941060863089,10:49:01.060,15.4600,60
38943826233110,10:49:03.826,15.4600,100
38943826233110,10:49:03.826,15.4600,600
38948702902273,10:49:08.702,15.4600,100
38970029581382,10:49:30.029,15.4600,100
38970029581382,10:49:30.029,15.4600,100
38983626302953,10:49:43.626,15.4600,100
38994436440552,10:49:54.436,15.4600,100
38994436483588,10:49:54.436,15.4600,100
39048020596695,10:50:48.020,15.4500,100
39048020596695,10:50:48.020,15.4500,26
39048020596695,10:50:48.020,15.4500,100
39054782362199,10:50:54.782,15.4500,100
39054782362199,10:50:54.782,15.4500,500
39100188183910,10:51:40.188,15.4600,100
39100188183910,10:51:40.188,15.4600,200
39129032404663,10:52:09.032,15.4600,100
39129032404663,10:52:09.032,15.4600,100
39129032404663,10:52:09.032,15.4600,100
39129032404663,10:52:09.032,15.4600,25
39129032404663,10:52:09.032,15.4600,200
39164995517852,10:52:44.995,15.4600,100
39164995517852,10:52:44.995,15.4600,100
39164995517852,10:52:44.995,15.4600,100
39168244968902,10:52:48.244,15.4600,300
39179908177569,10:52:59.908,15.4600,100
39191222950280,10:53:11.222,15.4500,100
39245078486181,10:54:05.078,15.4500,100
39245078486181,10:54:05.078,15.4500,100
39250143388517,10:54:10.143,15.4500,25
39250143388517,10:54:10.143,15.4500,68
39250146686808,10:54:10.146,15.4500,12
39251837312471,10:54:11.837,15.4500,20
39251837312471,10:54:11.837,15.4500,100
39261579752300,10:54:21.579,15.4500,100
39317148571483,10:55:17.148,15.4600,100
39317907408958,10:55:17.907,15.4600,100
39335060999783,10:55:35.060,15.4650,100
39335061854218,10:55:35.061,15.4650,100
39337193474065,10:55:37.193,15.4700,60
39338038752345,10:55:38.038,15.4700,100
39433706576359,10:57:13.706,15.4700,600
39433706576359,10:57:13.706,15.4700,200
39433706576359,10:57:13.706,15.4700,29
39433706576359,10:57:13.706,15.4700,200
39433706576359,10:57:13.706,15.4700,100
39449200003363,10:57:29.200,15.4650,100
39466619243663,10:57:46.619,15.4600,100
39466619243663,10:57:46.619,15.4600,500
39466619243663,10:57:46.619,15.4600,285
39466619269781,10:57:46.619,15.4600,215
39466619269781,10:57:46.619,15.4600,500
39466650495902,10:57:46.650,15.4500,100
39466650495902,10:57:46.650,15.4500,100
39466650495902,10:57:46.650,15.4500,100
39478194067474,10:57:58.194,15.4400,200
39478194067474,10:57:58.194,15.4400,100
39489123457184,10:58:09.123,15.4400,200
39489123704608,10:58:09.123,15.4400,200
39513000015033,10:58:33.000,15.4400,100
39513000015033,10:58:33.000,15.4400,200
39513000015033,10:58:33.000,15.4400,300
39513000015033,10:58:33.000,15.4400,34
39603870134391,11:00:03.870,15.4400,100
39603870134391,11:00:03.870,15.4400,100
39603870134391,11:00:03.870,15.4400,200
39662872368818,11:01:02.872,15.4500,100
39662872509734,11:01:02.872,15.4500,155
39662872665471,11:01:02.872,15.4500,345
39662872665471,11:01:02.872,15.4500,200
39663459050499,11:01:03.459,15.4600,100
39663489977760,11:01:03.489,15.4700,29
39663501782393,11:01:03.501,15.4700,71
39663501782393,11:01:03.501,15.4700,70
39663507311794,11:01:03.507,15.4700,300
39663507311794,11:01:03.507,15.4700,100
39663859046275,11:01:03.859,15.4700,4
39663859046275,11:01:03.859,15.4700,3
39663859046275,11:01:03.859,15.4700,4
39663859046275,11:01:03.859,15.4700,3
39663859046275,11:01:03.859,15.4700,56
39663933898723,11:01:03.933,15.4800,100
39663933929650,11:01:03.933,15.4800,100
39665270855963,11:01:05.270,15.4800,100
39665271300107,11:01:05.271,15.4800,100
39665273030423,11:01:05.273,15.4800,100
39665273372065,11:01:05.273,15.4800,146
39665275175304,11:01:05.275,15.4800,54
39666848279281,11:01:06.848,15.4700,100
39666848279281,11:01:06.848,15.4700,100
39666848279281,11:01:06.848,15.4700,1000
39666848615034,11:01:06.848,15.4700,400
39666849189655,11:01:06.849,15.4700,200
39666865196632,11:01:06.865,15.4700,400
39666865196632,11:01:06.865,15.4700,400
39666865196632,11:01:06.865,15.4700,400
39666865196632,11:01:06.865,15.4700,100
39666865196632,11:01:06.865,15.4700,200
39667328695165,11:01:07.328,15.4700,200
39667328695165,11:01:07.328,15.4700,100
39671056126253,11:01:11.056,15.4700,648
39671402049724,11:01:11.402,15.4700,200
39671403418210,11:01:11.403,15.4700,1100
39671403418210,11:01:11.403,15.4700,600
39671403418210,11:01:11.403,15.4700,100
39674624666154,11:01:14.624,15.4750,100
39691920046674,11:01:31.920,15.4800,400
39695229024326,11:01:35.229,15.4800,200
39695229169790,11:01:35.229,15.4800,100
39695229169790,11:01:35.229,15.4800,200
39695229169790,11:01:35.229,15.4800,600
39723343819513,11:02:03.343,15.4800,100
39723351041237,11:02:03.351,15.4800,600
39727434122146,11:02:07.434,15.4850,58
39750214153156,11:02:30.214,15.4900,400
39754744315536,11:02:34.744,15.4900,35
39770084578251,11:02:50.084,15.4900,70
39770084578251,11:02:50.084,15.4900,30
39776723406258,11:02:56.723,15.4900,170
39776723406258,11:02:56.723,15.4900,100
39786568268598,11:03:06.568,15.4900,1
39786568268598,11:03:06.568,15.4900,100
39786568268598,11:03:06.568,15.4900,100
39786568268598,11:03:06.568,15.4900,100
39887386427073,11:04:47.386,15.4900,100
39922262661980,11:05:22.262,15.4800,100
39922262871068,11:05:22.262,15.4800,33
39922262871068,11:05:22.262,15.4800,400
39991621679204,11:06:31.621,15.4800,100
39991621679204,11:06:31.621,15.4800,100
39992959939839,11:06:32.959,15.4800,100
40082108598791,11:08:02.108,15.4800,100
40082108598791,11:08:02.108,15.4800,100
40090395652453,11:08:10.395,15.4700,600
40090395652453,11:08:10.395,15.4700,33
40092237199654,11:08:12.237,15.4700,100
40092237199654,11:08:12.237,15.4700,4
40130024205877,11:08:50.024,15.4700,396
40130024205877,11:08:50.024,15.4700,100
40130024205877,11:08:50.024,15.4700,100
40147271438882,11:09:07.271,15.4700,100
40147271540299,11:09:07.271,15.4700,100
40148362020569,11:09:08.362,15.4650,100
40148900719240,11:09:08.900,15.4700,200
40157781496512,11:09:17.781,15.4700,100
40225673211251,11:10:25.673,15.4800,70
40225673211251,11:10:25.673,15.4800,200
40225673211251,11:10:25.673,15.4800,30
40225673537373,11:10:25.673,15.4800,70
40225679999626,11:10:25.679,15.4800,76
40239039778465,11:10:39.039,15.4800,100
40239039778465,11:10:39.039,15.4800,91
40239039778465,11:10:39.039,15.4800,100
40239039778465,11:10:39.039,15.4800,34
40239043051974,11:10:39.043,15.4750,55
40252128561708,11:10:52.128,15.4700,100
40280545565979,11:11:20.545,15.4600,100
40280546081729,11:11:20.546,15.4600,100
40280546081729,11:11:20.546,15.4600,100
40301933864661,11:11:41.933,15.4500,100
40327270109375,11:12:07.270,15.4600,200
40327270526910,11:12:07.270,15.4600,100
40381467444333,11:13:01.467,15.4600,500
40381467444333,11:13:01.467,15.4600,1
40381467444333,11:13:01.467,15.4600,34
40408797079656,11:13:28.797,15.4600,100
40425037413952,11:13:45.037,15.4600,100
40425037413952,11:13:45.037,15.4600,100
40434366043707,11:13:54.366,15.4600,100
40435023402773,11:13:55.023,15.4600,100
40452826743371,11:14:12.826,15.4600,100
40452826743371,11:14:12.826,15.4600,100
40452826743371,11:14:12.826,15.4600,100
40483373804254,11:14:43.373,15.4650,76
40486675972626,11:14:46.675,15.4650,100
40500771004530,11:15:00.771,15.4650,100
40500771005812,11:15:00.771,15.4650,100
40500771006329,11:15:00.771,15.4650,100
40521264999594,11:15:21.264,15.4650,100
40527531336947,11:15:27.531,15.4700,500
40527531336947,11:15:27.531,15.4700,100
40527531336947,11:15:27.531,15.4700,200
40527531336947,11:15:27.531,15.4700,100
40527531336947,11:15:27.531,15.4700,70
40527531930094,11:15:27.531,15.4700,100
40533175657256,11:15:33.175,15.4600,100
40545020331538,11:15:45.020,15.4600,100
40545020331538,11:15:45.020,15.4600,200
40570959016954,11:16:10.959,15.4700,100
40591622213907,11:16:31.622,15.4700,100
40608789884351,11:16:48.789,15.4700,300
40608790413405,11:16:48.790,15.4700,100
40647518846885,11:17:27.518,15.4700,399
40647518846885,11:17:27.518,15.4700,501
40647519014915,11:17:27.519,15.4700,99
40647519014915,11:17:27.519,15.4700,500
40647519014915,11:17:27.519,15.4700,33
40665619958558,11:17:45.619,15.4700,100
40691681164448,11:18:11.681,15.4800,100
40723425387774,11:18:43.425,15.4800,100
40723425387774,11:18:43.425,15.4800,100
40723425387774,11:18:43.425,15.4800,100
40723425387774,11:18:43.425,15.4800,76
40723426644169,11:18:43.426,15.4800,24
40748316264735,11:19:08.316,15.4800,70
40751272324985,11:19:11.272,15.4800,30
40751272324985,11:19:11.272,15.4800,600
40751272324985,11:19:11.272,15.4800,1
40751272324985,11:19:11.272,15.4800,28
40751272324985,11:19:11.272,15.4800,41
40751315237716,11:19:11.315,15.4800,59
40751315237716,11:19:11.315,15.4800,100
40751315237716,11:19:11.315,15.4800,100
40762841217296,11:19:22.841,15.4800,100
40787098316791,11:19:47.098,15.4700,500
40810953915023,11:20:10.953,15.4700,28
40817423497917,11:20:17.423,15.4700,100
40817423903189,11:20:17.423,15.4700,600
40873222551032,11:21:13.222,15.4700,1
40879508676403,11:21:19.508,15.4700,99
40879508676403,11:21:19.508,15.4700,100
40907564987260,11:21:47.564,15.4600,100
40907564987260,11:21:47.564,15.4600,600
40907564987260,11:21:47.564,15.4600,100
40907564987260,11:21:47.564,15.4600,100
40907564987260,11:21:47.564,15.4600,1
40907564987260,11:21:47.564,15.4600,100
40913200153720,11:21:53.200,15.4600,400
40917685028609,11:21:57.685,15.4550,100
40918187023550,11:21:58.187,15.4550,100
40918187025020,11:21:58.187,15.4550,100
40934709108798,11:22:14.709,15.4500,50
40934709108798,11:22:14.709,15.4500,150
40934709223812,11:22:14.709,15.4500,250
40934709223812,11:22:14.709,15.4500,29
40941172223563,11:22:21.172,15.4400,100
40941172223563,11:22:21.172,15.4400,70
40941174102236,11:22:21.174,15.4400,400
40941175632347,11:22:21.175,15.4400,100
40941175845516,11:22:21.175,15.4400,30
40955618414261,11:22:35.618,15.4400,100
40972051132005,11:22:52.051,15.4400,100
40994320553617,11:23:14.320,15.4300,100
40994320553617,11:23:14.320,15.4300,100
41026282608057,11:23:46.282,15.4300,100
41026282608057,11:23:46.282,15.4300,300
41026282608057,11:23:46.282,15.4300,100
41026282608057,11:23:46.282,15.4300,100
41026282729655,11:23:46.282,15.4300,100
41026282729655,11:23:46.282,15.4300,100
41026282957554,11:23:46.282,15.4300,70
41026808914325,11:23:46.808,15.4300,100
41030285989447,11:23:50.285,15.4300,100
41117273489080,11:25:17.273,15.4300,32
41117273489080,11:25:17.273,15.4300,200
41142174415798,11:25:42.174,15.4200,100
41142174415798,11:25:42.174,15.4200,100
41142179226626,11:25:42.179,15.4150,100
41142179226626,11:25:42.179,15.4150,100
41142179226626,11:25:42.179,15.4150,150
41142179226626,11:25:42.179,15.4200,300
41142179226626,11:25:42.179,15.4200,100
41142179226626,11:25:42.179,15.4200,250
41147694274276,11:25:47.694,15.4200,100
41181186075494,11:26:21.186,15.4200,500
41181186075494,11:26:21.186,15.4200,100
41181186075494,11:26:21.186,15.4200,100
41189967040018,11:26:29.967,15.4250,100
41233444483239,11:27:13.444,15.4300,100
41256042437519,11:27:36.042,15.4300,48
41262252935619,11:27:42.252,15.4300,252
41262252935619,11:27:42.252,15.4300,100
41266833715000,11:27:46.833,15.4250,100
41284384733074,11:28:04.384,15.4300,100
41284384733074,11:28:04.384,15.4300,100
41284386809620,11:28:04.386,15.4300,100
41288577175478,11:28:08.577,15.4300,400
41297292036073,11:28:17.292,15.4200,200
41297532348358,11:28:17.532,15.4200,200
41297532348358,11:28:17.532,15.4200,32
41388225585508,11:29:48.225,15.4200,500
41388225585508,11:29:48.225,15.4200,500
41388225585508,11:29:48.225,15.4200,1
41388225585508,11:29:48.225,15.4200,100
41420981907480,11:30:20.981,15.4100,33
41420981907480,11:30:20.981,15.4100,100
41428510506051,11:30:28.510,15.4000,2
41447363389676,11:30:47.363,15.4000,100
41498032459971,11:31:38.032,15.4100,100
41499982304676,11:31:39.982,15.4100,100
41504904394548,11:31:44.904,15.4200,100
41504904394548,11:31:44.904,15.4200,70
41509343662668,11:31:49.343,15.4200,1400
41509343875665,11:31:49.343,15.4200,67
41509343875665,11:31:49.343,15.4200,3
41509343911530,11:31:49.343,15.4200,97
41510363038719,11:31:50.363,15.4200,200
41510363038719,11:31:50.363,15.4200,600
41510363038719,11:31:50.363,15.4200,100
41538575358387,11:32:18.575,15.4200,100
41538575358387,11:32:18.575,15.4200,100
41538575358387,11:32:18.575,15.4200,100
41538575358387,11:32:18.575,15.4200,29
41540705609582,11:32:20.705,15.4100,1
41553691289585,11:32:33.691,15.4100,100
41553691289585,11:32:33.691,15.4100,100
41553691289585,11:32:33.691,15.4100,200
41563694558932,11:32:43.694,15.4100,200
41563694558932,11:32:43.694,15.4100,400
41578781242497,11:32:58.781,15.4100,100
41578781242497,11:32:58.781,15.4100,100
41588455171451,11:33:08.455,15.4200,500
41588455171451,11:33:08.455,15.4200,100
41605234982839,11:33:25.234,15.4200,100
41605234982839,11:33:25.234,15.4200,100
41605234982839,11:33:25.234,15.4200,142
41605267359070,11:33:25.267,15.4200,100
41605267359070,11:33:25.267,15.4200,100
41607939563243,11:33:27.939,15.4200,300
41657589782480,11:34:17.589,15.4300,600
41663243419768,11:34:23.243,15.4400,100
41663244175799,11:34:23.244,15.4400,70
41663531756616,11:34:23.531,15.4400,30
41663531756616,11:34:23.531,15.4400,70
41704204031118,11:35:04.204,15.4450,100
41704204032619,11:35:04.204,15.4450,100
41732828163462,11:35:32.828,15.4400,1
41732828163462,11:35:32.828,15.4400,500
41732828163462,11:35:32.828,15.4400,29
41732828163462,11:35:32.828,15.4400,100
41732833057799,11:35:32.833,15.4400,400
41732833057799,11:35:32.833,15.4400,400
41732833057799,11:35:32.833,15.4400,400
41732833057799,11:35:32.833,15.4400,100
41732833057799,11:35:32.833,15.4400,72
41732833057799,11:35:32.833,15.4400,100
41732833057799,11:35:32.833,15.4400,100
41732833057799,11:35:32.833,15.4400,100
41732833057799,11:35:32.833,15.4400,400
41732833057799,11:35:32.833,15.4400,100
41732833057799,11:35:32.833,15.4400,428
41746787656377,11:35:46.787,15.4400,100
41746787656377,11:35:46.787,15.4400,100
41746787688152,11:35:46.787,15.4400,100
41766401235972,11:36:06.401,15.4400,100
41766401235972,11:36:06.401,15.4400,28
41784494432134,11:36:24.494,15.4300,100
41806097210555,11:36:46.097,15.4300,500
41806097210555,11:36:46.097,15.4300,100
41806097210555,11:36:46.097,15.4300,100
41861345996208,11:37:41.345,15.4200,100
41861345996208,11:37:41.345,15.4200,19
41861345996208,11:37:41.345,15.4200,100
41947042226322,11:39:07.042,15.4100,100
41947207759657,11:39:07.207,15.4100,34
41947207759657,11:39:07.207,15.4100,1
41947207759657,11:39:07.207,15.4100,600
41947207759657,11:39:07.207,15.4100,100
41988513548853,11:39:48.513,15.4100,100
42002595220981,11:40:02.595,15.4100,100
42002595220981,11:40:02.595,15.4100,100
42002595220981,11:40:02.595,15.4100,100
42002595252523,11:40:02.595,15.4100,100
42027735847972,11:40:27.735,15.4200,100
42027735847972,11:40:27.735,15.4200,100
42028169661915,11:40:28.169,15.4200,300
42034674980282,11:40:34.674,15.4200,34
42034674980282,11:40:34.674,15.4200,57
42079742132826,11:41:19.742,15.4100,600
42086240208445,11:41:26.240,15.4100,100
42086240208445,11:41:26.240,15.4100,100
42086240208445,11:41:26.240,15.4100,100
42115245684561,11:41:55.245,15.4100,100
42115732344424,11:41:55.732,15.4100,100
42115732344424,11:41:55.732,15.4100,300
42128733779005,11:42:08.733,15.4200,91
42128733779005,11:42:08.733,15.4200,9
42140167100224,11:42:20.167,15.4200,200
42140167100224,11:42:20.167,15.4200,100
42140167100224,11:42:20.167,15.4200,300
42140167707180,11:42:20.167,15.4200,12
42140169061054,11:42:20.169,15.4200,100
42140169061054,11:42:20.169,15.4200,71
42140169061054,11:42:20.169,15.4200,100
42140169061054,11:42:20.169,15.4200,100
42140169061054,11:42:20.169,15.4200,100
42140169061054,11:42:20.169,15.4200,287
42140169461801,11:42:20.169,15.4200,313
42140170467591,11:42:20.170,15.4200,600
42140171410781,11:42:20.171,15.4200,100
42233809727894,11:43:53.809,15.4150,100
42302533013191,11:45:02.533,15.4150,100
42302533014722,11:45:02.533,15.4150,100
42302533015295,11:45:02.533,15.4150,100
42302533015817,11:45:02.533,15.4150,100
42303100003685,11:45:03.100,15.4150,100
42303534004714,11:45:03.534,15.4150,100
42323261005237,11:45:23.261,15.4150,100
42325025244746,11:45:25.025,15.4200,300
42325076864821,11:45:25.076,15.4200,100
42325581007917,11:45:25.581,15.4150,100
42331108120584,11:45:31.108,15.4200,100
42331108120584,11:45:31.108,15.4200,100
42331108148564,11:45:31.108,15.4200,100
42331108200034,11:45:31.108,15.4200,100
42331108210558,11:45:31.108,15.4200,100
42331108294352,11:45:31.108,15.4200,100
42331108294352,11:45:31.108,15.4200,100
42331108294352,11:45:31.108,15.4200,100
42331108999434,11:45:31.108,15.4200,100
42331108999434,11:45:31.108,15.4200,100
42331108999434,11:45:31.108,15.4200,600
42331109176294,11:45:31.109,15.4200,500
42331109223238,11:45:31.109,15.4200,100
42331109226427,11:45:31.109,15.4200,100
42331933885325,11:45:31.933,15.4200,70
42357390004010,11:45:57.390,15.4200,400
42444776004475,11:47:24.776,15.4250,100
42490168278910,11:48:10.168,15.4300,100
42495953009221,11:48:15.953,15.4250,100
42496453013330,11:48:16.453,15.4250,100
42497616005220,11:48:17.616,15.4250,100
42503411011403,11:48:23.411,15.4250,100
42607726979708,11:50:07.726,15.4200,100
42607726979708,11:50:07.726,15.4200,100
42607727045467,11:50:07.727,15.4200,100
42607727045467,11:50:07.727,15.4200,1
42607727045467,11:50:07.727,15.4200,66
42607727063787,11:50:07.727,15.4200,34
42607727063787,11:50:07.727,15.4200,100
42607727063787,11:50:07.727,15.4200,100
42607727063787,11:50:07.727,15.4200,100
42607727063787,11:50:07.727,15.4200,200
42607727063787,11:50:07.727,15.4200,100
42607727063787,11:50:07.727,15.4200,40
42645736392248,11:50:45.736,15.4100,100
42645736392248,11:50:45.736,15.4100,100
42645736392248,11:50:45.736,15.4100,1
42645736392248,11:50:45.736,15.4100,99
42675813852222,11:51:15.813,15.4100,301
42675813852222,11:51:15.813,15.4100,100
42675813852222,11:51:15.813,15.4100,99
42675814231882,11:51:15.814,15.4100,1
42675814231882,11:51:15.814,15.4100,69
42675830640464,11:51:15.830,15.4100,31
42675830640464,11:51:15.830,15.4100,100
42675830640464,11:51:15.830,15.4100,100
42675831492768,11:51:15.831,15.4100,100
42675831492768,11:51:15.831,15.4100,100
42675831492768,11:51:15.831,15.4100,469
42677144971457,11:51:17.144,15.4100,100
42689213927534,11:51:29.213,15.4100,100
42741795706842,11:52:21.795,15.4000,100
42741795706842,11:52:21.795,15.4000,100
42741795706842,11:52:21.795,15.4000,100
42741795706842,11:52:21.795,15.4000,41
42742290881345,11:52:22.290,15.4000,70
42742291446426,11:52:22.291,15.4000,30
42788675208031,11:53:08.675,15.4000,100
42788675208031,11:53:08.675,15.4000,700
42788675208031,11:53:08.675,15.4000,20
42788675208031,11:53:08.675,15.4000,480
42788675211571,11:53:08.675,15.4000,1220
42788675211571,11:53:08.675,15.4000,80
42788675222499,11:53:08.675,15.4000,120
42788675222499,11:53:08.675,15.4000,5
42788926049938,11:53:08.926,15.4050,100
42788926049938,11:53:08.926,15.4050,100
42820132845317,11:53:40.132,15.4150,100
42900521836818,11:55:00.521,15.4150,100
42900566562462,11:55:00.566,15.4150,100
42910710983792,11:55:10.710,15.4200,100
42910710983792,11:55:10.710,15.4200,100
42910710983792,11:55:10.710,15.4200,100
42910710983792,11:55:10.710,15.4200,100
42910710983792,11:55:10.710,15.4200,300
42910710983792,11:55:10.710,15.4200,70
42910710983792,11:55:10.710,15.4200,100
42910710983792,11:55:10.710,15.4200,30
42916945487722,11:55:16.945,15.4200,70
42916945487722,11:55:16.945,15.4200,30
42987025003238,11:56:27.025,15.4150,600
42988328005594,11:56:28.328,15.4150,100
42998348005597,11:56:38.348,15.4150,100
43029145009462,11:57:09.145,15.4150,100
43072941761449,11:57:52.941,15.4200,95
43072941761449,11:57:52.941,15.4200,5
43077901400545,11:57:57.901,15.4150,46
43099206590288,11:58:19.206,15.4200,95
43099206590288,11:58:19.206,15.4200,100
43099206590288,11:58:19.206,15.4200,100
43099206590288,11:58:19.206,15.4200,70
43099206590288,11:58:19.206,15.4200,100
43099206590288,11:58:19.206,15.4200,38
43099207187824,11:58:19.207,15.4200,100
43099207187824,11:58:19.207,15.4200,100
43099207187824,11:58:19.207,15.4200,58
43099207557410,11:58:19.207,15.4200,1
43099208830916,11:58:19.208,15.4200,100
43099208928570,11:58:19.208,15.4200,541
43173686371059,11:59:33.686,15.4300,400
43173686371059,11:59:33.686,15.4300,100
43173686371059,11:59:33.686,15.4300,100
43173686371059,11:59:33.686,15.4300,100
43173686371059,11:59:33.686,15.4300,100
43197716224957,11:59:57.716,15.4400,100
43217497290744,12:00:17.497,15.4400,100
43217497290744,12:00:17.497,15.4400,100
43217498062090,12:00:17.498,15.4400,600
43296534261221,12:01:36.534,15.4400,700
43296534261221,12:01:36.534,15.4400,100
43296534261221,12:01:36.534,15.4400,600
43296534261221,12:01:36.534,15.4400,100
43296534261221,12:01:36.534,15.4400,100
43296534261221,12:01:36.534,15.4400,42
43296534261221,12:01:36.534,15.4400,100
43296534261221,12:01:36.534,15.4400,1
43296617770463,12:01:36.617,15.4300,1
43340222885355,12:02:20.222,15.4300,1400
43340222911745,12:02:20.222,15.4300,59
43340222911745,12:02:20.222,15.4300,300
43349053276864,12:02:29.053,15.4350,100
43349053276864,12:02:29.053,15.4400,100
43356671044288,12:02:36.671,15.4400,3
43358871311640,12:02:38.871,15.4400,97
43358871311640,12:02:38.871,15.4400,103
43358871881171,12:02:38.871,15.4400,17
43358871906721,12:02:38.871,15.4400,80
43419949155763,12:03:39.949,15.4400,700
43419949155763,12:03:39.949,15.4400,130
43419949188213,12:03:39.949,15.4400,270
43419949188213,12:03:39.949,15.4400,100
43419949188213,12:03:39.949,15.4400,43
43419949188213,12:03:39.949,15.4400,100
43458664668564,12:04:18.664,15.4400,100
43477032597462,12:04:37.032,15.4450,37
43524814552388,12:05:24.814,15.4450,63
43534537816961,12:05:34.537,15.4400,100
43550024730185,12:05:50.024,15.4400,100
43550024730185,12:05:50.024,15.4400,500
43550024730185,12:05:50.024,15.4400,43
43550024730185,12:05:50.024,15.4400,757
43550024761320,12:05:50.024,15.4400,91
43550024777041,12:05:50.024,15.4400,452
43550024777041,12:05:50.024,15.4400,100
43554699592147,12:05:54.699,15.4300,200
43554699592147,12:05:54.699,15.4300,400
43554699656164,12:05:54.699,15.4300,600
43554699656164,12:05:54.699,15.4300,1
43554887959549,12:05:54.887,15.4250,100
43558132006008,12:05:58.132,15.4250,100
43606708404405,12:06:46.708,15.4300,200
43606708404405,12:06:46.708,15.4300,100
43606708404405,12:06:46.708,15.4300,100
43657629830765,12:07:37.629,15.4300,70
43657772930052,12:07:37.772,15.4300,700
43657772930052,12:07:37.772,15.4300,100
43657772930052,12:07:37.772,15.4300,100
43657772930052,12:07:37.772,15.4300,100
43676773628700,12:07:56.773,15.4300,100
43676773628700,12:07:56.773,15.4300,300
43676775295615,12:07:56.775,15.4400,100
43676775295615,12:07:56.775,15.4400,400
43676775295615,12:07:56.775,15.4400,100
43676776419406,12:07:56.776,15.4400,100
43676779778390,12:07:56.779,15.4400,100
43676784059700,12:07:56.784,15.4400,100
43676788245133,12:07:56.788,15.4400,100
43676862214034,12:07:56.862,15.4400,100
43680679029350,12:08:00.679,15.4400,700
43712723159440,12:08:32.723,15.4500,100
43712723726517,12:08:32.723,15.4500,100
43735061264585,12:08:55.061,15.4600,100
43735061667736,12:08:55.061,15.4600,500
43735061667736,12:08:55.061,15.4600,97
43735061667736,12:08:55.061,15.4600,3
43752509815739,12:09:12.509,15.4600,649
43752510378699,12:09:12.510,15.4600,15
43752511271667,12:09:12.511,15.4600,36
43752511271667,12:09:12.511,15.4600,100
43752511271667,12:09:12.511,15.4600,364
43752512810572,12:09:12.512,15.4600,36
43765107844888,12:09:25.107,15.4500,100
43765107844888,12:09:25.107,15.4500,200
43765107844888,12:09:25.107,15.4500,100
43765107844888,12:09:25.107,15.4500,42
43765107844888,12:09:25.107,15.4500,158
43765392901737,12:09:25.392,15.4500,42
43765392901737,12:09:25.392,15.4500,400
43765548605639,12:09:25.548,15.4500,100
43765548605639,12:09:25.548,15.4500,500
43785976216571,12:09:45.976,15.4500,100
43785976216571,12:09:45.976,15.4500,100
43798640120754,12:09:58.640,15.4500,300
43798640120754,12:09:58.640,15.4500,100
43804820422112,12:10:04.820,15.4550,90
43867991968973,12:11:07.991,15.4600,20
43869033059304,12:11:09.033,15.4600,80
43869033059304,12:11:09.033,15.4600,100
43869033059304,12:11:09.033,15.4600,300
43869033059304,12:11:09.033,15.4600,20
43869033086401,12:11:09.033,15.4600,50
43988325817186,12:13:08.325,15.4800,70
43988325841427,12:13:08.325,15.4800,24
44031628191887,12:13:51.628,15.4800,700
44031631089207,12:13:51.631,15.4800,1
44031631089207,12:13:51.631,15.4800,39
44052794373880,12:14:12.794,15.4800,100
44100544924219,12:15:00.544,15.4800,100
44104889168916,12:15:04.889,15.4800,3
44131028918183,12:15:31.028,15.4800,39
44172715890302,12:16:12.715,15.4800,15
44172715890302,12:16:12.715,15.4800,285
44172715931899,12:16:12.715,15.4800,15
44184754962895,12:16:24.754,15.4800,100
44190089826720,12:16:30.089,15.4800,100
44220037544449,12:17:00.037,15.4900,100
44220037943174,12:17:00.037,15.4900,100
44220037943174,12:17:00.037,15.4900,70
44220037943174,12:17:00.037,15.4900,100
44257282610132,12:17:37.282,15.4950,3
44320421569835,12:18:40.421,15.4900,59
44320421569835,12:18:40.421,15.4900,400
44320421569835,12:18:40.421,15.4900,1
44320421569835,12:18:40.421,15.4900,33
44320421569835,12:18:40.421,15.4900,36
44320421569835,12:18:40.421,15.4900,100
44321065022305,12:18:41.065,15.4850,100
44321925018551,12:18:41.925,15.4850,100
44327652075612,12:18:47.652,15.4850,100
44327652076351,12:18:47.652,15.4850,100
44328675013227,12:18:48.675,15.4850,100
44329925013445,12:18:49.925,15.4850,100
44332064014924,12:18:52.064,15.4850,100
44368521013250,12:19:28.521,15.4850,100
44369043015656,12:19:29.043,15.4850,100
44371506570540,12:19:31.506,15.4900,163
44371506570540,12:19:31.506,15.4900,200
44376569589631,12:19:36.569,15.4950,100
44376603017640,12:19:36.603,15.4950,100
44378539019529,12:19:38.539,15.4950,100
44497501267444,12:21:37.501,15.4900,100
44497501267444,12:21:37.501,15.4900,400
44497501294828,12:21:37.501,15.4900,1
44497501329053,12:21:37.501,15.4900,2
44497501435202,12:21:37.501,15.4900,33
44497501435202,12:21:37.501,15.4900,37
44497501788731,12:21:37.501,15.4900,1
44497501909651,12:21:37.501,15.4900,1
44497586032503,12:21:37.586,15.4900,161
44497586032503,12:21:37.586,15.4900,300
44497586032503,12:21:37.586,15.4900,100
44519565063147,12:21:59.565,15.4900,16
44527232352815,12:22:07.232,15.4900,19
44527232352815,12:22:07.232,15.4900,100
44527232352815,12:22:07.232,15.4900,181
44527232756631,12:22:07.232,15.4900,19
44527232756631,12:22:07.232,15.4900,35
44527547131005,12:22:07.547,15.4900,500
44537854822079,12:22:17.854,15.4900,1
44569113242492,12:22:49.113,15.4900,100
44569113242492,12:22:49.113,15.4900,276
44569126698239,12:22:49.126,15.4900,200
44580809371939,12:23:00.809,15.4900,24
44580809371939,12:23:00.809,15.4900,34
44580809371939,12:23:00.809,15.4900,200
44580809371939,12:23:00.809,15.4900,200
44580809371939,12:23:00.809,15.4900,100
44639632768025,12:23:59.632,15.4800,100
44689064154586,12:24:49.064,15.4800,300
44689064154586,12:24:49.064,15.4800,300
44689064154586,12:24:49.064,15.4800,100
44689064154586,12:24:49.064,15.4800,200
44689064154586,12:24:49.064,15.4800,100
44689064154586,12:24:49.064,15.4800,1
44689064154586,12:24:49.064,15.4800,31
44723534063906,12:25:23.534,15.4800,200
44727355158531,12:25:27.355,15.4800,100
44738168120026,12:25:38.168,15.4800,100
44757015446170,12:25:57.015,15.4800,300
44757088130965,12:25:57.088,15.4850,100
44758985266906,12:25:58.985,15.4800,100
44758985738350,12:25:58.985,15.4800,200
44758985738350,12:25:58.985,15.4800,700
44758985738350,12:25:58.985,15.4800,100
44785765221338,12:26:25.765,15.4800,200
44785765221338,12:26:25.765,15.4800,100
44785765221338,12:26:25.765,15.4800,700
44785765221338,12:26:25.765,15.4800,100
44785790250455,12:26:25.790,15.4800,100
44785790250455,12:26:25.790,15.4800,200
44785790250455,12:26:25.790,15.4800,365
44786423404721,12:26:26.423,15.4800,100
44786423404721,12:26:26.423,15.4800,100
44786423404721,12:26:26.423,15.4800,300
44907257443585,12:28:27.257,15.4700,400
44910165450102,12:28:30.165,15.4700,76
44910258909747,12:28:30.258,15.4700,24
44910258909747,12:28:30.258,15.4700,125
44910258909747,12:28:30.258,15.4700,37
44912824972165,12:28:32.824,15.4700,800
44912824972165,12:28:32.824,15.4700,15
44912824972165,12:28:32.824,15.4700,114
44944133340152,12:29:04.133,15.4800,100
45011979349548,12:30:11.979,15.4800,70
45011979349548,12:30:11.979,15.4800,200
45011979349548,12:30:11.979,15.4800,100
45011979349548,12:30:11.979,15.4800,8
45011979349548,12:30:11.979,15.4800,100
45020153708222,12:30:20.153,15.4900,100
45020629098302,12:30:20.629,15.4900,200
45032523794062,12:30:32.523,15.4900,100
45054079506579,12:30:54.079,15.4900,100
45128104262281,12:32:08.104,15.4800,100
45128104262281,12:32:08.104,15.4800,400
45128104262281,12:32:08.104,15.4800,100
45128104262281,12:32:08.104,15.4800,36
45147744369217,12:32:27.744,15.4700,1000
45147744369217,12:32:27.744,15.4700,100
45147744369217,12:32:27.744,15.4700,800
45151738211876,12:32:31.738,15.4600,1
45193328838955,12:33:13.328,15.4700,100
45194343133035,12:33:14.343,15.4700,100
45199997541319,12:33:19.997,15.4700,100
45202683259489,12:33:22.683,15.4700,400
45215716809808,12:33:35.716,15.4700,100
45216505013261,12:33:36.505,15.4650,100
45216594009009,12:33:36.594,15.4650,170
45221257013322,12:33:41.257,15.4650,100
45221257016002,12:33:41.257,15.4650,400
45222007015096,12:33:42.007,15.4650,100
45223692016387,12:33:43.692,15.4650,100
45248517016321,12:34:08.517,15.4650,100
45249017009240,12:34:09.017,15.4650,100
45249517009982,12:34:09.517,15.4650,100
45250017012952,12:34:10.017,15.4650,100
45250470006775,12:34:10.470,15.4650,100
45284831088755,12:34:44.831,15.4600,70
45285023704900,12:34:45.023,15.4600,100
45285023704900,12:34:45.023,15.4600,100
45285023704900,12:34:45.023,15.4600,14
45285023895709,12:34:45.023,15.4600,26
45285023895709,12:34:45.023,15.4600,14
45285024377867,12:34:45.024,15.4600,73
45285024633454,12:34:45.024,15.4600,645
45285025146279,12:34:45.025,15.4600,20
45285025188729,12:34:45.025,15.4600,100
45327135258827,12:35:27.135,15.4600,100
45330117572580,12:35:30.117,15.4600,13
45352225806296,12:35:52.225,15.4600,100
45352225979260,12:35:52.225,15.4600,100
45352226356020,12:35:52.226,15.4600,70
45352464958480,12:35:52.464,15.4600,230
45356248807656,12:35:56.248,15.4600,5
45366987090027,12:36:06.987,15.4650,100
45372124675826,12:36:12.124,15.4600,39
45382857652278,12:36:22.857,15.4600,100
45398819122191,12:36:38.819,15.4600,100
45401286853673,12:36:41.286,15.4600,100
45409460229780,12:36:49.460,15.4600,100
45443684181541,12:37:23.684,15.4600,800
45579113498476,12:39:39.113,15.4700,700
45601058869020,12:40:01.058,15.4700,75
45601058869020,12:40:01.058,15.4700,25
45601058898003,12:40:01.058,15.4700,75
45601058898003,12:40:01.058,15.4700,200
45601059425748,12:40:01.059,15.4700,100
45605330032605,12:40:05.330,15.4700,3
45672657596246,12:41:12.657,15.4700,70
45680533744207,12:41:20.533,15.4700,698
45680549494067,12:41:20.549,15.4700,1100
45680549494067,12:41:20.549,15.4700,35
45680549494067,12:41:20.549,15.4700,1
45689389123124,12:41:29.389,15.4700,200
45689389123124,12:41:29.389,15.4700,40
45689389123124,12:41:29.389,15.4700,60
45689389362562,12:41:29.389,15.4700,40
45708541916909,12:41:48.541,15.4700,800
45743666628600,12:42:23.666,15.4600,3
45802539860628,12:43:22.539,15.4650,43
45807987591474,12:43:27.987,15.4700,200
45807988427820,12:43:27.988,15.4700,100
45807988492477,12:43:27.988,15.4700,100
45807988492477,12:43:27.988,15.4700,100
45807989424701,12:43:27.989,15.4700,100
45807989424701,12:43:27.989,15.4700,100
45818411060953,12:43:38.411,15.4700,1
45830054897039,12:43:50.054,15.4700,500
45830054897039,12:43:50.054,15.4700,36
45830054897039,12:43:50.054,15.4700,100
45830054897039,12:43:50.054,15.4700,1
45844603777920,12:44:04.603,15.4600,1
45850053188936,12:44:10.053,15.4600,28
45850053306053,12:44:10.053,15.4600,5
45850055695555,12:44:10.055,15.4600,100
45850055695555,12:44:10.055,15.4600,200
45850055695555,12:44:10.055,15.4600,400
45850055695555,12:44:10.055,15.4600,100
45850055695555,12:44:10.055,15.4600,300
45850055695555,12:44:10.055,15.4600,100
45850055695555,12:44:10.055,15.4600,96
45850056186346,12:44:10.056,15.4600,9
45850057622301,12:44:10.057,15.4600,91
45850057622301,12:44:10.057,15.4600,9
45852125033143,12:44:12.125,15.4550,100
45891559038449,12:44:51.559,15.4550,100
45893825048181,12:44:53.825,15.4550,100
45893825050120,12:44:53.825,15.4550,100
45893826041678,12:44:53.826,15.4550,100
45895299053292,12:44:55.299,15.4550,100
45895799036253,12:44:55.799,15.4550,100
45896299039106,12:44:56.299,15.4550,100
45896799041184,12:44:56.799,15.4550,100
45910036950515,12:45:10.036,15.4600,300
46040197877272,12:47:20.197,15.4700,70
46040197877272,12:47:20.197,15.4700,75
46040198415008,12:47:20.198,15.4700,100
46074277889614,12:47:54.277,15.4700,200
46074277889614,12:47:54.277,15.4700,700
46074277889614,12:47:54.277,15.4700,400
46074277889614,12:47:54.277,15.4700,37
46074277889614,12:47:54.277,15.4700,63
46074279343109,12:47:54.279,15.4700,37
46074279619017,12:47:54.279,15.4700,100
46122563353873,12:48:42.563,15.4700,100
46169798370217,12:49:29.798,15.4700,100
46169798370217,12:49:29.798,15.4700,119
46169798395428,12:49:29.798,15.4700,181
46208269520280,12:50:08.269,15.4700,70
46208269545984,12:50:08.269,15.4700,30
46208269545984,12:50:08.269,15.4700,230
46208546732110,12:50:08.546,15.4700,370
46208546732110,12:50:08.546,15.4700,100
46208546732110,12:50:08.546,15.4700,99
46208546732110,12:50:08.546,15.4700,34
46208546732110,12:50:08.546,15.4700,100
46221573794880,12:50:21.573,15.4700,200
46221573794880,12:50:21.573,15.4700,45
46244424489683,12:50:44.424,15.4700,100
46247328214455,12:50:47.328,15.4700,100
46301189165416,12:51:41.189,15.4800,100
46309868084451,12:51:49.868,15.4800,100
46309868380230,12:51:49.868,15.4800,300
46309868380230,12:51:49.868,15.4800,100
46309868380230,12:51:49.868,15.4800,800
46309868440829,12:51:49.868,15.4800,100
46309868519709,12:51:49.868,15.4800,800
46328950822683,12:52:08.950,15.4800,70
46328950853252,12:52:08.950,15.4800,30
46328950853252,12:52:08.950,15.4800,200
46328950853252,12:52:08.950,15.4800,200
46328950853252,12:52:08.950,15.4800,136
46328950954131,12:52:08.950,15.4800,100
46328952650736,12:52:08.952,15.4800,1
46328952650736,12:52:08.952,15.4800,799
46328952680965,12:52:08.952,15.4800,1
46328952680965,12:52:08.952,15.4800,35
46340009779388,12:52:20.009,15.4800,100
46345553821311,12:52:25.553,15.4800,100
46439831069419,12:53:59.831,15.4800,30
46439831069419,12:53:59.831,15.4800,70
46464988989046,12:54:24.988,15.4700,400
46464989013397,12:54:24.989,15.4700,4
46464989141164,12:54:24.989,15.4700,36
46495312114713,12:54:55.312,15.4700,100
46507289511594,12:55:07.289,15.4700,20
46507289511594,12:55:07.289,15.4700,21
46535040181655,12:55:35.040,15.4600,100
46535040181655,12:55:35.040,15.4600,100
46535040244530,12:55:35.040,15.4600,1000
46535040244530,12:55:35.040,15.4600,28
46535040256418,12:55:35.040,15.4600,72
46535040256418,12:55:35.040,15.4600,400
46583998546183,12:56:23.998,15.4600,5
46583998546183,12:56:23.998,15.4600,13
46583999763792,12:56:23.999,15.4600,100
46584004248624,12:56:24.004,15.4600,100
46584004248624,12:56:24.004,15.4600,800
46584004248624,12:56:24.004,15.4600,100
46584004248624,12:56:24.004,15.4600,100
46641472528277,12:57:21.472,15.4600,100
46641585873089,12:57:21.585,15.4600,36
46641588126515,12:57:21.588,15.4600,253
46641588544432,12:57:21.588,15.4550,2
46704118803096,12:58:24.118,15.4500,100
46704118803096,12:58:24.118,15.4500,900
46704118803096,12:58:24.118,15.4500,39
46704118803096,12:58:24.118,15.4500,1
46767375610513,12:59:27.375,15.4500,100
46767375610513,12:59:27.375,15.4500,400
46767375610513,12:59:27.375,15.4500,100
46767375962942,12:59:27.375,15.4500,300
46767375962942,12:59:27.375,15.4500,100
46767375962942,12:59:27.375,15.4500,100
46767376006966,12:59:27.376,15.4500,100
46767376006966,12:59:27.376,15.4500,800
46767379113751,12:59:27.379,15.4500,100
46767380308400,12:59:27.380,15.4500,100
46767380731044,12:59:27.380,15.4500,100
46767381148844,12:59:27.381,15.4500,100
46767470509805,12:59:27.470,15.4500,100
46809486032661,13:00:09.486,15.4550,100
46809486033331,13:00:09.486,15.4550,100
46810582032180,13:00:10.582,15.4550,100
46812487053597,13:00:12.487,15.4550,100
46812487054298,13:00:12.487,15.4550,100
46828680028733,13:00:28.680,15.4550,100
46828680029359,13:00:28.680,15.4550,100
46829180027059,13:00:29.180,15.4550,100
46829680032508,13:00:29.680,15.4550,100
46845678042075,13:00:45.678,15.4550,100
46845678042707,13:00:45.678,15.4550,100
46845678045334,13:00:45.678,15.4550,200
46846178027176,13:00:46.178,15.4550,400
46846679025086,13:00:46.679,15.4550,100
46846679025778,13:00:46.679,15.4550,100
46847179045280,13:00:47.179,15.4550,100
46847679025557,13:00:47.679,15.4550,100
46848179028214,13:00:48.179,15.4550,100
46848679041909,13:00:48.679,15.4550,100
46849179043174,13:00:49.179,15.4550,100
46860034779237,13:01:00.034,15.4550,3
46860035370664,13:01:00.035,15.4550,13
46860035751346,13:01:00.035,15.4550,72
46932167682335,13:02:12.167,15.4600,100
46932167682335,13:02:12.167,15.4600,200
47011819011716,13:03:31.819,15.4650,100
47012870018137,13:03:32.870,15.4650,100
47107057000410,13:05:07.057,15.4650,100
47107140937135,13:05:07.140,15.4700,100
47107594001622,13:05:07.594,15.4650,100
47107605006614,13:05:07.605,15.4650,100
47107605007335,13:05:07.605,15.4650,100
47108104994975,13:05:08.104,15.4650,100
47108627018580,13:05:08.627,15.4650,100
47149611948590,13:05:49.611,15.4700,100
47200198173467,13:06:40.198,15.4700,100
47200198173467,13:06:40.198,15.4700,200
47224608944417,13:07:04.608,15.4750,100
47260442807836,13:07:40.442,15.4700,100
47260442807836,13:07:40.442,15.4700,800
47260442807836,13:07:40.442,15.4700,1100
47260442807836,13:07:40.442,15.4700,1000
47260442807836,13:07:40.442,15.4700,41
47260442807836,13:07:40.442,15.4700,1
47260442807836,13:07:40.442,15.4700,400
47398000321935,13:09:58.000,15.4700,800
47398000321935,13:09:58.000,15.4700,100
47398000321935,13:09:58.000,15.4700,100
47422602002205,13:10:22.602,15.4650,100
47450431011073,13:10:50.431,15.4650,100
47455427006219,13:10:55.427,15.4650,100
47455930004429,13:10:55.930,15.4650,100
47456430009357,13:10:56.430,15.4650,100
47456930006454,13:10:56.930,15.4650,100
47457430004253,13:10:57.430,15.4650,100
47457932002357,13:10:57.932,15.4650,100
47458434004633,13:10:58.434,15.4650,100
47458934018789,13:10:58.934,15.4650,100
47461295439593,13:11:01.295,15.4700,100
47473011958803,13:11:13.011,15.4700,100
47473845613717,13:11:13.845,15.4700,200
47531877026726,13:12:11.877,15.4700,300
47531877026726,13:12:11.877,15.4700,100
47531877026726,13:12:11.877,15.4700,41
47623323346630,13:13:43.323,15.4600,400
47623323346630,13:13:43.323,15.4600,1
47623323346630,13:13:43.323,15.4600,100
47623323346630,13:13:43.323,15.4600,100
47623323346630,13:13:43.323,15.4600,100
47768889065120,13:16:08.889,15.4500,300
47768889065120,13:16:08.889,15.4500,100
47768889065120,13:16:08.889,15.4500,200
47768889065120,13:16:08.889,15.4500,100
47768889065120,13:16:08.889,15.4500,40
47768889108283,13:16:08.889,15.4500,600
47768889122739,13:16:08.889,15.4500,160
47768889122739,13:16:08.889,15.4500,35
47779851443585,13:16:19.851,15.4500,100
47799025691459,13:16:39.025,15.4500,100
47962576785157,13:19:22.576,15.4450,100
48029458794565,13:20:29.458,15.4400,700
48029458794565,13:20:29.458,15.4400,2
48029458794565,13:20:29.458,15.4400,998
48029458794565,13:20:29.458,15.4400,77
48029458802250,13:20:29.458,15.4400,323
48029458802250,13:20:29.458,15.4400,100
48029458802250,13:20:29.458,15.4400,43
48029458802250,13:20:29.458,15.4400,200
48045842673752,13:20:45.842,15.4300,100
48045842673752,13:20:45.842,15.4300,200
48045842699640,13:20:45.842,15.4300,1
48045842707157,13:20:45.842,15.4300,300
48045842718540,13:20:45.842,15.4300,300
48045842749622,13:20:45.842,15.4300,199
48045842749622,13:20:45.842,15.4300,300
48045842749622,13:20:45.842,15.4300,79
48045842816246,13:20:45.842,15.4300,21
48070448190539,13:21:10.448,15.4250,200
48070448190539,13:21:10.448,15.4300,200
48070448190539,13:21:10.448,15.4300,835
48070448525933,13:21:10.448,15.4300,65
48070448525933,13:21:10.448,15.4300,35
48070448525933,13:21:10.448,15.4300,100
48070449084398,13:21:10.449,15.4300,24
48070449088820,13:21:10.449,15.4300,76
48070450763747,13:21:10.450,15.4300,100
48132088735450,13:22:12.088,15.4300,40
48164015299891,13:22:44.015,15.4300,1
48164015299891,13:22:44.015,15.4300,300
48164015299891,13:22:44.015,15.4300,43
48164015299891,13:22:44.015,15.4300,100
48238662020213,13:23:58.662,15.4250,100
48239162024410,13:23:59.162,15.4250,100
48239662000146,13:23:59.662,15.4250,100
48240162000897,13:24:00.162,15.4250,100
48265750008027,13:24:25.750,15.4250,100
48271905752428,13:24:31.905,15.4300,25
48271905752428,13:24:31.905,15.4300,100
48271905752428,13:24:31.905,15.4300,575
48278219121629,13:24:38.219,15.4300,625
48278219121629,13:24:38.219,15.4300,75
48278219309807,13:24:38.219,15.4300,25
48278219516984,13:24:38.219,15.4300,25
48278219640524,13:24:38.219,15.4300,275
48278219640524,13:24:38.219,15.4300,100
48278219640524,13:24:38.219,15.4300,900
48283305005907,13:24:43.305,15.4300,100
48283305005907,13:24:43.305,15.4300,200
48283305005907,13:24:43.305,15.4300,800
48302942040564,13:25:02.942,15.4300,10
48306267908807,13:25:06.267,15.4300,3
48442631397414,13:27:22.631,15.4400,100
48442631397414,13:27:22.631,15.4400,76
48442631482219,13:27:22.631,15.4400,124
48442631482219,13:27:22.631,15.4400,40
48442631482219,13:27:22.631,15.4400,100
48442631482219,13:27:22.631,15.4400,100
48442631499875,13:27:22.631,15.4400,364
48442632490683,13:27:22.632,15.4400,100
48442632490683,13:27:22.632,15.4400,100
48442632490683,13:27:22.632,15.4400,100
48442632490683,13:27:22.632,15.4400,550
48442632587293,13:27:22.632,15.4400,350
48442632587293,13:27:22.632,15.4400,100
48442632587293,13:27:22.632,15.4400,100
48442632587293,13:27:22.632,15.4400,100
48442632587293,13:27:22.632,15.4400,136
48442632587293,13:27:22.632,15.4400,100
48443338482168,13:27:23.338,15.4400,100
48443338482168,13:27:23.338,15.4400,300
48443635944273,13:27:23.635,15.4400,100
48488532963206,13:28:08.532,15.4400,900
48488532963206,13:28:08.532,15.4400,100
48488532963206,13:28:08.532,15.4400,700
48488532963206,13:28:08.532,15.4400,100
48488532963206,13:28:08.532,15.4400,100
48488532963206,13:28:08.532,15.4400,41
48488532963206,13:28:08.532,15.4400,100
48571787903778,13:29:31.787,15.4400,100
48591327367503,13:29:51.327,15.4400,100
48591327367503,13:29:51.327,15.4400,100
48591327861042,13:29:51.327,15.4400,900
48591327861042,13:29:51.327,15.4400,100
48605993628464,13:30:05.993,15.4400,4
