timestamp,time,price,volume
34200670511659,09:30:00.670,0.0000,0
34732099925366,09:38:52.099,17.8400,3
34774399310807,09:39:34.399,17.8400,8
35062402326081,09:44:22.402,17.6800,60
35187319126734,09:46:27.319,17.6200,100
35445671713061,09:50:45.671,17.5600,100
35505800554641,09:51:45.800,17.5400,100
35505800856913,09:51:45.800,17.5400,6
35588550944891,09:53:08.550,17.5600,5
35588550944891,09:53:08.550,17.5600,8
35588553337834,09:53:08.553,17.5800,5
35588553337834,09:53:08.553,17.5800,100
35589279137866,09:53:09.279,17.6000,100
35589279196010,09:53:09.279,17.6000,100
35589279474622,09:53:09.279,17.6000,100
35744437038633,09:55:44.437,17.5100,100
35994060208776,09:59:54.060,17.4800,5
35994064738475,09:59:54.064,17.5200,13
35994064762967,09:59:54.064,17.5200,87
36011148367182,10:00:11.148,17.5100,100
36175305596502,10:02:55.305,17.5200,100
36292931725700,10:04:52.931,17.5000,50
36319990082049,10:05:19.990,17.5000,100
36319990082049,10:05:19.990,17.5000,37
36320329015835,10:05:20.329,17.5000,100
36324078732931,10:05:24.078,17.5200,100
36324083418197,10:05:24.083,17.5200,39
36389724214517,10:06:29.724,17.5700,100
36389725037249,10:06:29.725,17.5700,40
36390195007391,10:06:30.195,17.5500,100
36390753318082,10:06:30.753,17.6000,100
36450320158371,10:07:30.320,17.6200,77
36479716486702,10:07:59.716,17.6200,10
36479716596226,10:07:59.716,17.6200,13
36636665880195,10:10:36.665,17.5800,100
36636689643454,10:10:36.689,17.5700,100
36764509511016,10:12:44.509,17.6200,100
36817038281748,10:13:37.038,17.6200,100
37036915372356,10:17:16.915,17.6000,100
37037795665203,10:17:17.795,17.6400,100
37037905494197,10:17:17.905,17.6600,5
37037905494197,10:17:17.905,17.6700,95
37139994176732,10:18:59.994,17.6600,100
37139995312958,10:18:59.995,17.6700,5
37139996230299,10:18:59.996,17.6700,100
37208341654605,10:20:08.341,17.7000,100
37212506952916,10:20:12.506,17.7200,5
37212506952916,10:20:12.506,17.7200,95
37212506978180,10:20:12.506,17.7200,5
37351896499761,10:22:31.896,17.6900,100
37600804617108,10:26:40.804,17.6700,5
37694274726354,10:28:14.274,17.6700,100
37694346045393,10:28:14.346,17.6900,100
37695951675814,10:28:15.951,17.7000,100
37696346459089,10:28:16.346,17.7200,100
37949645952165,10:32:29.645,17.7300,42
37949645952165,10:32:29.645,17.7300,5
37949645952165,10:32:29.645,17.7300,100
37993829999082,10:33:13.829,17.7500,100
38024915552380,10:33:44.915,17.7500,79
38024915830152,10:33:44.915,17.7500,21
38096918780624,10:34:56.918,17.7600,100
38107957950004,10:35:07.957,17.7600,100
38107957975038,10:35:07.957,17.7600,50
38107958024315,10:35:07.958,17.7600,14
38107958491661,10:35:07.958,17.7600,100
38186235335644,10:36:26.235,17.7500,100
38222302065001,10:37:02.302,17.7300,8
38258502459571,10:37:38.502,17.7200,100
38412393222991,10:40:12.393,17.6800,3
38468664887972,10:41:08.664,17.6800,100
38475726751627,10:41:15.726,17.6700,160
38475726751627,10:41:15.726,17.6700,8
38515999517116,10:41:55.999,17.6400,3
38515999517116,10:41:55.999,17.6400,97
38697210575412,10:44:57.210,17.6600,100
38697210575412,10:44:57.210,17.6600,100
38697211269661,10:44:57.211,17.6700,100
38697211269661,10:44:57.211,17.6700,100
38697713710930,10:44:57.713,17.6800,100
38697713710930,10:44:57.713,17.6800,100
38697713710930,10:44:57.713,17.6800,100
38697713710930,10:44:57.713,17.6800,100
38822331448246,10:47:02.331,17.6800,100
38822331448246,10:47:02.331,17.6800,2
38822331448246,10:47:02.331,17.6800,8
38842994949857,10:47:22.994,17.6600,200
38842994963898,10:47:22.994,17.6600,40
38842996071360,10:47:22.996,17.6500,100
38851973529734,10:47:31.973,17.6600,100
38851973529734,10:47:31.973,17.6600,5
38982555801088,10:49:42.555,17.6800,100
38982567016851,10:49:42.567,17.6900,100
38990191958245,10:49:50.191,17.7100,4
38990195192774,10:49:50.195,17.7100,4
38990195218073,10:49:50.195,17.7100,92
38990195218073,10:49:50.195,17.7100,100
38990195218073,10:49:50.195,17.7100,100
38990420596807,10:49:50.420,17.7200,100
38991369951733,10:49:51.369,17.6900,100
39364421514943,10:56:04.421,17.6950,100
39364421514943,10:56:04.421,17.7100,5
39364421514943,10:56:04.421,17.7100,100
39378563131520,10:56:18.563,17.6900,100
39459905300628,10:57:39.905,17.6800,100
39463163327405,10:57:43.163,17.6800,100
39463909502380,10:57:43.909,17.6800,10
39463910285636,10:57:43.910,17.6800,100
39545673002149,10:59:05.673,17.6800,8
39553807103187,10:59:13.807,17.6800,100
39631974483793,11:00:31.974,17.6800,87
39663729162690,11:01:03.729,17.6900,100
39687702898994,11:01:27.702,17.7000,100
39688435441827,11:01:28.435,17.7100,100
39688435441827,11:01:28.435,17.7100,100
39688435441827,11:01:28.435,17.7100,100
39691171756365,11:01:31.171,17.7100,100
39691171954151,11:01:31.171,17.7100,100
39814775577470,11:03:34.775,17.7200,100
39827561590562,11:03:47.561,17.7400,1
39865783544931,11:04:25.783,17.7400,99
39865783544931,11:04:25.783,17.7500,1
39895592293379,11:04:55.592,17.7300,1
39895592333835,11:04:55.592,17.7300,10
39895592380053,11:04:55.592,17.7300,90
39924549723546,11:05:24.549,17.7400,100
40101775490731,11:08:21.775,17.7200,39
40101775515565,11:08:21.775,17.7200,61
40101775978180,11:08:21.775,17.7200,10
40101776196056,11:08:21.776,17.7200,100
40158449663136,11:09:18.449,17.7000,2
40454495352658,11:14:14.495,17.6800,100
40454495352658,11:14:14.495,17.6800,100
40454495352658,11:14:14.495,17.6800,2
40526539890680,11:15:26.539,17.6800,100
40620871192925,11:17:00.871,17.6600,7
40787557756430,11:19:47.557,17.6400,100
40787557985067,11:19:47.557,17.6400,61
40787558000813,11:19:47.558,17.6400,39
40790343067950,11:19:50.343,17.6400,29
40858154275957,11:20:58.154,17.6100,100
40859311639033,11:20:59.311,17.6300,100
40860598068789,11:21:00.598,17.6400,100
40860598068789,11:21:00.598,17.6400,100
40860598094084,11:21:00.598,17.6400,100
40861850399047,11:21:01.850,17.6500,100
40867648522406,11:21:07.648,17.6400,100
41315472082121,11:28:35.472,17.6200,100
41315472082121,11:28:35.472,17.6200,100
41315477419559,11:28:35.477,17.6000,40
41315487670298,11:28:35.487,17.6200,10
41316450755570,11:28:36.450,17.6100,25
41389002576874,11:29:49.002,17.5700,100
41559703681636,11:32:39.703,17.5600,100
41559703681636,11:32:39.703,17.5600,100
41559703698499,11:32:39.703,17.5600,36
41559703700034,11:32:39.703,17.5600,64
41559704403006,11:32:39.704,17.5700,100
41559734372991,11:32:39.734,17.5800,100
41616910775868,11:33:36.910,17.6100,100
41616910775868,11:33:36.910,17.6100,77
41625015001072,11:33:45.015,17.6200,100
41676475901170,11:34:36.475,17.6500,100
41834451694178,11:37:14.451,17.6300,24
41834451694178,11:37:14.451,17.6300,2
42295687604106,11:44:55.687,17.6400,5
42295687604106,11:44:55.687,17.6400,100
42458607610638,11:47:38.607,17.6300,100
42519560247867,11:48:39.560,17.6300,60
42519780502926,11:48:39.780,17.6300,10
42520485794645,11:48:40.485,17.6300,30
42520485794645,11:48:40.485,17.6300,50
42521830566583,11:48:41.830,17.6300,20
42522948209974,11:48:42.948,17.6400,5
42696023424045,11:51:36.023,17.6400,100
42696024224795,11:51:36.024,17.6500,100
42696024224795,11:51:36.024,17.6500,100
42696024224795,11:51:36.024,17.6500,100
42856387049413,11:54:16.387,17.6500,100
43009011691431,11:56:49.011,17.6500,5
43342810113275,12:02:22.810,17.6500,100
43342810113275,12:02:22.810,17.6500,100
43392275026559,12:03:12.275,17.6700,100
43748200932319,12:09:08.200,17.6800,76
43748200954753,12:09:08.200,17.6800,24
43904653083595,12:11:44.653,17.6600,76
43904653083595,12:11:44.653,17.6600,100
43904653083595,12:11:44.653,17.6600,100
43904653083595,12:11:44.653,17.6600,50
44041559530990,12:14:01.559,17.6600,70
44041559577299,12:14:01.559,17.6600,30
44041559577299,12:14:01.559,17.6600,100
44041562312524,12:14:01.562,17.6700,59
44041562601104,12:14:01.562,17.6700,41
44041562601104,12:14:01.562,17.6700,100
44041763836505,12:14:01.763,17.6900,100
44173779864393,12:16:13.779,17.7000,25
44173780580731,12:16:13.780,17.7000,19
44174832421867,12:16:14.832,17.7000,19
44254762855267,12:17:34.762,17.7100,99
44254763556530,12:17:34.763,17.7100,1
44408670505817,12:20:08.670,17.7100,100
44408670505817,12:20:08.670,17.7100,100
44408670553744,12:20:08.670,17.7100,100
44543078923107,12:22:23.078,17.7200,100
44550523234658,12:22:30.523,17.7200,100
44689105365605,12:24:49.105,17.7200,6
44689107229463,12:24:49.107,17.7300,100
44689163371952,12:24:49.163,17.7400,10
44689163371952,12:24:49.163,17.7400,90
44689163386958,12:24:49.163,17.7400,10
44880664592999,12:28:00.664,17.7500,100
44880664592999,12:28:00.664,17.7500,100
44880665334591,12:28:00.665,17.7500,300
44910653571544,12:28:30.653,17.7400,68
44917398857384,12:28:37.398,17.7400,27
45202172117352,12:33:22.172,17.7100,50
45202172117352,12:33:22.172,17.7000,2
45202172117352,12:33:22.172,17.7000,46
45202173129800,12:33:22.173,17.7100,100
45202173129800,12:33:22.173,17.7100,30
45226229459067,12:33:46.229,17.7000,5
45227540784030,12:33:47.540,17.7000,10
45232231198297,12:33:52.231,17.7100,100
45348182051607,12:35:48.182,17.6900,100
45348182389540,12:35:48.182,17.6900,100
45348183328898,12:35:48.183,17.7000,100
45348183328898,12:35:48.183,17.7000,30
45348183328898,12:35:48.183,17.7000,29
45348183328898,12:35:48.183,17.7000,30
45348183418297,12:35:48.183,17.7000,100
45348221652763,12:35:48.221,17.7100,200
45348221652763,12:35:48.221,17.7100,77
45348222050489,12:35:48.222,17.7100,23
45366268053257,12:36:06.268,17.7200,100
45366268053257,12:36:06.268,17.7200,100
45366268053257,12:36:06.268,17.7200,100
45374413427209,12:36:14.413,17.7200,35
45416832293626,12:36:56.832,17.7300,27
45416832318154,12:36:56.832,17.7300,48
45434935646119,12:37:14.935,17.7300,125
45434935646119,12:37:14.935,17.7300,100
45434935646119,12:37:14.935,17.7300,77
45434935726074,12:37:14.935,17.7300,23
45440120778154,12:37:20.120,17.7300,100
45447024388153,12:37:27.024,17.7300,100
45449805756933,12:37:29.805,17.7300,100
45459454978182,12:37:39.454,17.7300,5
45459454978182,12:37:39.454,17.7300,95
45496513293368,12:38:16.513,17.7500,100
45526181790149,12:38:46.181,17.7500,100
45558343425530,12:39:18.343,17.7300,100
45560273120047,12:39:20.273,17.7200,100
45569159571685,12:39:29.159,17.7300,9
45569742462078,12:39:29.742,17.7200,100
45584690804104,12:39:44.690,17.7350,200
45584692071668,12:39:44.692,17.7400,100
45584692071668,12:39:44.692,17.7400,100
45590049484111,12:39:50.049,17.7300,100
45590051355825,12:39:50.051,17.7350,200
45592093879251,12:39:52.093,17.7300,100
45593670911749,12:39:53.670,17.7300,100
45595926447922,12:39:55.926,17.7300,100
45595926597420,12:39:55.926,17.7300,100
45625534026393,12:40:25.534,17.7300,100
45635493026072,12:40:35.493,17.7400,100
45635493026072,12:40:35.493,17.7400,100
45637038654572,12:40:37.038,17.7500,100
45637039521754,12:40:37.039,17.7500,100
45698255206455,12:41:38.255,17.7400,200
45710831191879,12:41:50.831,17.7300,1
45710935639239,12:41:50.935,17.7300,1
45710935639239,12:41:50.935,17.7300,99
45722126699817,12:42:02.126,17.7300,200
45839871018951,12:43:59.871,17.7200,100
45840372772214,12:44:00.372,17.7050,100
46222950391569,12:50:22.950,17.6900,8
46222950691468,12:50:22.950,17.6900,92
46536456280157,12:55:36.456,17.6600,4
47105889748107,13:05:05.889,17.6500,5
47110803167246,13:05:10.803,17.6500,10
47110803205172,13:05:10.803,17.6500,67
47110803461446,13:05:10.803,17.6500,43
47110803461446,13:05:10.803,17.6400,24
47110803488184,13:05:10.803,17.6400,36
47110803488184,13:05:10.803,17.6400,7
47110804045990,13:05:10.804,17.6400,90
47161712459495,13:06:01.712,17.6200,100
47161712702540,13:06:01.712,17.6200,100
47163969236484,13:06:03.969,17.6100,200
47163969497272,13:06:03.969,17.6100,35
47295238959640,13:08:15.238,17.6000,100
47434023817434,13:10:34.023,17.6100,11
47434023843330,13:10:34.023,17.6100,106
47434023887545,13:10:34.023,17.6100,83
47439741090693,13:10:39.741,17.6200,2
47439741114326,13:10:39.741,17.6200,26
47439741273875,13:10:39.741,17.6200,72
47440238020887,13:10:40.238,17.6400,100
47440238046341,13:10:40.238,17.6400,83
47445986968921,13:10:45.986,17.6400,17
47445986968921,13:10:45.986,17.6400,100
47445986968921,13:10:45.986,17.6400,100
47631580274276,13:13:51.580,17.6400,6
47631580274276,13:13:51.580,17.6400,100
48091822752487,13:21:31.822,17.6600,100
48091822752487,13:21:31.822,17.6600,100
48095897821126,13:21:35.897,17.6500,100
48142741805330,13:22:22.741,17.6500,100
48176873767023,13:22:56.873,17.6400,20
48176874220490,13:22:56.874,17.6400,100
48317245137636,13:25:17.245,17.6400,96
48317245539130,13:25:17.245,17.6400,4
48317245539130,13:25:17.245,17.6400,94
48317245685665,13:25:17.245,17.6400,6
48590981457008,13:29:50.981,17.6500,100
48664115879166,13:31:04.115,17.6700,100
48913194144723,13:35:13.194,17.6800,100
48913194144723,13:35:13.194,17.6800,100
48913956527615,13:35:13.956,17.6900,100
48913956527615,13:35:13.956,17.6900,52
48913956593867,13:35:13.956,17.6900,27
48994143869857,13:36:34.143,17.6700,6
48994143869857,13:36:34.143,17.6700,22
48994146291536,13:36:34.146,17.6600,20
48994146291536,13:36:34.146,17.6600,2
48998654402890,13:36:38.654,17.6600,100
49551193325203,13:45:51.193,17.6400,20
49551193325203,13:45:51.193,17.6400,5
49551194486418,13:45:51.194,17.6400,21
49577572766729,13:46:17.572,17.6500,100
49846777693019,13:50:46.777,17.6600,7
49846780986292,13:50:46.780,17.6600,100
50027642027568,13:53:47.642,17.6700,100
50027642027568,13:53:47.642,17.6700,47
50027642084555,13:53:47.642,17.6700,53
50027645489446,13:53:47.645,17.6800,82
50027645704643,13:53:47.645,17.6800,18
50027645704643,13:53:47.645,17.6800,53
50219705609644,13:56:59.705,17.6800,95
50219705822691,13:56:59.705,17.6800,5
50409457960240,14:00:09.457,17.6800,100
50409471010301,14:00:09.471,17.6900,73
50409471212747,14:00:09.471,17.6900,27
50409471212747,14:00:09.471,17.6900,100
50423414613655,14:00:23.414,17.6800,100
50446518768083,14:00:46.518,17.6700,95
50572199125374,14:02:52.199,17.6800,100
50616224927977,14:03:36.224,17.7000,100
50616224927977,14:03:36.224,17.7000,100
50616225822075,14:03:36.225,17.7100,100
50616225822075,14:03:36.225,17.7100,15
50616225822075,14:03:36.225,17.7100,85
50616225822075,14:03:36.225,17.7100,100
50616226352420,14:03:36.226,17.7000,40
50616234371497,14:03:36.234,17.6800,10
50704512863996,14:05:04.512,17.7200,100
50715498844655,14:05:15.498,17.7300,100
50715498844655,14:05:15.498,17.7300,100
50715498844655,14:05:15.498,17.7300,3
50715498844655,14:05:15.498,17.7300,97
50715498871508,14:05:15.498,17.7300,3
50715499508402,14:05:15.499,17.7400,73
50715499748255,14:05:15.499,17.7400,27
50982700178962,14:09:42.700,17.7300,20
51025373209457,14:10:25.373,17.7200,30
51025373525557,14:10:25.373,17.7300,30
51091986015075,14:11:31.986,17.7300,100
51094711088062,14:11:34.711,17.7400,24
51138834383093,14:12:18.834,17.7400,100
51203438321212,14:13:23.438,17.7700,15
51203438321212,14:13:23.438,17.7700,85
51203438409099,14:13:23.438,17.7700,15
51238995945231,14:13:58.995,17.7600,33
51238996249666,14:13:58.996,17.7600,100
51238998888646,14:13:58.998,17.7800,100
51239023680384,14:13:59.023,17.7800,100
51239023680384,14:13:59.023,17.7800,30
51239024540478,14:13:59.024,17.7800,100
51491757247873,14:18:11.757,17.7700,100
51491757247873,14:18:11.757,17.7700,30
51491757247873,14:18:11.757,17.7700,70
51570346300552,14:19:30.346,17.7800,100
51570346300552,14:19:30.346,17.7800,100
51570346300552,14:19:30.346,17.7800,100
51570346300552,14:19:30.346,17.7800,24
51570346331845,14:19:30.346,17.7800,76
51570346331845,14:19:30.346,17.7800,100
51570346331845,14:19:30.346,17.7800,100
51571642423190,14:19:31.642,17.8200,100
51629851533020,14:20:29.851,17.8300,100
51629851533020,14:20:29.851,17.8300,100
51671156957486,14:21:11.156,17.8400,100
51671156957486,14:21:11.156,17.8400,30
51671156957486,14:21:11.156,17.8400,81
51671157440365,14:21:11.157,17.8400,19
51824437502403,14:23:44.437,17.8500,100
51824437502403,14:23:44.437,17.8500,100
51825524010800,14:23:45.524,17.8600,100
51876369835041,14:24:36.369,17.8600,100
51876369896444,14:24:36.369,17.8600,100
51981102194756,14:26:21.102,17.8700,2
51981130802779,14:26:21.130,17.8600,6
52023644865609,14:27:03.644,17.8600,100
52023644865609,14:27:03.644,17.8600,100
52027038120213,14:27:07.038,17.8600,100
52083921870093,14:28:03.921,17.8900,100
52091600039221,14:28:11.600,17.9100,1
52091600061742,14:28:11.600,17.9100,99
52091922028716,14:28:11.922,17.9400,12
52093745676136,14:28:13.745,17.9400,88
52203278204054,14:30:03.278,17.9100,2
52399755448028,14:33:19.755,17.8600,15
52412685060062,14:33:32.685,17.8700,100
52440316056256,14:34:00.316,17.8800,100
52458576826621,14:34:18.576,17.8900,100
52458577863841,14:34:18.577,17.8900,100
52458577902570,14:34:18.577,17.8900,40
52489261158982,14:34:49.261,17.9000,100
52576460749302,14:36:16.460,17.9000,20
52576465125661,14:36:16.465,17.9000,5
52729041241374,14:38:49.041,17.9400,100
52729100758970,14:38:49.100,17.9500,100
52762299938746,14:39:22.299,17.9500,5
52762299938746,14:39:22.299,17.9500,100
52983625673571,14:43:03.625,17.9300,95
52996131102250,14:43:16.131,17.9100,5
53164752147050,14:46:04.752,17.9100,100
53169738788881,14:46:09.738,17.9300,100
53189255711276,14:46:29.255,17.9400,100
53189257153259,14:46:29.257,17.9400,100
53228636340606,14:47:08.636,17.9600,100
53284003980572,14:48:04.003,17.9500,5
53284003980572,14:48:04.003,17.9500,2
53296155877514,14:48:16.155,17.9400,40
53535179865180,14:52:15.179,17.9400,73
53535179930614,14:52:15.179,17.9400,27
53535179930614,14:52:15.179,17.9400,61
53536349237577,14:52:16.349,17.9400,39
53536349237577,14:52:16.349,17.9400,61
53536378241159,14:52:16.378,17.9400,39
53544401586615,14:52:24.401,17.9500,100
53546878720656,14:52:26.878,17.9500,100
53566746808984,14:52:46.746,17.9500,100
53591175812510,14:53:11.175,17.9600,100
53861263483463,14:57:41.263,17.9600,100
53894681370536,14:58:14.681,17.9600,100
53894681400012,14:58:14.681,17.9600,100
53901015558261,14:58:21.015,17.9700,100
53901015591866,14:58:21.015,17.9700,100
53901015591866,14:58:21.015,17.9700,100
53901015591866,14:58:21.015,17.9700,100
53932011795525,14:58:52.011,17.9700,100
54195912723512,15:03:15.912,17.9800,1
54195912723512,15:03:15.912,17.9800,19
54195912723512,15:03:15.912,17.9800,80
54195912723512,15:03:15.912,17.9800,100
54195912723512,15:03:15.912,17.9800,79
54259549884324,15:04:19.549,17.9700,11
54259753118755,15:04:19.753,17.9700,89
54259753118755,15:04:19.753,17.9700,100
54259753118755,15:04:19.753,17.9700,100
54259753118755,15:04:19.753,17.9700,60
54260752557898,15:04:20.752,17.9700,100
54271336422693,15:04:31.336,17.9600,100
54271839522219,15:04:31.839,17.9700,15
54275723698814,15:04:35.723,17.9700,85
54275723698814,15:04:35.723,17.9700,100
54275723698814,15:04:35.723,17.9700,62
54275723698814,15:04:35.723,17.9700,200
54275723909912,15:04:35.723,17.9700,100
54398531467424,15:06:38.531,17.9800,100
54398534353333,15:06:38.534,17.9900,100
54398534353333,15:06:38.534,17.9900,100
54464013783973,15:07:44.013,17.9900,29
54464013783973,15:07:44.013,17.9900,2
54486411897284,15:08:06.411,17.9800,1
54486431166782,15:08:06.431,17.9800,24
54605680556288,15:10:05.680,17.9700,33
54605680619101,15:10:05.680,17.9700,27
54605680619101,15:10:05.680,17.9700,100
54610906431786,15:10:10.906,17.9600,5
54624459096410,15:10:24.459,17.9800,100
54624459096410,15:10:24.459,17.9800,100
54793269864144,15:13:13.269,17.9400,1
54805281634300,15:13:25.281,17.9600,5
54806602448853,15:13:26.602,17.9700,100
54806602448853,15:13:26.602,17.9700,100
54806602448853,15:13:26.602,17.9700,100
54899845347126,15:14:59.845,17.9900,21
54899845373066,15:14:59.845,17.9900,179
54903910775297,15:15:03.910,18.0000,100
54921895619422,15:15:21.895,18.0100,10
54921895619422,15:15:21.895,18.0100,11
54924473794642,15:15:24.473,18.0200,10
54924473794642,15:15:24.473,18.0200,100
54999650536755,15:16:39.650,18.0200,100
54999650536755,15:16:39.650,18.0200,100
55131824500550,15:18:51.824,18.0000,48
55192571268388,15:19:52.571,18.0100,100
55192572216900,15:19:52.572,18.0200,100
55192572216900,15:19:52.572,18.0200,100
55192572216900,15:19:52.572,18.0200,1
55192572246541,15:19:52.572,18.0200,99
55192572246541,15:19:52.572,18.0200,100
55193074268514,15:19:53.074,18.0300,28
55194882969306,15:19:54.882,18.0300,72
55337257902170,15:22:17.257,18.0300,100
55337799240661,15:22:17.799,18.0300,53
55337899444557,15:22:17.899,18.0300,47
55431031265175,15:23:51.031,18.0200,98
55431031496919,15:23:51.031,18.0200,2
55529202277644,15:25:29.202,18.0100,2
55529202277644,15:25:29.202,18.0100,10
55649191365972,15:27:29.191,17.9900,5
55650213875272,15:27:30.213,17.9900,95
55651249230330,15:27:31.249,17.9700,2
55651253932892,15:27:31.253,17.9700,73
55651254000826,15:27:31.254,17.9700,27
55651254000826,15:27:31.254,17.9700,100
55673131697463,15:27:53.131,17.9800,100
55675640168880,15:27:55.640,17.9900,100
55675640268859,15:27:55.640,17.9900,76
55675640273368,15:27:55.640,17.9900,24
55675640273368,15:27:55.640,17.9900,100
55675640273368,15:27:55.640,17.9900,100
55675640273368,15:27:55.640,17.9900,76
55675640294145,15:27:55.640,17.9900,24
55675640294145,15:27:55.640,17.9900,48
55805187003501,15:30:05.187,18.0000,73
55809980009888,15:30:09.980,17.9950,100
55811476016218,15:30:11.476,17.9950,100
55818132345422,15:30:18.132,17.9800,31
55818132345422,15:30:18.132,17.9800,30
55825512893655,15:30:25.512,17.9800,100
55825512893655,15:30:25.512,17.9800,5
55871329891235,15:31:11.329,18.0000,27
56034693751447,15:33:54.693,17.9900,42
56034693751447,15:33:54.693,17.9900,30
56039495967769,15:33:59.495,18.0000,49
56048258978040,15:34:08.258,18.0100,100
56048258978040,15:34:08.258,18.0100,53
56048259002747,15:34:08.259,18.0100,47
56141241016550,15:35:41.241,18.0200,78
56141241016550,15:35:41.241,18.0200,22
56141241016550,15:35:41.241,18.0200,100
56141241016550,15:35:41.241,18.0200,100
56141241016550,15:35:41.241,18.0200,100
56141241016550,15:35:41.241,18.0200,100
56141241049369,15:35:41.241,18.0200,100
56141313024285,15:35:41.313,18.0300,68
56160102442874,15:36:00.102,18.0200,200
56160103297417,15:36:00.103,18.0100,30
56236157290938,15:37:16.157,18.0000,40
56300974750210,15:38:20.974,17.9800,100
56300974778344,15:38:20.974,17.9800,100
56335378488806,15:38:55.378,17.9800,12
56336112774456,15:38:56.112,17.9800,88
56352258943986,15:39:12.258,17.9900,36
56352259019867,15:39:12.259,17.9900,55
56412890595793,15:40:12.890,17.9800,30
56412892026884,15:40:12.892,17.9800,70
56412892026884,15:40:12.892,17.9800,10
56427348843927,15:40:27.348,17.9800,90
56427348843927,15:40:27.348,17.9800,10
56455009928663,15:40:55.009,17.9800,90
56461975465524,15:41:01.975,17.9800,100
56461975646768,15:41:01.975,17.9800,100
56461975648144,15:41:01.975,17.9800,100
56461975720722,15:41:01.975,17.9800,100
56482409032146,15:41:22.409,17.9800,200
56482410310064,15:41:22.410,17.9900,9
56482410310064,15:41:22.410,17.9900,100
56482410310064,15:41:22.410,17.9900,100
56482410310064,15:41:22.410,17.9900,100
56482410310064,15:41:22.410,17.9900,100
56528016790514,15:42:08.016,17.9900,100
56528016790514,15:42:08.016,17.9900,100
56528016790514,15:42:08.016,17.9900,200
56528017350724,15:42:08.017,18.0000,23
56539906175898,15:42:19.906,18.0100,62
56539906175898,15:42:19.906,18.0100,38
56539906175898,15:42:19.906,18.0100,200
56539908542803,15:42:19.908,18.0100,100
56539908542803,15:42:19.908,18.0100,60
56638443090576,15:43:58.443,18.0200,62
56638443090576,15:43:58.443,18.0200,38
56639530856191,15:43:59.530,18.0200,100
56679859425651,15:44:39.859,18.0200,100
56679859425651,15:44:39.859,18.0200,3
56700134491708,15:45:00.134,18.0100,100
56702220654739,15:45:02.220,18.0100,32
56702225321619,15:45:02.225,18.0100,29
56702270231447,15:45:02.270,18.0100,139
56749276663423,15:45:49.276,18.0100,135
56749276663423,15:45:49.276,18.0100,100
56749277163689,15:45:49.277,18.0100,100
56771006183640,15:46:11.006,18.0200,100
56771072940804,15:46:11.072,18.0200,100
56804337484165,15:46:44.337,18.0300,35
56804337534023,15:46:44.337,18.0300,11
56859230826746,15:47:39.230,18.0300,100
56859230826746,15:47:39.230,18.0300,100
56859230826746,15:47:39.230,18.0300,100
56859230826746,15:47:39.230,18.0300,100
56859230826746,15:47:39.230,18.0300,24
56859231245440,15:47:39.231,18.0300,49
56904285296949,15:48:24.285,18.0300,15
56904285319703,15:48:24.285,18.0300,47
56904285319703,15:48:24.285,18.0300,24
56907250202743,15:48:27.250,18.0300,2
56910472245595,15:48:30.472,18.0200,100
56967842055150,15:49:27.842,18.0200,100
56967842055150,15:49:27.842,18.0200,21
56967842378568,15:49:27.842,18.0200,10
56982712073099,15:49:42.712,18.0200,100
57007557728944,15:50:07.557,18.0200,100
57047597030742,15:50:47.597,18.0200,10
57047597030742,15:50:47.597,18.0200,100
57047597030742,15:50:47.597,18.0200,100
57047597030742,15:50:47.597,18.0200,58
57048850074527,15:50:48.850,18.0300,74
57048852084451,15:50:48.852,18.0300,100
57048852084451,15:50:48.852,18.0300,200
57049490999131,15:50:49.490,18.0300,100
57094303075361,15:51:34.303,18.0300,33
57094307861560,15:51:34.307,18.0300,37
57124272083495,15:52:04.272,18.0300,100
57128855553240,15:52:08.855,18.0300,10
57145730892661,15:52:25.730,18.0200,100
57145732072259,15:52:25.732,18.0100,95
57184310666193,15:53:04.310,18.0050,14
57225681955237,15:53:45.681,18.0000,100
57225682144594,15:53:45.682,18.0000,100
57225682147409,15:53:45.682,18.0000,100
57241031780106,15:54:01.031,17.9900,91
57301979235682,15:55:01.979,17.9900,9
57301979235682,15:55:01.979,17.9900,91
57301980358008,15:55:01.980,17.9900,109
57301980358008,15:55:01.980,17.9900,91
57301980422872,15:55:01.980,17.9900,200
57301983464736,15:55:01.983,17.9900,9
57301983464736,15:55:01.983,17.9900,91
57310062058239,15:55:10.062,17.9900,100
57310062141049,15:55:10.062,17.9900,55
57310062164281,15:55:10.062,17.9900,11
57310062202374,15:55:10.062,17.9900,34
57321400592867,15:55:21.400,18.0100,100
57321400592867,15:55:21.400,18.0100,200
57370097277447,15:56:10.097,18.0100,3
57375107958465,15:56:15.107,18.0000,36
57375107981414,15:56:15.107,18.0000,11
57375108003358,15:56:15.108,18.0000,29
57383962092416,15:56:23.962,18.0000,44
57387354982079,15:56:27.354,18.0100,59
57387355009802,15:56:27.355,18.0100,41
57389479322439,15:56:29.479,18.0150,100
57417414686704,15:56:57.414,18.0200,31
57451337282965,15:57:31.337,18.0300,100
57467400864246,15:57:47.400,18.0300,100
57479768097554,15:57:59.768,18.0200,31
57479768131440,15:57:59.768,18.0200,69
57487022030243,15:58:07.022,18.0200,100
57487022030243,15:58:07.022,18.0200,100
57487022263887,15:58:07.022,18.0200,57
57508886767897,15:58:28.886,18.0150,12
57513583720597,15:58:33.583,18.0150,11
57513583720597,15:58:33.583,18.0150,45
57526086829219,15:58:46.086,18.0150,100
57550086037857,15:59:10.086,18.0150,100
57550086136401,15:59:10.086,18.0100,59
57550086136401,15:59:10.086,18.0100,100
57574301377732,15:59:34.301,18.0100,71
57597703219195,15:59:57.703,18.0100,20
57600002273211,16:00:00.002,0.0000,0
