timestamp,time,price,volume
31256054336365,08:40:56.054,20.9700,1
31257909165556,08:40:57.909,19.8300,1
31301535092425,08:41:41.535,19.3500,3900
31911000629671,08:51:51.000,21.2800,100
34200253810969,09:30:00.253,0.0000,0
34206023378537,09:30:06.023,21.5500,1
34206023378537,09:30:06.023,21.5500,1
34376076385105,09:32:56.076,21.5300,100
34376076385105,09:32:56.076,21.5300,57
34376076411926,09:32:56.076,21.5300,45
34376076911802,09:32:56.076,21.5100,2
34376076911802,09:32:56.076,21.5200,18
34376077001016,09:32:56.077,21.5100,100
34376077010959,09:32:56.077,21.5200,20
34376077925122,09:32:56.077,21.5200,30
34376077925122,09:32:56.077,21.5300,70
34398673298592,09:33:18.673,21.4700,25
34602807565579,09:36:42.807,21.5100,8
34602807565579,09:36:42.807,21.5100,14
34715655501194,09:38:35.655,21.5500,1
34744490603050,09:39:04.490,21.5900,8
34843196808151,09:40:43.196,21.5700,92
34914093540330,09:41:54.093,21.5600,68
34926845571562,09:42:06.845,21.5600,100
34945457287127,09:42:25.457,21.5300,55
34945457287127,09:42:25.457,21.5200,45
34945457314148,09:42:25.457,21.5200,55
34945458594520,09:42:25.458,21.4400,50
35074160479810,09:44:34.160,21.4800,100
35074456490247,09:44:34.456,21.4800,3
35074456490247,09:44:34.456,21.4700,28
35116428210360,09:45:16.428,21.5100,3900
35116433540134,09:45:16.433,21.4800,100
35116433693782,09:45:16.433,21.4800,100
35163026775685,09:46:03.026,21.4700,62
35260129317201,09:47:40.129,21.4400,47
35260129318486,09:47:40.129,21.4400,53
35568774474387,09:52:48.774,21.3600,34
35641269186715,09:54:01.269,21.3500,1
35644505817443,09:54:04.505,21.3600,100
35714006586435,09:55:14.006,21.3500,100
35796442038098,09:56:36.442,21.2700,42
35832657502359,09:57:12.657,21.2900,100
35832658019391,09:57:12.658,21.3000,242
35836558468512,09:57:16.558,21.3500,100
35836558851358,09:57:16.558,21.3500,100
35905512426221,09:58:25.512,21.3300,100
35905512426221,09:58:25.512,21.3300,100
35905514928713,09:58:25.514,21.3300,127
35905514938390,09:58:25.514,21.3300,73
36128935590556,10:02:08.935,21.3900,72
36139091249895,10:02:19.091,21.3300,34
36206549857446,10:03:26.549,21.3300,100
36206549857446,10:03:26.549,21.3300,100
36449609740304,10:07:29.609,21.3600,33
36518772438321,10:08:38.772,21.3500,100
36761325546075,10:12:41.325,21.3600,34
37041414221739,10:17:21.414,21.3600,33
37220090218478,10:20:20.090,21.4200,100
37220107044888,10:20:20.107,21.4000,95
37262256055676,10:21:02.256,21.4200,100
37349075018430,10:22:29.075,21.4200,34
37665092958490,10:27:45.092,21.4400,33
37665262091743,10:27:45.262,21.4700,130
37665264412308,10:27:45.264,21.4700,70
37665264412308,10:27:45.264,21.4700,30
37665264452579,10:27:45.264,21.4700,70
37950116892903,10:32:30.116,21.4800,34
38254321822859,10:37:34.321,21.5100,33
38565896842451,10:42:45.896,21.5200,34
38565896938775,10:42:45.896,21.5200,66
38565896938775,10:42:45.896,21.5200,100
38565897342248,10:42:45.897,21.5200,29
38565897416034,10:42:45.897,21.5200,100
38565927657055,10:42:45.927,21.5100,100
38857110117820,10:47:37.110,21.5400,33
39155214785000,10:52:35.214,21.5300,34
39449997068967,10:57:29.997,21.5500,10
39449999356830,10:57:29.999,21.5500,100
39734637390449,11:02:14.637,21.5600,34
40258738385155,11:10:58.738,21.5800,17
40258753962936,11:10:58.753,21.5800,45
40355239039370,11:12:35.239,21.5700,34
40480129328918,11:14:40.129,21.5900,200
40480129358411,11:14:40.129,21.5900,100
40520132874520,11:15:20.132,21.5900,100
40520132874520,11:15:20.132,21.5900,100
40520132874520,11:15:20.132,21.5900,100
40954649653389,11:22:34.649,21.5400,34
41055040849232,11:24:15.040,21.5600,5
41055040849232,11:24:15.040,21.5600,100
41055040925345,11:24:15.040,21.5600,100
41055041840486,11:24:15.041,21.5600,100
41055041874223,11:24:15.041,21.5600,100
41055078624436,11:24:15.078,21.5400,100
41062255697287,11:24:22.255,21.5300,100
41062255697287,11:24:22.255,21.5300,34
41156223796483,11:25:56.223,21.5200,100
41166591997274,11:26:06.591,21.5000,300
41240209932154,11:27:20.209,21.4900,33
41493783283193,11:31:33.783,21.5200,95
41493783365180,11:31:33.783,21.5200,2
41493783371613,11:31:33.783,21.5200,3
41539073579411,11:32:19.073,21.5300,34
41711574377592,11:35:11.574,21.5700,100
41841102155769,11:37:21.102,21.5500,33
41841102249327,11:37:21.102,21.5500,67
42137049603740,11:42:17.049,21.5200,34
42254127411178,11:44:14.127,21.5600,100
42254133138239,11:44:14.133,21.5600,100
42431030924559,11:47:11.030,21.5900,24
42431031153872,11:47:11.031,21.5900,12
42431031157257,11:47:11.031,21.5900,58
42431031159047,11:47:11.031,21.5900,6
42457316205664,11:47:37.316,21.5900,34
42457316230540,11:47:37.316,21.5900,66
42575172026682,11:49:35.172,21.5850,100
42745275619818,11:52:25.275,21.5700,33
43166449526885,11:59:26.449,21.5500,100
43344380236656,12:02:24.380,21.5500,33
43640450299391,12:07:20.450,21.5500,1
43640450299391,12:07:20.450,21.5500,33
43640450422794,12:07:20.450,21.5500,67
43640451091800,12:07:20.451,21.5500,6
43640451119226,12:07:20.451,21.5500,4
43640451131020,12:07:20.451,21.5400,100
43640451514591,12:07:20.451,21.5500,80
43960830146663,12:12:40.830,21.5500,33
44256644776307,12:17:36.644,21.5500,34
44556246155624,12:22:36.246,21.5600,33
44556351565987,12:22:36.351,21.5800,100
44556351565987,12:22:36.351,21.5800,100
44556454682063,12:22:36.454,21.6000,100
44663429421774,12:24:23.429,21.5900,100
44663429421774,12:24:23.429,21.5900,7
44837075299162,12:27:17.075,21.5700,34
45131799890470,12:32:11.799,21.5800,100
45164391376511,12:32:44.391,21.5500,33
45534687898985,12:38:54.687,21.5500,50
45725891239928,12:42:05.891,21.5500,17
45725891239928,12:42:05.891,21.5500,100
45760572853273,12:42:40.572,21.5400,33
45773138309044,12:42:53.138,21.5600,3
46060934490667,12:47:40.934,21.5400,1
46363972505082,12:52:43.972,21.5500,33
46440062612298,12:54:00.062,21.5700,51
46440182717895,12:54:00.182,21.5700,100
46440182773154,12:54:00.182,21.5700,47
46440182773154,12:54:00.182,21.5700,41
46546106307259,12:55:46.106,21.5500,67
46587159901828,12:56:27.159,21.5600,5
46587159901828,12:56:27.159,21.5600,70
46587159941748,12:56:27.159,21.5600,30
46656516971393,12:57:36.516,21.5600,1
46656516971393,12:57:36.516,21.5600,33
46949463598177,13:02:29.463,21.5600,33
47260204511378,13:07:40.204,21.5600,34
47540374184940,13:12:20.374,21.5600,33
47746993844721,13:15:46.993,21.5700,100
47746993929431,13:15:46.993,21.5600,100
47746993929431,13:15:46.993,21.5600,7
47845769517102,13:17:25.769,21.5400,1
47845769517102,13:17:25.769,21.5300,33
48045860193158,13:20:45.860,21.5300,1
48078904798518,13:21:18.904,21.5100,100
48144402980872,13:22:24.402,21.5200,33
48212939508022,13:23:32.939,21.5100,100
48222161285891,13:23:42.161,21.5100,20
48222161921100,13:23:42.161,21.5100,20
48445328933309,13:27:25.328,21.4900,34
48667520742519,13:31:07.520,21.5100,1
48667520742519,13:31:07.520,21.5100,5
48699064640537,13:31:39.064,21.5100,100
48743357290230,13:32:23.357,21.4900,33
49043984339137,13:37:23.984,21.5000,34
49364334333217,13:42:44.334,21.5100,33
49370702368377,13:42:50.702,21.5200,1
49370702368377,13:42:50.702,21.5200,25
49370702368377,13:42:50.702,21.5200,5
49664413850455,13:47:44.413,21.5100,34
49745616308803,13:49:05.616,21.5100,33
49745616308803,13:49:05.616,21.5100,67
49752965487185,13:49:12.965,21.5100,33
49752965487185,13:49:12.965,21.5100,67
49752965554013,13:49:12.965,21.5100,10
49752966230812,13:49:12.966,21.5100,23
49954016570278,13:52:34.016,21.4900,33
50105111023888,13:55:05.111,21.5100,11
50105114910304,13:55:05.114,21.5100,25
50255406176024,13:57:35.406,21.5100,34
50408990653299,14:00:08.990,21.5500,100
50409175176689,14:00:09.175,21.5600,100
50431307913161,14:00:31.307,21.5800,100
50431315067911,14:00:31.315,21.5600,100
50440658813919,14:00:40.658,21.5600,100
50555563083958,14:02:35.563,21.5500,33
50635403171824,14:03:55.403,21.5900,100
50635403740010,14:03:55.403,21.5900,29
50635404560773,14:03:55.404,21.5800,100
50642061439499,14:04:02.061,21.5700,29
50642063207686,14:04:02.063,21.5700,61
50642070627195,14:04:02.070,21.5800,100
50642285774285,14:04:02.285,21.5900,30
50642285774285,14:04:02.285,21.5900,70
50690290779676,14:04:50.290,21.5900,30
50690290779676,14:04:50.290,21.5900,39
50690290780649,14:04:50.290,21.5900,22
50718132085972,14:05:18.132,21.5900,29
50760961335823,14:06:00.961,21.6300,154
50863824949705,14:07:43.824,21.6200,34
50863825196726,14:07:43.825,21.6200,66
50998024895972,14:09:58.024,21.6200,100
51047813726199,14:10:47.813,21.6200,31
51047813726199,14:10:47.813,21.6200,7
51089117595438,14:11:29.117,21.6300,5
51089117595438,14:11:29.117,21.6300,162
51089117604668,14:11:29.117,21.6300,38
51138975297257,14:12:18.975,21.6200,33
51386216852421,14:16:26.216,21.6300,100
51386216877602,14:16:26.216,21.6300,100
51386217048339,14:16:26.217,21.6300,100
51450821224832,14:17:30.821,21.6100,34
51654267920835,14:20:54.267,21.6300,22
51654722642338,14:20:54.722,21.6400,100
51654722711061,14:20:54.722,21.6400,125
51654722858399,14:20:54.722,21.6400,100
51654753948006,14:20:54.753,21.6400,100
51654755269539,14:20:54.755,21.6300,100
51654780744364,14:20:54.780,21.6400,100
51746077959994,14:22:26.077,21.6300,33
51971222462832,14:26:11.222,21.6300,67
52068984007784,14:27:48.984,21.6200,100
52348633014540,14:32:28.633,21.6100,33
52501667534339,14:35:01.667,21.6200,100
52501667722008,14:35:01.667,21.6300,131
52501667722008,14:35:01.667,21.6300,5
52501668457297,14:35:01.668,21.6300,2
52501668488403,14:35:01.668,21.6300,17
52501668745351,14:35:01.668,21.6300,30
52501668745351,14:35:01.668,21.6300,58
52501668745351,14:35:01.668,21.6300,88
52524136285188,14:35:24.136,21.6100,100
52572337415217,14:36:12.337,21.5900,100
52704105028039,14:38:24.105,21.6000,2
52704105028039,14:38:24.105,21.6000,5
52704106542218,14:38:24.106,21.6000,100
52946079088538,14:42:26.079,21.5900,33
52958122581135,14:42:38.122,21.6000,100
52995074561071,14:43:15.074,21.5900,67
52995074561071,14:43:15.074,21.5900,100
53212283638523,14:46:52.283,21.6100,1
53212283638523,14:46:52.283,21.6100,54
53212283640857,14:46:52.283,21.6100,84
53212283734529,14:46:52.283,21.6000,200
53212285533018,14:46:52.285,21.6100,100
53214197913063,14:46:54.197,21.6000,100
53245245595649,14:47:25.245,21.5900,34
53293738344075,14:48:13.738,21.5900,66
53293738344075,14:48:13.738,21.5900,84
53293739133398,14:48:13.739,21.5900,14
53293739332454,14:48:13.739,21.5900,2
53293739332454,14:48:13.739,21.5900,36
53472963054922,14:51:12.963,21.5900,100
53472963829131,14:51:12.963,21.5900,100
53526677161678,14:52:06.677,21.5900,100
53586910131086,14:53:06.910,21.6000,200
53586910131086,14:53:06.910,21.6100,100
53586910485553,14:53:06.910,21.6100,100
53586910485553,14:53:06.910,21.6100,100
53586911132415,14:53:06.911,21.6100,76
53586911146693,14:53:06.911,21.6100,124
53599878689205,14:53:19.878,21.6000,100
53632268274754,14:53:52.268,21.5900,11
53682519904792,14:54:42.519,21.6100,100
53848503850816,14:57:28.503,21.6000,34
53914201964424,14:58:34.201,21.6200,100
53914201994415,14:58:34.201,21.6300,100
54030845268695,15:00:30.845,21.6500,83
54030845307800,15:00:30.845,21.6500,17
54030845307800,15:00:30.845,21.6500,40
54030845497476,15:00:30.845,21.6500,48
54030845787923,15:00:30.845,21.6500,12
54030845787923,15:00:30.845,21.6500,88
54135447038749,15:02:15.447,21.6400,33
54360485955911,15:06:00.485,21.6400,100
54360485955911,15:06:00.485,21.6400,91
54360486057364,15:06:00.486,21.6400,9
54360486057364,15:06:00.486,21.6400,100
54360500787857,15:06:00.500,21.6400,9
54454524498986,15:07:34.524,21.6100,34
54623409147430,15:10:23.409,21.6100,92
54623409175436,15:10:23.409,21.6100,1
54660085695798,15:11:00.085,21.6100,7
54762075683475,15:12:42.075,21.6000,18
54909722423729,15:15:09.722,21.6200,100
54909722423729,15:15:09.722,21.6200,100
54965402527598,15:16:05.402,21.6500,12
54990981295213,15:16:30.981,21.6500,37
54990981625920,15:16:30.981,21.6500,63
55043756757275,15:17:23.756,21.6300,33
55128866777369,15:18:48.866,21.6400,100
55136957750299,15:18:56.957,21.6300,7
55136957750299,15:18:56.957,21.6300,4
55156183021391,15:19:16.183,21.6500,100
55237528671650,15:20:37.528,21.6600,9
55237617165580,15:20:37.617,21.6600,100
55315822897563,15:21:55.822,21.6500,100
55332209754945,15:22:12.209,21.6400,9
55332209754945,15:22:12.209,21.6400,100
55332210206972,15:22:12.210,21.6400,15
55332211804899,15:22:12.211,21.6400,94
55332212679752,15:22:12.212,21.6400,91
55355701165985,15:22:35.701,21.6200,33
55528931635297,15:25:28.931,21.6200,67
55528931635297,15:25:28.931,21.6200,100
55676971526536,15:27:56.971,21.6200,100
55677281010746,15:27:57.281,21.6200,100
55677281010746,15:27:57.281,21.6200,100
55677369758583,15:27:57.369,21.6200,100
55790904871712,15:29:50.904,21.6200,34
55790904967632,15:29:50.904,21.6200,66
55811273638795,15:30:11.273,21.6000,1
55811273742351,15:30:11.273,21.6000,199
55811273742351,15:30:11.273,21.6000,100
55884335664281,15:31:24.335,21.6000,3
55884335669038,15:31:24.335,21.6000,33
55884335677772,15:31:24.335,21.6000,2
55885954500432,15:31:25.954,21.6000,62
55885954500432,15:31:25.954,21.6000,38
55885954606025,15:31:25.954,21.6000,62
55885955034141,15:31:25.955,21.6000,130
55885958204947,15:31:25.958,21.6000,17
56062016175576,15:34:22.016,21.5900,10
56062016175576,15:34:22.016,21.5900,100
56062016175576,15:34:22.016,21.5900,90
56062016201746,15:34:22.016,21.5900,10
56174903726446,15:36:14.903,21.5800,5
56174904173897,15:36:14.904,21.5800,35
56174904173897,15:36:14.904,21.5800,65
56174904218455,15:36:14.904,21.5800,35
56462704646739,15:41:02.704,21.5700,5
56462704646739,15:41:02.704,21.5700,24
56462704646739,15:41:02.704,21.5700,17
56469023988551,15:41:09.023,21.5700,5
56481752302344,15:41:21.752,21.5700,49
56481752302344,15:41:21.752,21.5600,14
56481752830281,15:41:21.752,21.5650,100
56481752830281,15:41:21.752,21.5700,100
56481760156717,15:41:21.760,21.5600,86
56481762309794,15:41:21.762,21.5400,14
56481767136405,15:41:21.767,21.5500,100
56507356499445,15:41:47.356,21.5600,25
56581607760336,15:43:01.607,21.5700,100
56585581587522,15:43:05.581,21.5700,66
56587134556004,15:43:07.134,21.5700,34
56587192340184,15:43:07.192,21.5700,100
56587192382115,15:43:07.192,21.5700,100
56700047310432,15:45:00.047,21.5600,35
56700189866899,15:45:00.189,21.5500,200
56739718663989,15:45:39.718,21.5600,66
56739718673120,15:45:39.718,21.5600,11
56739718673120,15:45:39.718,21.5600,233
56739718673120,15:45:39.718,21.5600,120
56739718673120,15:45:39.718,21.5600,66
56739718676548,15:45:39.718,21.5600,34
56740218302802,15:45:40.218,21.5600,100
56905643447159,15:48:25.643,21.5500,74
56907372717166,15:48:27.372,21.5500,26
56907372717166,15:48:27.372,21.5500,5
56907372717166,15:48:27.372,21.5500,100
56907372717166,15:48:27.372,21.5500,10
56907376403904,15:48:27.376,21.5400,200
56913749894353,15:48:33.749,21.5400,100
56913749894353,15:48:33.749,21.5400,10
57041965484948,15:50:41.965,21.5400,60
57041965484948,15:50:41.965,21.5400,5
57041965484948,15:50:41.965,21.5400,30
57041965484948,15:50:41.965,21.5400,5
57041966131351,15:50:41.966,21.5400,95
57041966131351,15:50:41.966,21.5400,70
57041966131351,15:50:41.966,21.5400,35
57048909349483,15:50:48.909,21.5400,2
57057454608055,15:50:57.454,21.5400,17
57060139786971,15:51:00.139,21.5400,20
57157485306131,15:52:37.485,21.5300,100
57157591877120,15:52:37.591,21.5200,200
57260442459724,15:54:20.442,21.5150,100
57270745171916,15:54:30.745,21.5200,5
57270745171916,15:54:30.745,21.5200,100
57270745171916,15:54:30.745,21.5200,100
57270745171916,15:54:30.745,21.5200,75
57297208104469,15:54:57.208,21.5300,5
57306546365722,15:55:06.546,21.5400,100
57306546365722,15:55:06.546,21.5400,100
57314428072939,15:55:14.428,21.5400,21
57320196624671,15:55:20.196,21.5300,55
57352271858131,15:55:52.271,21.5300,32
57379210529511,15:56:19.210,21.5250,24
57379210529511,15:56:19.210,21.5300,13
57379210529511,15:56:19.210,21.5300,125
57379210529511,15:56:19.210,21.5300,41
57400224203436,15:56:40.224,21.5400,13
57400224203436,15:56:40.224,21.5400,25
57424221115444,15:57:04.221,21.5500,1
57424221115444,15:57:04.221,21.5500,100
57439363117072,15:57:19.363,21.5500,10
57439363117072,15:57:19.363,21.5500,100
57439363117072,15:57:19.363,21.5500,100
57439367037014,15:57:19.367,21.5400,26
57439367915421,15:57:19.367,21.5500,7
57440037311516,15:57:20.037,21.5400,100
57454822784079,15:57:34.822,21.5450,100
57463513601301,15:57:43.513,21.5500,10
57463513601301,15:57:43.513,21.5500,11
57463513601301,15:57:43.513,21.5500,13
57465212446809,15:57:45.212,21.5500,7
57489308472477,15:58:09.308,21.5500,100
57489310235260,15:58:09.310,21.5500,5
57495039652242,15:58:15.039,21.5450,100
57495068666732,15:58:15.068,21.5400,74
57495068666732,15:58:15.068,21.5400,26
57495086715737,15:58:15.086,21.5450,100
57498997740024,15:58:18.997,21.5450,100
57499699619748,15:58:19.699,21.5450,100
57523549531930,15:58:43.549,21.5500,5
57525215750777,15:58:45.215,21.5600,25
57555035039244,15:59:15.035,21.5800,5
57555618068438,15:59:15.618,21.5900,100
57585604233423,15:59:45.604,21.5900,2
57586003698547,15:59:46.003,21.5950,75
57586004556135,15:59:46.004,21.5950,25
57586324100605,15:59:46.324,21.5900,4
57589908685618,15:59:49.908,21.5950,100
57600774083483,16:00:00.774,0.0000,0
