timestamp,time,price,volume
34200576367909,09:30:00.576,62.6300,5146
34200688838997,09:30:00.688,62.3300,100
34202767274306,09:30:02.767,63.1700,40
34202770388563,09:30:02.770,63.1700,40
34202770388563,09:30:02.770,63.2600,40
34202770515390,09:30:02.770,63.2600,60
34202770515390,09:30:02.770,63.4300,40
34202770626556,09:30:02.770,63.4300,30
34258999912602,09:30:58.999,63.1000,9
34309592419313,09:31:49.592,62.2400,100
34317250240866,09:31:57.250,62.7500,1
34317270747241,09:31:57.270,62.5100,100
34337200697249,09:32:17.200,62.4900,100
34337200773930,09:32:17.200,62.5600,100
34369145267162,09:32:49.145,62.6700,200
34369145283457,09:32:49.145,62.6900,100
34369145318446,09:32:49.145,62.6900,100
34369145746344,09:32:49.145,62.7500,100
34451586701714,09:34:11.586,62.7000,1
34534303127119,09:35:34.303,62.5900,100
34534652458860,09:35:34.652,62.5550,100
34534652458860,09:35:34.652,62.6600,400
34534652536574,09:35:34.652,62.6000,100
34561911565271,09:36:01.911,62.6600,100
34561911565271,09:36:01.911,62.6600,6
34561912024028,09:36:01.912,62.7500,100
34561912026947,09:36:01.912,62.7600,31
34561912028492,09:36:01.912,62.7600,69
34561912028492,09:36:01.912,62.7600,31
34561912058055,09:36:01.912,62.7600,29
34569764034662,09:36:09.764,62.8700,1
34569765329023,09:36:09.765,62.8600,100
34573088820409,09:36:13.088,62.7000,5
34586158261021,09:36:26.158,62.9200,58
34586196890236,09:36:26.196,62.9200,58
34602587516810,09:36:42.587,62.9700,1
34605340378202,09:36:45.340,63.0300,6
34605845591970,09:36:45.845,62.9200,1
34605845591970,09:36:45.845,62.9200,11
34605845618276,09:36:45.845,62.9200,89
34605845618276,09:36:45.845,62.9200,100
34605845683297,09:36:45.845,62.8700,33
34605845687174,09:36:45.845,62.8700,67
34605846063023,09:36:45.846,62.8100,6
34605846161690,09:36:45.846,62.8100,94
34658436929790,09:37:38.436,62.7600,1
34724838270460,09:38:44.838,63.0200,100
34724838609480,09:38:44.838,63.0300,94
34741096299393,09:39:01.096,63.2500,100
34741096299393,09:39:01.096,63.2500,78
34742587089219,09:39:02.587,63.2500,1
34856585197368,09:40:56.585,63.0800,100
34856585803476,09:40:56.585,63.1500,1
34856585805644,09:40:56.585,63.0800,100
34856585816427,09:40:56.585,63.0700,100
34856585866077,09:40:56.585,63.0700,60
34856585866077,09:40:56.585,63.0600,40
34856585892865,09:40:56.585,63.0600,60
34992587058637,09:43:12.587,63.0200,1
34992587197821,09:43:12.587,63.0300,25
34992587491155,09:43:12.587,63.0500,1
34999410413553,09:43:19.410,63.2200,100
35017399013764,09:43:37.399,63.2900,100
35017399013764,09:43:37.399,63.2700,50
35017399013764,09:43:37.399,63.2700,20
35017399013764,09:43:37.399,63.2700,100
35017399013764,09:43:37.399,63.2500,50
35017399013764,09:43:37.399,63.2400,80
35017399383584,09:43:37.399,63.2400,55
35017399383584,09:43:37.399,63.2400,45
35017399389840,09:43:37.399,63.2400,55
35017399795991,09:43:37.399,63.1700,100
35112230797666,09:45:12.230,62.8900,100
35112284235304,09:45:12.284,62.9500,90
35112284235304,09:45:12.284,62.9300,10
35112284261918,09:45:12.284,62.9300,90
35112284910114,09:45:12.284,62.8700,100
35112285494364,09:45:12.285,62.8700,100
35112334942300,09:45:12.334,62.8900,100
35114778583384,09:45:14.778,62.7700,75
35176725738699,09:46:16.725,62.7650,100
35245945354426,09:47:25.945,62.7800,100
35246057211179,09:47:26.057,62.8600,36
35246057211179,09:47:26.057,62.8600,42
35246057252544,09:47:26.057,62.8600,20
35246057252544,09:47:26.057,62.8900,80
35246057592337,09:47:26.057,62.8300,100
35246057751386,09:47:26.057,62.8900,20
35246057751386,09:47:26.057,62.8900,59
35246057756118,09:47:26.057,62.8900,41
35247451954718,09:47:27.451,63.0200,100
35247451954718,09:47:27.451,63.0600,100
35247451954718,09:47:27.451,63.0800,100
35247451954718,09:47:27.451,63.0800,100
35247451954718,09:47:27.451,63.0800,100
35247451954718,09:47:27.451,63.0900,100
35247451954718,09:47:27.451,63.0900,99
35247451954718,09:47:27.451,63.0900,1
35247452171087,09:47:27.452,63.0300,1
35247452303727,09:47:27.452,63.0300,99
35247452383593,09:47:27.452,63.0300,1
35247452383593,09:47:27.452,63.0300,1
35247452383593,09:47:27.452,63.0300,98
35247452395381,09:47:27.452,63.0300,1
35261585885651,09:47:41.585,63.0300,1
35261585932981,09:47:41.585,62.9800,2
35261585932981,09:47:41.585,62.9700,598
35261585959749,09:47:41.585,62.9700,2
35261680272461,09:47:41.680,62.9050,100
35261680323757,09:47:41.680,62.9700,200
35261681203346,09:47:41.681,62.9700,100
35285296917554,09:48:05.296,62.9600,293
35285296942639,09:48:05.296,62.9600,7
35342014911371,09:49:02.014,62.8700,100
35342014995276,09:49:02.014,62.8300,100
35342015252513,09:49:02.015,62.8700,100
35342017739113,09:49:02.017,62.8000,100
35342021495817,09:49:02.021,62.8900,100
35342075451301,09:49:02.075,62.9400,100
35342075451301,09:49:02.075,62.9500,100
35342075482470,09:49:02.075,62.9500,100
35342075482470,09:49:02.075,62.9500,200
35342077378604,09:49:02.077,62.9800,100
35342080668870,09:49:02.080,62.8400,100
35342080668870,09:49:02.080,62.7600,100
35342168488883,09:49:02.168,62.7600,100
35617834814065,09:53:37.834,62.8900,100
35617835391549,09:53:37.835,62.9100,73
35617835394418,09:53:37.835,62.9100,27
35617835521746,09:53:37.835,62.9700,1
35617835525650,09:53:37.835,62.9700,42
35617835528412,09:53:37.835,62.9700,157
35617835986319,09:53:37.835,62.9600,80
35618254750156,09:53:38.254,62.8900,100
35618254774515,09:53:38.254,62.8900,700
35704703076175,09:55:04.703,62.9300,1
35737326509608,09:55:37.326,62.9300,100
35765392314658,09:56:05.392,62.8600,100
35765392314658,09:56:05.392,62.8500,400
35765392341391,09:56:05.392,62.8500,300
35765392341391,09:56:05.392,62.8500,89
35765392341391,09:56:05.392,62.8500,100
35765392748210,09:56:05.392,62.8200,18
35765392887440,09:56:05.392,62.8200,2
35765392921692,09:56:05.392,62.8200,80
35765444483873,09:56:05.444,62.8400,100
35766435010626,09:56:06.435,62.7100,100
35773879088291,09:56:13.879,62.7000,100
35773888390658,09:56:13.888,62.6600,52
35773888416439,09:56:13.888,62.6600,148
35822213346590,09:57:02.213,62.7800,100
35834512239202,09:57:14.512,62.6300,100
35834512265383,09:57:14.512,62.6300,100
35895715691455,09:58:15.715,62.6000,26
35895715691455,09:58:15.715,62.6000,100
35895718383778,09:58:15.718,62.5500,200
35918539592801,09:58:38.539,62.4500,200
35918539597185,09:58:38.539,62.4500,200
35918539605041,09:58:38.539,62.4500,30
35918539605041,09:58:38.539,62.4400,170
35918539631120,09:58:38.539,62.4400,30
35924849774910,09:58:44.849,62.4600,90
35981577059026,09:59:41.577,62.2900,100
35981577059026,09:59:41.577,62.2900,24
35981577059026,09:59:41.577,62.2900,100
36026966859303,10:00:26.966,62.0700,66
36082352068771,10:01:22.352,62.2700,100
36082352110725,10:01:22.352,62.2900,100
36082352150117,10:01:22.352,62.2200,100
36082406889657,10:01:22.406,62.2300,100
36083518673071,10:01:23.518,62.2900,100
36086741584838,10:01:26.741,62.3200,1
36126095500603,10:02:06.095,62.2400,16
36162608119263,10:02:42.608,62.3000,100
36164387769800,10:02:44.387,62.1900,51
36164387959632,10:02:44.387,62.1900,99
36164387960960,10:02:44.387,62.1900,1
36166688439012,10:02:46.688,62.1000,100
36166698262703,10:02:46.698,62.1100,100
36166699714334,10:02:46.699,62.0600,100
36168628703574,10:02:48.628,62.1500,100
36168628752237,10:02:48.628,62.1700,100
36168628758659,10:02:48.628,62.1700,100
36206830599071,10:03:26.830,62.2500,3
36206922081530,10:03:26.922,62.2500,3
36206922081530,10:03:26.922,62.2500,97
36210714115870,10:03:30.714,62.2600,100
36210714154046,10:03:30.714,62.2600,23
36210845466538,10:03:30.845,62.3000,100
36210845466538,10:03:30.845,62.2900,73
36210845492127,10:03:30.845,62.2900,149
36210907782839,10:03:30.907,62.3300,23
36210907806939,10:03:30.907,62.3300,77
36210961144683,10:03:30.961,62.3400,100
36210961168336,10:03:30.961,62.3400,500
36210961510867,10:03:30.961,62.3500,200
36210961510867,10:03:30.961,62.3500,100
36210963658168,10:03:30.963,62.3700,100
36211027367410,10:03:31.027,62.3600,100
36211123054963,10:03:31.123,62.3600,84
36211123078813,10:03:31.123,62.3600,416
36211123078813,10:03:31.123,62.3600,94
36211123114852,10:03:31.123,62.3600,500
36211123114852,10:03:31.123,62.3600,10
36211123144787,10:03:31.123,62.3500,100
36240255879816,10:04:00.255,62.3700,100
36302864102260,10:05:02.864,62.3300,24
36360185082265,10:06:00.185,62.3000,100
36360185124968,10:06:00.185,62.3000,100
36366801311819,10:06:06.801,62.3700,1
36506825936408,10:08:26.825,62.3000,1
36546189642858,10:09:06.189,62.3600,100
36571938005547,10:09:31.938,62.3500,100
36571938005547,10:09:31.938,62.3500,100
36592788986225,10:09:52.788,62.3700,100
36592788986225,10:09:52.788,62.4000,100
36592788986225,10:09:52.788,62.4000,500
36592789722929,10:09:52.789,62.4200,2
36600395953530,10:10:00.395,62.2200,90
36600395953530,10:10:00.395,62.2200,10
36621587062417,10:10:21.587,62.3200,100
36621587062417,10:10:21.587,62.3200,100
36621617135720,10:10:21.617,62.3300,100
36621617135720,10:10:21.617,62.3300,7
36621617161128,10:10:21.617,62.3300,93
36627732202953,10:10:27.732,62.3500,1
36627768326156,10:10:27.768,62.3900,100
36630269009769,10:10:30.269,62.3900,99
36630269009769,10:10:30.269,62.4000,1
36715954563517,10:11:55.954,62.4000,100
36715954603127,10:11:55.954,62.4000,100
36715954618223,10:11:55.954,62.4100,100
36715954626636,10:11:55.954,62.4200,16
36715957942784,10:11:55.957,62.4200,16
36715957970625,10:11:55.957,62.4200,100
36716034002306,10:11:56.034,62.3700,78
36721467827619,10:12:01.467,62.4700,17
36724237362007,10:12:04.237,62.4700,60
36749129415037,10:12:29.129,62.5700,1
36770500088042,10:12:50.500,62.6300,58
36807633253770,10:13:27.633,62.6100,200
36807633253770,10:13:27.633,62.6300,100
36807633253770,10:13:27.633,62.6300,100
36809010408105,10:13:29.010,62.6500,100
36813836300591,10:13:33.836,62.5900,100
36813836300591,10:13:33.836,62.5800,200
36815775648868,10:13:35.775,62.5900,100
36815776040681,10:13:35.776,62.5900,200
36815776505485,10:13:35.776,62.5900,100
36815777347089,10:13:35.777,62.5800,31
36815777347089,10:13:35.777,62.5800,69
36815777373050,10:13:35.777,62.5800,31
36818933070015,10:13:38.933,62.6200,100
36818939137079,10:13:38.939,62.6300,100
36852921834953,10:14:12.921,62.6800,69
36852921836185,10:14:12.921,62.6800,31
36927893661634,10:15:27.893,62.5600,15
36927893661634,10:15:27.893,62.5600,100
36927893661634,10:15:27.893,62.5600,85
36927893688337,10:15:27.893,62.5600,115
36928386445951,10:15:28.386,62.5500,100
36928386986738,10:15:28.386,62.5600,100
36973173687087,10:16:13.173,62.6300,58
37193756329857,10:19:53.756,62.6300,22
37195033416814,10:19:55.033,62.6300,78
37195033416814,10:19:55.033,62.6500,22
37195033444559,10:19:55.033,62.6500,78
37195033444559,10:19:55.033,62.6500,100
37195033496855,10:19:55.033,62.6600,78
37195033506445,10:19:55.033,62.6600,22
37195034311028,10:19:55.034,62.6600,100
37200131275566,10:20:00.131,62.7300,100
37200131275566,10:20:00.131,62.7300,58
37209036312568,10:20:09.036,62.7600,1
37264716686908,10:21:04.716,62.7650,100
37264716686908,10:21:04.716,62.7100,100
37264731356564,10:21:04.731,62.8100,100
37264732612647,10:21:04.732,62.8500,100
37264983274816,10:21:04.983,62.7500,100
37264983550898,10:21:04.983,62.7400,20
37264983576099,10:21:04.983,62.7400,80
37264984104688,10:21:04.984,62.7400,100
37274605608996,10:21:14.605,62.7100,1
37332263939297,10:22:12.263,62.8400,98
37412114592196,10:23:32.114,62.8800,100
37412114592196,10:23:32.114,62.9000,100
37412114605331,10:23:32.114,62.9000,100
37412115594140,10:23:32.115,62.8900,100
37412115957123,10:23:32.115,62.9000,69
37412115959703,10:23:32.115,62.9000,70
37412116096217,10:23:32.116,62.9000,161
37412116356593,10:23:32.116,62.9300,14
37441587464627,10:24:01.587,62.9200,1
37556589411873,10:25:56.589,62.9200,1
37567220529626,10:26:07.220,62.9900,55
37567220529626,10:26:07.220,62.9900,40
37567220529626,10:26:07.220,63.0100,5
37637024220435,10:27:17.024,62.8300,100
37637024248607,10:27:17.024,62.8300,13
37637024248607,10:27:17.024,62.8300,137
37637024346180,10:27:17.024,62.8300,63
37670140717572,10:27:50.140,62.9400,100
37670140752999,10:27:50.140,62.9400,35
37702316189615,10:28:22.316,63.0700,100
37702446169516,10:28:22.446,63.0800,1
37702456262815,10:28:22.456,63.0800,15
37703922022926,10:28:23.922,63.0800,84
37703922022926,10:28:23.922,63.0800,16
37705997887066,10:28:25.997,63.0800,84
37705997887066,10:28:25.997,63.0800,16
37715344696483,10:28:35.344,63.0100,100
37715345194497,10:28:35.345,62.9800,100
37715345194497,10:28:35.345,62.9800,500
37717810953362,10:28:37.810,62.9800,100
37717810978077,10:28:37.810,62.9800,11
37717811042918,10:28:37.811,62.9800,11
37717811074334,10:28:37.811,62.9800,89
37739651052688,10:28:59.651,62.9800,100
37739735343771,10:28:59.735,62.9800,100
37739735381020,10:28:59.735,62.9900,100
37739735402871,10:28:59.735,62.9900,100
37744868544025,10:29:04.868,62.9800,100
37744931060139,10:29:04.931,62.9500,300
37744931109014,10:29:04.931,62.9500,100
37744931132632,10:29:04.931,62.9500,6
37744931178027,10:29:04.931,62.9500,100
37744931228074,10:29:04.931,62.9500,94
37748124473992,10:29:08.124,62.9100,300
37748125008301,10:29:08.125,62.8500,100
37748126027638,10:29:08.126,62.9100,100
37751504128026,10:29:11.504,62.9100,116
37957936375086,10:32:37.936,62.9600,100
38006441790984,10:33:26.441,63.0200,100
38006441790984,10:33:26.441,63.0200,100
38023139633410,10:33:43.139,63.0500,100
38026919349698,10:33:46.919,63.0600,1
38026919349698,10:33:46.919,63.0600,7
38096633451780,10:34:56.633,63.0000,1
38231596669332,10:37:11.596,63.0000,1
38236139744114,10:37:16.139,63.0600,100
38245547582552,10:37:25.547,62.9200,100
38245547620336,10:37:25.547,62.9200,12
38245547689442,10:37:25.547,62.9200,10
38300577321902,10:38:20.577,62.9900,100
38300607953765,10:38:20.607,63.0000,100
38300607953765,10:38:20.607,63.0000,100
38366592985999,10:39:26.592,62.9800,1
38398891477822,10:39:58.891,63.0400,6
38469212026387,10:41:09.212,62.9300,100
38469212026387,10:41:09.212,62.9200,100
38469212026387,10:41:09.212,62.9200,14
38469212355494,10:41:09.212,62.9200,100
38469212375572,10:41:09.212,62.9200,100
38522127094721,10:42:02.127,62.8950,300
38522127094721,10:42:02.127,62.9500,100
38522127289120,10:42:02.127,62.9600,100
38522128527388,10:42:02.128,62.9700,100
38522128527388,10:42:02.128,62.9700,100
38546111361018,10:42:26.111,62.9100,5
38546111361018,10:42:26.111,62.9100,14
38657194421897,10:44:17.194,62.9700,100
38657194421897,10:44:17.194,62.9800,4
38657194421897,10:44:17.194,62.9800,96
38657194449080,10:44:17.194,62.9800,4
38657195683879,10:44:17.195,62.9600,10
38657200836247,10:44:17.200,62.9800,10
38657704410748,10:44:17.704,63.0000,100
38664737846359,10:44:24.737,63.0200,100
38664738480500,10:44:24.738,63.0300,19
38664739035987,10:44:24.739,63.0200,110
38665069173349,10:44:25.069,63.0300,81
38665069173349,10:44:25.069,63.0400,100
38665069173349,10:44:25.069,63.0400,19
38665069254712,10:44:25.069,63.0400,81
38665070415287,10:44:25.070,63.0400,100
38665117160868,10:44:25.117,63.0300,100
38665137676289,10:44:25.137,63.0400,100
38665705962386,10:44:25.705,63.0500,1
38665726583573,10:44:25.726,63.0600,20
38665726583573,10:44:25.726,63.0600,80
38665726608064,10:44:25.726,63.0600,20
38665726679994,10:44:25.726,63.0500,30
38693298255806,10:44:53.298,63.0800,100
38729158115075,10:45:29.158,63.1400,100
38813048965194,10:46:53.048,63.1400,1
38813048965194,10:46:53.048,63.1400,80
38825296780290,10:47:05.296,63.0900,3
38825296780290,10:47:05.296,63.0800,100
38825296780290,10:47:05.296,63.0800,100
38825296780290,10:47:05.296,63.0800,13
38825296780290,10:47:05.296,63.0800,84
38825296828595,10:47:05.296,63.0800,16
38826025888943,10:47:06.025,63.0600,5
38832620797841,10:47:12.620,63.0500,100
38832620905735,10:47:12.620,63.0400,100
38832686992638,10:47:12.686,63.0200,200
38836958854638,10:47:16.958,63.0300,50
38861876985436,10:47:41.876,63.0200,100
38861880158433,10:47:41.880,63.0700,11
38996743581915,10:49:56.743,63.0200,14
38996745664112,10:49:56.745,63.0000,80
38996745690326,10:49:56.745,63.0000,20
39000216107600,10:50:00.216,62.9900,100
39000216169173,10:50:00.216,62.9800,5
39000285484614,10:50:00.285,62.9800,95
39004099995945,10:50:04.099,62.9600,100
39004099995945,10:50:04.099,62.9600,100
39004100022166,10:50:04.100,62.9600,9
39004100037881,10:50:04.100,62.9600,31
39004100037881,10:50:04.100,62.9600,14
39014102543278,10:50:14.102,63.0000,100
39014102579547,10:50:14.102,63.0000,83
39014102583711,10:50:14.102,63.0000,17
39045138587771,10:50:45.138,62.9200,74
39045140033941,10:50:45.140,62.9200,100
39045140033941,10:50:45.140,62.9100,100
39046323834284,10:50:46.323,62.9000,100
39046324404411,10:50:46.324,62.8800,300
39048086156921,10:50:48.086,62.9600,100
39176598911497,10:52:56.598,62.9600,1
39222190444797,10:53:42.190,62.8900,15
39235720668358,10:53:55.720,62.9200,91
39310593235176,10:55:10.593,62.9900,100
39310593235176,10:55:10.593,62.9900,100
39310593266507,10:55:10.593,62.9900,200
39310593981718,10:55:10.593,63.0200,3
39310681942341,10:55:10.681,62.9850,300
39310682096065,10:55:10.682,62.9900,100
39310711141661,10:55:10.711,62.9900,200
39312588626326,10:55:12.588,62.9800,1
39421456745290,10:57:01.456,62.9100,14
39421456745290,10:57:01.456,62.9100,10
39422754165771,10:57:02.754,62.9000,100
39422756273214,10:57:02.756,62.9400,100
39422770940991,10:57:02.770,62.9800,50
39437713113040,10:57:17.713,62.9000,12
39579440357396,10:59:39.440,62.8900,14
39579441073233,10:59:39.441,62.8800,100
39579441073233,10:59:39.441,62.8800,76
39579441211170,10:59:39.441,62.8800,1
39601224819332,11:00:01.224,62.9300,100
39601224819332,11:00:01.224,62.9300,10
39601224819332,11:00:01.224,62.9300,90
39601226511215,11:00:01.226,62.9300,100
39601762699281,11:00:01.762,62.9300,10
39602731268160,11:00:02.731,62.9600,100
39602731294737,11:00:02.731,62.9600,100
39629444016616,11:00:29.444,62.9300,14
39629444107744,11:00:29.444,62.9200,600
39663432564787,11:01:03.432,62.9800,100
39663434478440,11:01:03.434,62.9900,100
39663436741278,11:01:03.436,63.0100,100
39663436781961,11:01:03.436,63.0100,100
39663436826156,11:01:03.436,63.0100,100
39664136693529,11:01:04.136,62.9800,1
39668290064338,11:01:08.290,62.9800,100
39729457308184,11:02:09.457,63.0600,100
39895564156268,11:04:55.564,63.0400,1
39895564156268,11:04:55.564,63.0400,1
39926021586258,11:05:26.021,62.9800,13
39926021586258,11:05:26.021,62.9800,187
39926021628474,11:05:26.021,62.9800,13
39926021628474,11:05:26.021,62.9800,100
39926021628474,11:05:26.021,62.9800,56
39926021658493,11:05:26.021,62.9800,44
39926134019243,11:05:26.134,62.9800,100
40022742968341,11:07:02.742,62.9900,10
40024692806530,11:07:04.692,62.9900,90
40024692806530,11:07:04.692,62.9900,100
40024692806530,11:07:04.692,63.0000,10
40024692914163,11:07:04.692,63.0000,90
40024692914163,11:07:04.692,63.0000,100
40024693496303,11:07:04.693,63.0200,1
40024693520544,11:07:04.693,63.0200,99
40025379514536,11:07:05.379,63.0300,100
40050897826859,11:07:30.897,62.9700,100
40185942593276,11:09:45.942,63.0400,1
40256603666025,11:10:56.603,63.0900,1
40356149354317,11:12:36.149,63.1400,100
40356223168932,11:12:36.223,63.1400,100
40357350682671,11:12:37.350,63.1700,100
40392018228520,11:13:12.018,63.1800,1
40431295851444,11:13:51.295,63.2200,100
40453135685285,11:14:13.135,63.2500,100
40471384623081,11:14:31.384,63.1500,100
40471435989602,11:14:31.435,63.2300,100
40495687683095,11:14:55.687,63.1500,100
40502022818985,11:15:02.022,63.1500,100
40510665952500,11:15:10.665,63.1400,24
40510665952500,11:15:10.665,63.1400,76
40520066412226,11:15:20.066,63.1400,15
40520066485769,11:15:20.066,63.1400,9
40527101936681,11:15:27.101,63.1200,10
40527101936681,11:15:27.101,63.0900,90
40527102060517,11:15:27.102,63.0900,10
40664198885241,11:17:44.198,63.1200,100
40664631687195,11:17:44.631,63.0900,1
40664860983265,11:17:44.860,63.0700,300
40667123855026,11:17:47.123,63.1200,100
40718566173535,11:18:38.566,63.0500,15
40718566173535,11:18:38.566,63.0500,12
40718597329972,11:18:38.597,63.0400,13
40718597329972,11:18:38.597,63.0400,100
40760227974344,11:19:20.227,63.0200,1
40800967139526,11:20:00.967,63.0100,100
40814571421553,11:20:14.571,63.0100,100
40814571445729,11:20:14.571,63.0200,100
40814571858439,11:20:14.571,63.0300,100
40814571905018,11:20:14.571,63.0400,100
40814572279137,11:20:14.572,63.0400,10
40814572396366,11:20:14.572,63.0600,1
40814572421992,11:20:14.572,63.0600,99
40870063698096,11:21:10.063,63.0500,60
40881147333179,11:21:21.147,63.0600,10
40881147333179,11:21:21.147,63.0600,10
40881147333179,11:21:21.147,63.0600,80
40881180827585,11:21:21.180,62.9900,100
40881479019068,11:21:21.479,62.9900,200
40881479049664,11:21:21.479,62.9900,15
40881480204183,11:21:21.480,62.9800,1
40881480204183,11:21:21.480,62.9800,86
40881480256185,11:21:21.480,62.9800,100
40881480276600,11:21:21.480,62.9800,14
40887831024035,11:21:27.831,62.9700,100
40913069427999,11:21:53.069,63.0200,6
41071054319570,11:24:31.054,63.0000,1
41159808990998,11:25:59.808,63.0400,100
41179423802041,11:26:19.423,62.9600,12
41179423802041,11:26:19.423,62.9500,22
41179423802041,11:26:19.423,62.9500,66
41179505944588,11:26:19.505,62.9800,6
41182857218161,11:26:22.857,62.9500,34
41182857218161,11:26:22.857,62.9500,300
41187279278091,11:26:27.279,62.9800,6
41187279278091,11:26:27.279,62.9800,34
41217167861230,11:26:57.167,62.9100,60
41217167861230,11:26:57.167,62.9000,40
41219537350133,11:26:59.537,62.9000,100
41219537377898,11:26:59.537,62.9000,260
41219537495729,11:26:59.537,62.9000,399
41219537539965,11:26:59.537,62.9000,1
41222936240966,11:27:02.936,62.9200,100
41224793333397,11:27:04.793,62.9400,100
41224794807050,11:27:04.794,62.9400,100
41234274502074,11:27:14.274,62.9300,100
41237779355070,11:27:17.779,62.9700,100
41242628020609,11:27:22.628,62.9800,100
41242628045891,11:27:22.628,62.9800,100
41248435420308,11:27:28.435,62.9900,100
41251351161223,11:27:31.351,62.9900,100
41253796208801,11:27:33.796,62.9500,4
41253797300938,11:27:33.797,62.9300,1
41273027614312,11:27:53.027,62.9300,1
41276307026253,11:27:56.307,62.9100,100
41308633526048,11:28:28.633,62.8800,100
41317846526313,11:28:37.846,62.8500,35
41322335240752,11:28:42.335,62.8500,40
41322337748563,11:28:42.337,62.8500,95
41322337773272,11:28:42.337,62.8500,5
41322338147683,11:28:42.338,62.8400,8
41322398032089,11:28:42.398,62.8500,100
41322398410654,11:28:42.398,62.8500,100
41322510508267,11:28:42.510,62.8500,100
41327289758574,11:28:47.289,62.8400,15
41332671484613,11:28:52.671,62.8400,100
41334650506256,11:28:54.650,62.8500,100
41334650506256,11:28:54.650,62.8500,100
41391160012351,11:29:51.160,62.8300,100
41471631439839,11:31:11.631,62.8300,1
41607583098944,11:33:27.583,62.8550,100
41607595150764,11:33:27.595,62.8500,1
41627138468702,11:33:47.138,62.8700,1
41639271316299,11:33:59.271,62.8400,100
41662811208730,11:34:22.811,62.8600,100
41693591874157,11:34:53.591,62.8400,100
41708679927677,11:35:08.679,62.8400,100
41732169932300,11:35:32.169,62.8200,100
41745715242045,11:35:45.715,62.8400,1
41745715242045,11:35:45.715,62.8200,99
41771112341037,11:36:11.112,62.8200,1
41771112341037,11:36:11.112,62.8100,24
41771112341037,11:36:11.112,62.8000,75
41771113152929,11:36:11.113,62.8000,100
41771113603963,11:36:11.113,62.8000,25
41771113603963,11:36:11.113,62.8000,15
41771716206490,11:36:11.716,62.8000,100
41771716280213,11:36:11.716,62.7700,347
41771716280213,11:36:11.716,62.8000,2
41771716280213,11:36:11.716,62.8000,51
41795219656234,11:36:35.219,62.8000,100
41797249275336,11:36:37.249,62.8000,100
41797249924213,11:36:37.249,62.8000,100
41797249924213,11:36:37.249,62.8100,100
41797249951261,11:36:37.249,62.8000,90
41797249951261,11:36:37.249,62.8100,10
41797249952261,11:36:37.249,62.8100,90
41860424007895,11:37:40.424,62.7900,300
41860424007895,11:37:40.424,62.7900,300
41895816988193,11:38:15.816,62.8100,1
41971019577703,11:39:31.019,62.8100,100
41980137226194,11:39:40.137,62.7800,14
42071779505100,11:41:11.779,62.6800,15
42071779505100,11:41:11.779,62.6800,85
42071779530824,11:41:11.779,62.6800,15
42085577961378,11:41:25.577,62.6500,7
42134017937736,11:42:14.017,62.6700,82
42134017957450,11:42:14.017,62.6700,18
42134017966045,11:42:14.017,62.6700,41
42134018473241,11:42:14.018,62.6700,59
42134018756131,11:42:14.018,62.6800,100
42134023647860,11:42:14.023,62.6400,100
42134024356891,11:42:14.024,62.6400,100
42134024494791,11:42:14.024,62.6500,94
42134024576278,11:42:14.024,62.6400,94
42201965818702,11:43:21.965,62.6200,1
42201965880601,11:43:21.965,62.6100,17
42233236816439,11:43:53.236,62.6700,100
42233237086852,11:43:53.237,62.7000,100
42261359224882,11:44:21.359,62.7100,100
42281584880651,11:44:41.584,62.7000,1
42325565277671,11:45:25.565,62.7300,100
42338252094597,11:45:38.252,62.7700,100
42361397105384,11:46:01.397,62.7700,6
42398257594595,11:46:38.257,62.7700,100
42415130151556,11:46:55.130,62.7100,100
42415130151556,11:46:55.130,62.7000,17
42415130151556,11:46:55.130,62.7000,100
42415130151556,11:46:55.130,62.7000,100
42416652654468,11:46:56.652,62.7000,100
42416653275568,11:46:56.653,62.7000,100
42416780541238,11:46:56.780,62.6900,200
42416839301070,11:46:56.839,62.6900,71
42416839325533,11:46:56.839,62.6900,29
42416840423534,11:46:56.840,62.7000,100
42416840505146,11:46:56.840,62.7000,95
42416840505146,11:46:56.840,62.7100,5
42416840591362,11:46:56.840,62.7000,95
42507838009639,11:48:27.838,62.6900,16
42507838301566,11:48:27.838,62.6900,100
42507843035486,11:48:27.843,62.6600,23
42507843035486,11:48:27.843,62.6600,100
42507843035486,11:48:27.843,62.6600,100
42507843140536,11:48:27.843,62.6600,10
42507843187324,11:48:27.843,62.6600,90
42511869226323,11:48:31.869,62.6600,200
42549231988184,11:49:09.231,62.6400,100
42549232013401,11:49:09.232,62.6400,100
42664204091781,11:51:04.204,62.6300,300
42687309313239,11:51:27.309,62.6600,1
42703492504021,11:51:43.492,62.6400,17
42709176786865,11:51:49.176,62.6200,100
42840162311881,11:54:00.162,62.6300,1
42971588228070,11:56:11.588,62.6600,100
42971593220611,11:56:11.593,62.6800,100
42976014780036,11:56:16.014,62.6800,100
42976015875354,11:56:16.015,62.6800,100
42976017301659,11:56:16.017,62.6700,1
42976017624556,11:56:16.017,62.6600,100
42976017649747,11:56:16.017,62.6600,100
42976018055106,11:56:16.018,62.6500,100
43035379034298,11:57:15.379,62.6600,100
43035380135785,11:57:15.380,62.6800,100
43035380194812,11:57:15.380,62.6800,100
43052483551873,11:57:32.483,62.6300,100
43052483868464,11:57:32.483,62.6300,100
43052569853152,11:57:32.569,62.6300,100
43052569888702,11:57:32.569,62.6300,82
43052569909035,11:57:32.569,62.6300,18
43052569909035,11:57:32.569,62.6300,82
43052570333659,11:57:32.570,62.6300,67
43165822819618,11:59:25.822,62.6300,17
43165822819618,11:59:25.822,62.6300,183
43165822846700,11:59:25.822,62.6300,17
43165843282609,11:59:25.843,62.6200,189
43165843308114,11:59:25.843,62.6200,71
43165843333814,11:59:25.843,62.6200,40
43165843818697,11:59:25.843,62.6200,100
43165846236424,11:59:25.846,62.6300,100
43165847326598,11:59:25.847,62.6400,100
43165847685353,11:59:25.847,62.6200,100
43166231988372,11:59:26.231,62.6800,100
43166232122980,11:59:26.232,62.6900,100
43166232590672,11:59:26.232,62.6900,100
43166232704006,11:59:26.232,62.6900,100
43173370578399,11:59:33.370,62.6800,100
43173370657918,11:59:33.370,62.6800,100
43218094102055,12:00:18.094,62.7200,100
43218094431484,12:00:18.094,62.7300,55
43218094441806,12:00:18.094,62.7300,45
43224351339718,12:00:24.351,62.7600,100
43356671217446,12:02:36.671,62.8600,100
43368003644192,12:02:48.003,62.9000,1
43399615556609,12:03:19.615,62.9400,100
43429527951093,12:03:49.527,62.9000,1
43429527951093,12:03:49.527,62.9000,15
43429527951093,12:03:49.527,62.9000,1
43539211409890,12:05:39.211,62.9100,1
43561350154441,12:06:01.350,62.9600,100
43561350154441,12:06:01.350,62.9600,100
43561350154441,12:06:01.350,62.9600,100
43561350787728,12:06:01.350,62.9700,8
43627116296708,12:07:07.116,62.8800,100
43632720303168,12:07:12.720,62.9000,1
43632720375689,12:07:12.720,62.8700,14
43632750804333,12:07:12.750,62.8800,100
43633067883181,12:07:13.067,62.8800,100
43645303274180,12:07:25.303,62.9600,100
43659287849131,12:07:39.287,62.9500,100
43743982153543,12:09:03.982,62.9200,1
43744149715481,12:09:04.149,62.9200,55
43744149740554,12:09:04.149,62.9200,44
43744158942914,12:09:04.158,62.9500,100
43744271715328,12:09:04.271,62.9100,200
43744271715328,12:09:04.271,62.9100,100
43774938182034,12:09:34.938,62.9400,1
43781239644174,12:09:41.239,62.9500,10
43920284892088,12:12:00.284,63.0000,100
43922464201607,12:12:02.464,63.0000,10
44036584769905,12:13:56.584,63.0100,1
44051320967911,12:14:11.320,63.0600,2
44055359248501,12:14:15.359,62.9900,1
44055359248501,12:14:15.359,62.9900,14
44173779691487,12:16:13.779,63.0200,70
44221384050321,12:17:01.384,63.0600,98
44221384050321,12:17:01.384,63.0600,100
44221384050321,12:17:01.384,63.0600,100
44221391438054,12:17:01.391,63.0700,100
44233003084731,12:17:13.003,63.0500,1
44320832165724,12:18:40.832,63.1100,1
44376102712004,12:19:36.102,63.1400,21
44445621431217,12:20:45.621,63.1600,100
44498015046313,12:21:38.015,63.1400,1
44533457769709,12:22:13.457,63.1700,100
44541135099997,12:22:21.135,63.1900,100
44576586004668,12:22:56.586,63.1600,1
44588830891519,12:23:08.830,63.1100,14
44702366877922,12:25:02.366,63.1800,2
44727387264245,12:25:27.387,63.1400,1
44776011791021,12:26:16.011,63.1500,100
44781475377110,12:26:21.475,63.1000,100
44781475633670,12:26:21.475,63.0900,8
44781475633670,12:26:21.475,63.0900,100
44821569342718,12:27:01.569,63.1300,7
44876837892474,12:27:56.837,63.0800,2
44878054508997,12:27:58.054,63.0700,2
44878054508997,12:27:58.054,63.0700,100
44878054508997,12:27:58.054,63.0700,700
44878054566635,12:27:58.054,63.0600,10
44878054577735,12:27:58.054,63.0500,2
44878054577735,12:27:58.054,63.0400,17
44878054623462,12:27:58.054,63.0400,2
44878054623957,12:27:58.054,63.0400,55
44878059140794,12:27:58.059,63.0400,26
44878059140794,12:27:58.059,63.0400,2
44915577154578,12:28:35.577,63.0700,100
44915577154578,12:28:35.577,63.0700,11
44915577181704,12:28:35.577,63.0700,56
44915577181704,12:28:35.577,63.0700,100
44915577181704,12:28:35.577,63.0700,10
44915577275338,12:28:35.577,63.0800,65
44915577770837,12:28:35.577,63.0800,2
44916975039896,12:28:36.975,63.0900,93
44983427265088,12:29:43.427,63.1200,100
44984793687555,12:29:44.793,63.1300,100
44985585193032,12:29:45.585,63.1400,1
45116615145119,12:31:56.615,63.1200,1
45144762930383,12:32:24.762,63.0900,100
45144762971074,12:32:24.762,63.0900,44
45144763138867,12:32:24.763,63.0900,106
45144763168447,12:32:24.763,63.0900,250
45144763168447,12:32:24.763,63.0900,100
45144763168447,12:32:24.763,63.0900,14
45144766889774,12:32:24.766,63.0700,52
45144766915687,12:32:24.766,63.0700,48
45197233025199,12:33:17.233,63.0900,100
45197233087603,12:33:17.233,63.0900,100
45197233112707,12:33:17.233,63.0900,50
45197234205403,12:33:17.234,63.1000,100
45197234245778,12:33:17.234,63.1000,10
45207537040219,12:33:27.537,63.1500,10
45310600595717,12:35:10.600,63.1500,1
45310600723973,12:35:10.600,63.1300,16
45310601277057,12:35:10.601,63.1300,84
45330635416113,12:35:30.635,63.1100,2
45330635416113,12:35:30.635,63.1100,98
45330635442722,12:35:30.635,63.1100,2
45340406294446,12:35:40.406,63.0900,100
45340406348316,12:35:40.406,63.0900,13
45354649243044,12:35:54.649,63.0900,100
45374441430267,12:36:14.441,63.0900,100
45374441460563,12:36:14.441,63.0900,100
45374441460563,12:36:14.441,63.0900,13
45374441492526,12:36:14.441,63.0900,100
45375269070763,12:36:15.269,63.0800,100
45375269070763,12:36:15.269,63.0800,100
45503448753453,12:38:23.448,63.1200,100
45503449472228,12:38:23.449,63.1200,100
45521586235234,12:38:41.586,63.1400,1
45532077789165,12:38:52.077,63.0900,84
45532077813392,12:38:52.077,63.0900,16
45532117839266,12:38:52.117,63.1200,100
45640273259185,12:40:40.273,63.1400,100
45680475636826,12:41:20.475,63.1400,1
45728129409117,12:42:08.129,63.1700,100
45829969847453,12:43:49.969,63.1200,1
45830713590165,12:43:50.713,63.1000,100
45859452387181,12:44:19.452,63.1000,100
45859452387181,12:44:19.452,63.1000,12
45859452387181,12:44:19.452,63.1000,8
45859452460528,12:44:19.452,63.1400,100
45859729710910,12:44:19.729,63.1500,52
45878100340061,12:44:38.100,63.1000,100
45878100370693,12:44:38.100,63.1000,84
45878100394814,12:44:38.100,63.1000,95
45878100399577,12:44:38.100,63.1000,21
45878100399577,12:44:38.100,63.1000,1
45878100399577,12:44:38.100,63.1000,11
45882895725336,12:44:42.895,63.0900,200
45882895749817,12:44:42.895,63.0900,2
45882895754909,12:44:42.895,63.0900,98
46044727271905,12:47:24.727,63.1500,48
46044727271905,12:47:24.727,63.1500,52
46044727295595,12:47:24.727,63.1500,15
46044727401830,12:47:24.727,63.1500,33
46044727401830,12:47:24.727,63.1500,100
46062587254304,12:47:42.587,63.1700,1
46062587771477,12:47:42.587,63.1700,100
46236611880875,12:50:36.611,63.1600,1
46391635677334,12:53:11.635,63.1600,1
46466584587244,12:54:26.584,63.1600,1
46470234638458,12:54:30.234,63.1300,13
46482360353598,12:54:42.360,63.1400,100
46482360353598,12:54:42.360,63.1400,100
46524268816208,12:55:24.268,63.1300,100
46524268841770,12:55:24.268,63.1300,98
46524268861875,12:55:24.268,63.1300,2
46524270139367,12:55:24.270,63.1200,200
46531629829713,12:55:31.629,63.1300,3
46531629829713,12:55:31.629,63.1300,100
46531630532428,12:55:31.630,63.1200,100
46531782048077,12:55:31.782,63.1300,100
46531782048077,12:55:31.782,63.1300,100
46531782241643,12:55:31.782,63.1300,100
46531782909029,12:55:31.782,63.1300,100
46532204393427,12:55:32.204,63.1300,97
46532537724133,12:55:32.537,63.1300,100
46535152693426,12:55:35.152,63.1300,100
46541900951068,12:55:41.900,63.1200,100
46541901386297,12:55:41.901,63.1100,34
46541901386297,12:55:41.901,63.1100,65
46541901411660,12:55:41.901,63.1100,1
46541901426213,12:55:41.901,63.1100,34
46541901426213,12:55:41.901,63.1100,20
46541901440920,12:55:41.901,63.1100,80
46541901699868,12:55:41.901,63.1200,100
46624497790339,12:57:04.497,63.1400,14
46624497790339,12:57:04.497,63.1400,86
46624497806906,12:57:04.497,63.1400,14
46795057135807,12:59:55.057,63.1100,1
46871585172841,13:01:11.585,63.1000,1
47002896192864,13:03:22.896,63.0900,100
47002896192864,13:03:22.896,63.0900,1
47002896192864,13:03:22.896,63.0900,7
47002896192864,13:03:22.896,63.0900,1
47025244366373,13:03:45.244,63.0800,100
47025244775288,13:03:45.244,63.0800,100
47025244775288,13:03:45.244,63.0800,14
47025296537838,13:03:45.296,63.0700,100
47113720144944,13:05:13.720,63.1000,100
47207593419903,13:06:47.593,63.1000,1
47207593447267,13:06:47.593,63.1000,99
47207593447267,13:06:47.593,63.1000,100
47207593494585,13:06:47.593,63.1000,100
47207594040202,13:06:47.594,63.1100,13
47207773539089,13:06:47.773,63.1100,87
47207773539089,13:06:47.773,63.1100,100
47256240152820,13:07:36.240,63.0700,96
47256240178790,13:07:36.240,63.0700,204
47256240178790,13:07:36.240,63.0700,14
47256240178790,13:07:36.240,63.0700,5
47256297484665,13:07:36.297,63.0500,500
47256305904909,13:07:36.305,63.0300,1
47256319425841,13:07:36.319,63.0200,1
47256319520988,13:07:36.319,63.0100,1
47256320214803,13:07:36.320,63.0000,1
47256323302595,13:07:36.323,62.9900,1
47256326112177,13:07:36.326,62.9800,1
47256331877931,13:07:36.331,62.9700,1
47256331877931,13:07:36.331,62.9700,100
47295749372017,13:08:15.749,62.9400,1
47295749460136,13:08:15.749,62.9400,100
47295749469763,13:08:15.749,62.9300,1
47295749469763,13:08:15.749,62.9300,1
47295752198979,13:08:15.752,62.9100,17
47295752198979,13:08:15.752,62.9100,83
47295764226268,13:08:15.764,62.8900,1
47295764226268,13:08:15.764,62.8900,99
47295764253400,13:08:15.764,62.8900,1
47295764253400,13:08:15.764,62.8900,3
47295764430830,13:08:15.764,62.9100,100
47390797790763,13:09:50.797,62.9600,100
47390797790763,13:09:50.797,62.9700,100
47390797838692,13:09:50.797,62.9700,100
47390798649375,13:09:50.798,63.0000,58
47412595290465,13:10:12.595,62.9400,1
47432237663430,13:10:32.237,62.9700,100
47432239061614,13:10:32.239,62.9800,100
47590959110460,13:13:10.959,62.9600,1
47590960425903,13:13:10.960,62.9200,9
47590960425903,13:13:10.960,62.9200,100
47590960425903,13:13:10.960,62.9200,200
47590960425903,13:13:10.960,62.9200,18
47590960425903,13:13:10.960,62.9200,173
47590960494633,13:13:10.960,62.9200,27
47590961239314,13:13:10.961,62.9200,68
47590968813218,13:13:10.968,62.9200,32
47590970299655,13:13:10.970,62.9000,68
47591040792625,13:13:11.040,62.9300,100
47643092157598,13:14:03.092,62.8900,1
47643092157598,13:14:03.092,62.8900,100
47643092157598,13:14:03.092,62.8800,1
47643092157598,13:14:03.092,62.8800,100
47643092157598,13:14:03.092,62.8800,1
47644386439212,13:14:04.386,62.8800,100
47644394315491,13:14:04.394,62.8800,16
47645762227961,13:14:05.762,62.8700,1
47645764276685,13:14:05.764,62.8600,1
47646505935720,13:14:06.505,62.8700,99
47646566414475,13:14:06.566,62.8500,1
47646566414475,13:14:06.566,62.8400,1
47646566414475,13:14:06.566,62.8300,40
47646566414475,13:14:06.566,62.8200,1
47646566414475,13:14:06.566,62.8200,57
47680387089336,13:14:40.387,62.9000,3
47680388023000,13:14:40.388,62.9100,100
47680388023000,13:14:40.388,62.9100,10
47680498820416,13:14:40.498,62.8700,100
47680498820416,13:14:40.498,62.8600,28
47680498820416,13:14:40.498,62.8600,72
47680508198798,13:14:40.508,62.8200,100
47680508198798,13:14:40.508,62.8200,100
47816598113955,13:16:56.598,62.8700,1
47832528720795,13:17:12.528,62.8900,100
47832528720795,13:17:12.528,62.8900,90
47832528806420,13:17:12.528,62.8900,10
47843791073812,13:17:23.791,62.8700,200
47952000907128,13:19:12.000,62.8600,1
47964018145903,13:19:24.018,62.8300,30
47964018145903,13:19:24.018,62.8200,18
47964018145903,13:19:24.018,62.8100,1
47964018145903,13:19:24.018,62.8100,4
47964018145903,13:19:24.018,62.8100,47
48035489812066,13:20:35.489,62.8200,100
48035489812066,13:20:35.489,62.8200,100
48035491335616,13:20:35.491,62.8100,18
48035491340472,13:20:35.491,62.8100,5
48035505878356,13:20:35.505,62.8000,1
48045763938921,13:20:45.763,62.7900,2
48045763938921,13:20:45.763,62.7900,3
48045854042856,13:20:45.854,62.7800,1
48045854042856,13:20:45.854,62.7800,1
48045854042856,13:20:45.854,62.7800,3
48052918980893,13:20:52.918,62.7600,1
48052918980893,13:20:52.918,62.7600,1
48143046741563,13:22:23.046,62.7500,1
48143046741563,13:22:23.046,62.7500,1
48143046741563,13:22:23.046,62.7500,3
48143047839096,13:22:23.047,62.7400,1
48143047839096,13:22:23.047,62.7400,1
48143805983078,13:22:23.805,62.7300,1
48143805983078,13:22:23.805,62.7300,1
48143805983078,13:22:23.805,62.7300,8
48180561385748,13:23:00.561,62.7100,1
48180561385748,13:23:00.561,62.7100,4
48180562843965,13:23:00.562,62.6900,1
48180562843965,13:23:00.562,62.6900,9
48180562843965,13:23:00.562,62.6900,90
48180562860887,13:23:00.562,62.6900,10
48180562860887,13:23:00.562,62.6900,100
48180562860887,13:23:00.562,62.6900,1
48180565196411,13:23:00.565,62.6700,1
48180565196411,13:23:00.565,62.6700,1
48180572917800,13:23:00.572,62.6600,43
48183950439889,13:23:03.950,62.6500,1
48183950439889,13:23:03.950,62.6500,1
48183950439889,13:23:03.950,62.6500,3
48194042676172,13:23:14.042,62.6450,100
48194047446086,13:23:14.047,62.6400,1
48194047446086,13:23:14.047,62.6400,5
48194047446086,13:23:14.047,62.6400,4
48194047931405,13:23:14.047,62.6300,5
48194051477578,13:23:14.051,62.6100,5
48194051477578,13:23:14.051,62.5900,5
48194062988580,13:23:14.062,62.5800,5
48194062988580,13:23:14.062,62.5500,88
48271057171703,13:24:31.057,62.7100,100
48271057171703,13:24:31.057,62.7100,100
48292778601109,13:24:52.778,62.7200,100
48292778601109,13:24:52.778,62.7200,100
48541635665128,13:29:01.635,62.6700,1
48609930299572,13:30:09.930,62.7300,100
48611993274167,13:30:11.993,62.7300,9
48617848471751,13:30:17.848,62.7300,100
48617848506164,13:30:17.848,62.7300,45
48617848530541,13:30:17.848,62.7300,55
48623044192449,13:30:23.044,62.7400,100
48633048829851,13:30:33.048,62.7600,100
48633048829851,13:30:33.048,62.7600,100
48633061509110,13:30:33.061,62.7400,100
48659800292047,13:30:59.800,62.7500,100
48666784013199,13:31:06.784,62.8200,15
48666784037844,13:31:06.784,62.8200,85
48666784037844,13:31:06.784,62.8200,3
48667319327953,13:31:07.319,62.8450,100
48667319327953,13:31:07.319,62.8300,100
48671164012941,13:31:11.164,62.8300,1
48680444514789,13:31:20.444,62.8500,100
48689124412357,13:31:29.124,62.8500,100
48689125676173,13:31:29.125,62.8500,21
48689125996632,13:31:29.125,62.8400,30
48689125996632,13:31:29.125,62.8400,70
48689126060577,13:31:29.126,62.8400,30
48689147747171,13:31:29.147,62.8300,99
48689147747171,13:31:29.147,62.8000,1
48693544028001,13:31:33.544,62.8000,5
48693551996641,13:31:33.551,62.8000,8
48731368157404,13:32:11.368,62.8300,6
48878603905473,13:34:38.603,62.8200,3
48945031626675,13:35:45.031,62.7500,18
49031587392853,13:37:11.587,62.7600,77
49031587409369,13:37:11.587,62.7600,21
49031587420043,13:37:11.587,62.7600,2
49031588684845,13:37:11.588,62.7700,100
49048591192430,13:37:28.591,62.7800,1
49108008707304,13:38:28.008,62.7600,90
49108018616815,13:38:28.018,62.7600,10
49108018616815,13:38:28.018,62.7600,2
49108018616815,13:38:28.018,62.7700,2
49108018616815,13:38:28.018,62.7800,86
49108018983440,13:38:28.018,62.7800,11
49108081891107,13:38:28.081,62.7200,5
49108081891107,13:38:28.081,62.7200,30
49108081891107,13:38:28.081,62.7100,1
49108081891107,13:38:28.081,62.7000,5
49108081891107,13:38:28.081,62.7000,59
49108082092333,13:38:28.082,62.7000,41
49108082092333,13:38:28.082,62.7000,18
49108112752195,13:38:28.112,62.6900,2
49124253435420,13:38:44.253,62.7300,64
49124253835853,13:38:44.253,62.7300,36
49126253462339,13:38:46.253,62.7200,100
49232658008205,13:40:32.658,62.7700,100
49232658008205,13:40:32.658,62.7700,20
49317093958723,13:41:57.093,62.7400,1
49317124175749,13:41:57.124,62.7100,85
49364056165786,13:42:44.056,62.7000,13
49364056189328,13:42:44.056,62.7000,3
49404006688252,13:43:24.006,62.7600,48
49430503344482,13:43:50.503,62.7900,88
49430504477603,13:43:50.504,62.7900,12
49430504477603,13:43:50.504,62.8000,88
49430504503967,13:43:50.504,62.8000,12
49498279765355,13:44:58.279,62.8300,1
49571586945819,13:46:11.586,62.8000,1
49620414220483,13:47:00.414,62.8600,100
49620414245127,13:47:00.414,62.8600,14
49620414566831,13:47:00.414,62.8900,100
49620414675546,13:47:00.414,62.8900,1
49628455812961,13:47:08.455,62.9100,30
49628455820601,13:47:08.455,62.9100,64
49628455875611,13:47:08.455,62.9100,6
49658580151735,13:47:38.580,62.9400,100
49663017877434,13:47:43.017,62.9100,100
49663017877434,13:47:43.017,62.9100,100
49663018366108,13:47:43.018,62.9100,100
49665568286403,13:47:45.568,62.9100,100
49665568286403,13:47:45.568,62.9100,100
49729429154785,13:48:49.429,62.8600,23
49729429154785,13:48:49.429,62.8600,9
49729429294389,13:48:49.429,62.8600,100
49734302973785,13:48:54.302,62.8700,100
49738196982731,13:48:58.196,62.9000,90
49843414912384,13:50:43.414,62.8600,1
49843414912384,13:50:43.414,62.8500,2
49974414107292,13:52:54.414,62.8400,6
49974422498367,13:52:54.422,62.8400,8
49976583744581,13:52:56.583,62.8600,1
50040631952319,13:54:00.631,62.8200,100
50040631952319,13:54:00.631,62.8200,100
50040631952319,13:54:00.631,62.8200,5
50040631952319,13:54:00.631,62.8200,8
50040632018935,13:54:00.632,62.8100,2
50040632018935,13:54:00.632,62.8100,3
50040632018935,13:54:00.632,62.8100,95
50040632416366,13:54:00.632,62.8100,5
50040632416366,13:54:00.632,62.8000,2
50040632416366,13:54:00.632,62.8000,3
50040634906425,13:54:00.634,62.8400,12
50091418109828,13:54:51.418,62.7900,2
50091418109828,13:54:51.418,62.7700,1
50253198169162,13:57:33.198,62.8400,100
50343099946673,13:59:03.099,62.8000,100
50380568099894,13:59:40.568,62.8600,100
50380568099894,13:59:40.568,62.8600,100
50380568189989,13:59:40.568,62.8700,100
50391639984309,13:59:51.639,62.8900,2
50391641424343,13:59:51.641,62.8900,6
50402693329494,14:00:02.693,62.8700,1
50403201373430,14:00:03.201,62.8900,94
50403201891821,14:00:03.201,62.9300,100
50403201891821,14:00:03.201,62.9300,100
50409002852659,14:00:09.002,63.0000,41
50409002860791,14:00:09.002,63.0000,59
50409002860791,14:00:09.002,63.0000,22
50409002861701,14:00:09.002,63.0000,40
50409002874015,14:00:09.002,63.0000,38
50409002874015,14:00:09.002,63.0000,2
50409002874912,14:00:09.002,63.0000,41
50409003204739,14:00:09.003,63.0000,57
50409003204739,14:00:09.003,63.0100,43
50409087327031,14:00:09.087,63.0000,5
50409087459408,14:00:09.087,63.0000,3
50409087938040,14:00:09.087,63.0000,1
50409088215124,14:00:09.088,63.0000,1
50409319909129,14:00:09.319,63.0000,100
50409320359180,14:00:09.320,63.0000,16
50410462799752,14:00:10.462,62.9400,200
50411200588815,14:00:11.200,63.0100,57
50411200596089,14:00:11.200,63.0100,31
50412066703119,14:00:12.066,63.0200,9
50412066734984,14:00:12.066,63.0200,77
50412331120477,14:00:12.331,62.9700,14
50413012894082,14:00:13.012,63.0100,14
50413015637950,14:00:13.015,63.0100,100
50413019319375,14:00:13.019,63.0200,14
50416179461984,14:00:16.179,63.0300,100
50416925232614,14:00:16.925,62.9700,100
50416925785755,14:00:16.925,62.9700,100
50416926644351,14:00:16.926,62.9400,1
50423343145589,14:00:23.343,62.9300,100
50423343201384,14:00:23.343,62.9300,100
50423343201384,14:00:23.343,62.9200,63
50423343774463,14:00:23.343,62.9200,37
50424901796196,14:00:24.901,62.9100,1
50424901796196,14:00:24.901,62.9100,99
50424901822569,14:00:24.901,62.9200,100
50445249034070,14:00:45.249,63.0300,100
50516586986878,14:01:56.586,63.0500,1
50536334546679,14:02:16.334,62.9900,100
50536334582921,14:02:16.334,62.9900,40
50536334586498,14:02:16.334,62.9900,60
50536334586498,14:02:16.334,62.9900,5
50536335393169,14:02:16.335,62.9700,13
50536335478458,14:02:16.335,62.9400,100
50536701600661,14:02:16.701,62.9400,100
50536884670260,14:02:16.884,62.9400,100
50576402896372,14:02:56.402,63.0200,10
50584328853680,14:03:04.328,63.0100,3
50596328635043,14:03:16.328,63.0100,1
50605101297412,14:03:25.101,63.0500,100
50641421107523,14:04:01.421,63.1100,100
50642061150804,14:04:02.061,63.1400,100
50653128817892,14:04:13.128,63.1900,10
50653128822016,14:04:13.128,63.1900,81
50653128829124,14:04:13.128,63.1900,9
50653128829124,14:04:13.128,63.1900,1
50653128919845,14:04:13.128,63.2100,1
50653585519906,14:04:13.585,63.2100,1
50665272224830,14:04:25.272,63.2400,100
50667555335916,14:04:27.555,63.2400,100
50667606261180,14:04:27.606,63.2500,1
50667606261180,14:04:27.606,63.2500,100
50680520042402,14:04:40.520,63.2900,10
50701827487271,14:05:01.827,63.3000,5
50708703706729,14:05:08.703,63.3000,95
50708703706729,14:05:08.703,63.3000,5
50708703744071,14:05:08.703,63.3000,5
50708703744071,14:05:08.703,63.3000,1
50713419435727,14:05:13.419,63.3300,1
50713419435727,14:05:13.419,63.3300,99
50713419476233,14:05:13.419,63.3300,1
50713419563106,14:05:13.419,63.3600,1
50714120820544,14:05:14.120,63.3600,100
50714171302077,14:05:14.171,63.3700,100
50714173040181,14:05:14.173,63.3200,100
50714173324896,14:05:14.173,63.3200,98
50714173452363,14:05:14.173,63.3200,2
50714173452363,14:05:14.173,63.3200,10
50766255367428,14:06:06.255,63.2700,20
50766255367428,14:06:06.255,63.2700,7
50766255367428,14:06:06.255,63.2700,100
50766255367428,14:06:06.255,63.2700,4
50766257166878,14:06:06.257,63.2300,5
50767998978552,14:06:07.998,63.2500,50
50791759606384,14:06:31.759,63.2200,2
50791759606384,14:06:31.759,63.2200,8
50824282598585,14:07:04.282,63.3100,100
50824282636595,14:07:04.282,63.3100,2
50824282643453,14:07:04.282,63.3400,99
50824282665473,14:07:04.282,63.2600,200
50824282686887,14:07:04.282,63.3400,1
50826648580265,14:07:06.648,63.3200,100
50908543577996,14:08:28.543,63.1900,2
50908543577996,14:08:28.543,63.1900,1
50921588068265,14:08:41.588,63.2400,1
50921588123481,14:08:41.588,63.2800,40
50921590656513,14:08:41.590,63.2700,100
50985078110200,14:09:45.078,63.2400,40
50985078135305,14:09:45.078,63.2200,200
50985078135305,14:09:45.078,63.2100,3
50985078613415,14:09:45.078,63.1800,30
50996658936996,14:09:56.658,63.1700,100
50996658936996,14:09:56.658,63.1700,1
50996658984436,14:09:56.658,63.1600,2
50996715628118,14:09:56.715,63.1500,2
50996715628118,14:09:56.715,63.1500,30
51011257063933,14:10:11.257,63.2100,51
51065552927813,14:11:05.552,63.2400,100
51065552973514,14:11:05.552,63.2400,1
51065552974992,14:11:05.552,63.2600,1
51065552991691,14:11:05.552,63.2700,1
51086435803518,14:11:26.435,63.2500,100
51086436735846,14:11:26.436,63.2500,100
51087064784151,14:11:27.064,63.2500,100
51087064884745,14:11:27.064,63.2500,100
51089100743106,14:11:29.100,63.2500,100
51089100744572,14:11:29.100,63.2500,100
51125577115841,14:12:05.577,63.3100,100
51125577115841,14:12:05.577,63.3100,1
51125577486761,14:12:05.577,63.3200,45
51125577511214,14:12:05.577,63.3200,55
51125577608063,14:12:05.577,63.3300,1
51131891674183,14:12:11.891,63.3100,200
51132024463753,14:12:12.024,63.3400,100
51132024472972,14:12:12.024,63.3400,4
51132024483676,14:12:12.024,63.3400,96
51132025946126,14:12:12.025,63.3300,100
51165940465897,14:12:45.940,63.4000,100
51176972574073,14:12:56.972,63.3900,100
51176972643580,14:12:56.972,63.3900,40
51176974105417,14:12:56.974,63.3900,60
51176974105417,14:12:56.974,63.3900,10
51176974105417,14:12:56.974,63.4000,30
51199838840725,14:13:19.838,63.3950,100
51203998162415,14:13:23.998,63.4000,70
51212851204761,14:13:32.851,63.4000,1
51245824310848,14:14:05.824,63.4100,200
51245824310848,14:14:05.824,63.4400,200
51272571468400,14:14:32.571,63.4600,200
51272571468400,14:14:32.571,63.4700,100
51275810312800,14:14:35.810,63.4600,100
51275810312800,14:14:35.810,63.4700,1
51275811246005,14:14:35.811,63.4800,1
51275811246005,14:14:35.811,63.4800,100
51286093511408,14:14:46.093,63.4800,1
51286094022769,14:14:46.094,63.4900,99
51314240077959,14:15:14.240,63.3600,1
51314266990830,14:15:14.266,63.3500,100
51314267015010,14:15:14.267,63.3500,46
51314267030522,14:15:14.267,63.3500,54
51314267140945,14:15:14.267,63.3300,100
51314267193031,14:15:14.267,63.3200,100
51315062647444,14:15:15.062,63.3200,10
51315062713506,14:15:15.062,63.3200,100
51316825625664,14:15:16.825,63.2400,40
51366926659772,14:16:06.926,63.3000,100
51366926659772,14:16:06.926,63.3100,100
51366926697481,14:16:06.926,63.3100,61
51366926701450,14:16:06.926,63.3100,39
51366926701450,14:16:06.926,63.3100,14
51366927029919,14:16:06.927,63.3500,100
51366927031434,14:16:06.927,63.3500,100
51366927571767,14:16:06.927,63.3700,25
51429784345197,14:17:09.784,63.3600,100
51434073835100,14:17:14.073,63.3100,300
51434073835100,14:17:14.073,63.3100,14
51460415306034,14:17:40.415,63.3000,100
51460415331043,14:17:40.415,63.3000,10
51460415360485,14:17:40.415,63.3000,90
51460415360485,14:17:40.415,63.3000,10
51460415382495,14:17:40.415,63.3000,90
51582584764121,14:19:42.584,63.3000,1
51582584764121,14:19:42.584,63.2600,2
51584910594376,14:19:44.910,63.2600,98
51584910594376,14:19:44.910,63.2600,2
51584910684071,14:19:44.910,63.2600,98
51597116765414,14:19:57.116,63.2500,100
51597116804713,14:19:57.116,63.2500,14
51597116806865,14:19:57.116,63.2500,14
51597116819358,14:19:57.116,63.2500,75
51597116856102,14:19:57.116,63.2500,11
51597116856102,14:19:57.116,63.2400,14
51597116932382,14:19:57.116,63.2400,86
51615779189982,14:20:15.779,63.2600,200
51615779189982,14:20:15.779,63.2700,95
51615779261779,14:20:15.779,63.2700,5
51615779261779,14:20:15.779,63.2700,91
51615779261779,14:20:15.779,63.2700,4
51615779288048,14:20:15.779,63.2700,96
51615779288048,14:20:15.779,63.2700,4
51615779934740,14:20:15.779,63.2800,4
51615779934740,14:20:15.779,63.2900,5
51635773255824,14:20:35.773,63.2100,100
51635773283504,14:20:35.773,63.2100,39
51635773669897,14:20:35.773,63.2000,12
51651549272700,14:20:51.549,63.2700,100
51651549272700,14:20:51.549,63.2700,100
51654262248348,14:20:54.262,63.2900,100
51654263096119,14:20:54.263,63.3100,100
51671432922703,14:21:11.432,63.2600,100
51671432997243,14:21:11.432,63.2600,75
51672580739084,14:21:12.580,63.3100,100
51672580739084,14:21:12.580,63.3300,100
51672580739084,14:21:12.580,63.3400,100
51676845131665,14:21:16.845,63.3400,100
51676845206728,14:21:16.845,63.3500,100
51759089016581,14:22:39.089,63.3500,200
51759129925455,14:22:39.129,63.3800,100
51759129957454,14:22:39.129,63.3800,100
51759130293386,14:22:39.130,63.3900,100
51759130293386,14:22:39.130,63.3900,100
51759130480221,14:22:39.130,63.3800,100
51759130493118,14:22:39.130,63.3800,100
51765001950148,14:22:45.001,63.3000,27
51765001973935,14:22:45.001,63.3000,14
51765001976091,14:22:45.001,63.3000,59
51765001976091,14:22:45.001,63.3000,100
51765003277187,14:22:45.003,63.3000,4
51765003465920,14:22:45.003,63.3000,74
51765003467141,14:22:45.003,63.3000,22
51792824785683,14:23:12.824,63.2300,100
51792824785683,14:23:12.824,63.2300,14
51792824785683,14:23:12.824,63.2300,100
51803813926028,14:23:23.813,63.2300,100
51803814405952,14:23:23.814,63.2400,3
51803814405952,14:23:23.814,63.2400,13
51803814612163,14:23:23.814,63.2400,55
51803814717399,14:23:23.814,63.2400,32
51803852684640,14:23:23.852,63.2500,100
51803852684640,14:23:23.852,63.2500,10
51803901864552,14:23:23.901,63.2400,100
51857584707816,14:24:17.584,63.2100,20
51897607963549,14:24:57.607,63.1900,1
51904122839491,14:25:04.122,63.1700,40
52010146735337,14:26:50.146,63.1600,1
52042736830351,14:27:22.736,63.1100,22
52060728052062,14:27:40.728,63.1500,100
52094410375981,14:28:14.410,63.1300,10
52117801072401,14:28:37.801,63.0600,2
52117818311694,14:28:37.818,63.0600,11
52136634756978,14:28:56.634,63.0900,1
52178722820815,14:29:38.722,63.1300,1
52178722820815,14:29:38.722,63.1300,100
52178723125992,14:29:38.723,63.1300,100
52178723347950,14:29:38.723,63.1400,100
52178723533622,14:29:38.723,63.1500,1
52178847770764,14:29:38.847,63.0700,100
52178847835649,14:29:38.847,63.0700,63
52178880264768,14:29:38.880,63.0700,37
52234055820170,14:30:34.055,63.0700,30
52243932040162,14:30:43.932,63.0400,25
52243932040162,14:30:43.932,63.0400,65
52243932040162,14:30:43.932,63.0200,10
52243985053077,14:30:43.985,63.0800,100
52243985101014,14:30:43.985,63.0800,1
52243985126265,14:30:43.985,63.0800,40
52243985127842,14:30:43.985,63.0800,4
52243985201778,14:30:43.985,63.0800,855
52244001245701,14:30:44.001,63.0300,100
52244001883462,14:30:44.001,63.0600,100
52244052345965,14:30:44.052,63.0600,100
52244052422494,14:30:44.052,63.0600,90
52244074388017,14:30:44.074,63.0500,100
52245928496768,14:30:45.928,63.1200,100
52245928559447,14:30:45.928,63.1300,100
52245955094966,14:30:45.955,63.1300,100
52247418809017,14:30:47.418,63.1200,500
52248185825712,14:30:48.185,63.0900,100
52258002953502,14:30:58.002,63.0400,100
52288576320588,14:31:28.576,63.0400,100
52288576447635,14:31:28.576,63.0400,49
52313079676292,14:31:53.079,63.0000,61
52313079701005,14:31:53.079,63.0000,39
52313190997335,14:31:53.190,63.0100,28
52313199910039,14:31:53.199,62.9400,100
52316046680361,14:31:56.046,63.0200,100
52316800698895,14:31:56.800,63.0200,100
52339747097972,14:32:19.747,63.0500,2
52339747161777,14:32:19.747,63.0600,2
52406585729766,14:33:26.585,63.1100,100
52407584897977,14:33:27.584,63.1100,1
52407584897977,14:33:27.584,63.1100,33
52415990899458,14:33:35.990,63.0800,100
52415990954509,14:33:35.990,63.0800,67
52415990954509,14:33:35.990,63.0800,1
52485880026390,14:34:45.880,63.1300,100
52485880065484,14:34:45.880,63.1300,100
52485880065484,14:34:45.880,63.1300,11
52485880068654,14:34:45.880,63.1300,37
52485880080887,14:34:45.880,63.1300,52
52507657294499,14:35:07.657,63.1100,1
52530325944308,14:35:30.325,63.1100,99
52530326554408,14:35:30.326,63.0900,1
52530438273116,14:35:30.438,63.0600,25
52564231749886,14:36:04.231,63.0600,75
52564232308610,14:36:04.232,63.0300,31
52564234408045,14:36:04.234,63.0300,69
52564234475360,14:36:04.234,63.0100,1
52564235201245,14:36:04.235,63.0300,100
52626710983971,14:37:06.710,63.0100,1
52626710983971,14:37:06.710,63.0100,100
52626711076292,14:37:06.711,63.0500,100
52626711078285,14:37:06.711,63.0400,100
52662441441437,14:37:42.441,63.0700,80
52696900852796,14:38:16.900,63.0700,10
52701493323718,14:38:21.493,63.0800,100
52701493521933,14:38:21.493,63.0800,19
52701493570130,14:38:21.493,63.0800,80
52701493578502,14:38:21.493,63.0800,1
52701493578502,14:38:21.493,63.0800,100
52701496445612,14:38:21.496,63.1000,100
52811615680699,14:40:11.615,63.1100,1
52811615703369,14:40:11.615,63.1100,1
52811615725088,14:40:11.615,63.1100,99
52860449439701,14:41:00.449,63.0700,21
52860530745006,14:41:00.530,63.1100,100
52948277412464,14:42:28.277,63.1000,12
52948278919430,14:42:28.278,63.1100,100
52951268377981,14:42:31.268,63.1300,1
52959053516564,14:42:39.053,63.0900,100
52959053554352,14:42:39.053,63.0900,62
52995933907969,14:43:15.933,63.0500,100
52995933907969,14:43:15.933,63.0500,100
53032588462350,14:43:52.588,63.1500,29
53032588473173,14:43:52.588,63.1500,10
53081586140914,14:44:41.586,63.1500,1
53088630888375,14:44:48.630,63.1900,100
53088630888375,14:44:48.630,63.1900,12
53089470485446,14:44:49.470,63.2000,100
53089529771969,14:44:49.529,63.1600,96
53089529771969,14:44:49.529,63.1600,4
53089531546315,14:44:49.531,63.1600,96
53089531988622,14:44:49.531,63.1500,100
53089531996277,14:44:49.531,63.1500,98
53089532049468,14:44:49.532,63.1500,2
53089740725309,14:44:49.740,63.1400,100
53090243994564,14:44:50.243,63.1600,100
53189322563591,14:46:29.322,63.1900,3
53189433539999,14:46:29.433,63.2000,2
53189433539999,14:46:29.433,63.2000,100
53189449119841,14:46:29.449,63.2100,100
53189449119841,14:46:29.449,63.2100,2
53189449119841,14:46:29.449,63.2100,1
53189522767517,14:46:29.522,63.2200,100
53189522803821,14:46:29.522,63.2200,2
53189863569081,14:46:29.863,63.2200,100
53189863595133,14:46:29.863,63.2200,1
53190494767770,14:46:30.494,63.2100,100
53194863378683,14:46:34.863,63.2200,100
53216219110583,14:46:56.219,63.2300,2
53216219159502,14:46:56.219,63.2500,1
53216244566073,14:46:56.244,63.2800,2
53218588565793,14:46:58.588,63.2900,2
53218590679446,14:46:58.590,63.3000,2
53230590543522,14:47:10.590,63.3200,2
53335631066087,14:48:55.631,63.3800,1
53352584154506,14:49:12.584,63.3900,5
53466777092882,14:51:06.777,63.2700,10
53466777231340,14:51:06.777,63.2700,73
53466777241554,14:51:06.777,63.2700,17
53466777241554,14:51:06.777,63.2700,16
53466777260158,14:51:06.777,63.2600,40
53466777264284,14:51:06.777,63.2600,60
53466777479709,14:51:06.777,63.2700,46
53466780657230,14:51:06.780,63.2900,20
53469082971700,14:51:09.082,63.2500,200
53477965081249,14:51:17.965,63.2800,13
53526676968699,14:52:06.676,63.3100,100
53526676968699,14:52:06.676,63.3100,1
53526676970587,14:52:06.676,63.3100,100
53526676970587,14:52:06.676,63.3200,1
53543035366406,14:52:23.035,63.3800,100
53543035366406,14:52:23.035,63.3900,2
53543035366406,14:52:23.035,63.3900,1
53543035393957,14:52:23.035,63.3900,99
53543035393957,14:52:23.035,63.3900,1
53555681331325,14:52:35.681,63.4000,1
53555681331325,14:52:35.681,63.4000,9
53555681331325,14:52:35.681,63.4200,1
53555681331325,14:52:35.681,63.4200,1
53555681331325,14:52:35.681,63.4200,88
53556054764514,14:52:36.054,63.4200,10
53556054764514,14:52:36.054,63.4200,3
53569866429447,14:52:49.866,63.4400,100
53569866455016,14:52:49.866,63.4500,2
53569866455016,14:52:49.866,63.4500,3
53569866455016,14:52:49.866,63.4500,95
53569866472770,14:52:49.866,63.4500,5
53569866472770,14:52:49.866,63.4500,95
53576035036200,14:52:56.035,63.4600,2
53588675964581,14:53:08.675,63.4000,100
53588675964581,14:53:08.675,63.3900,100
53588675964581,14:53:08.675,63.3900,100
53588675964581,14:53:08.675,63.3900,100
53588675964581,14:53:08.675,63.3800,100
53588675964581,14:53:08.675,63.3800,100
53588688428294,14:53:08.688,63.3800,100
53588688537454,14:53:08.688,63.3800,100
53588688591465,14:53:08.688,63.3800,100
53588689172874,14:53:08.689,63.3800,100
53588689250659,14:53:08.689,63.3800,100
53588690059482,14:53:08.690,63.3800,100
53588726825817,14:53:08.726,63.3800,100
53588726928714,14:53:08.726,63.3800,100
53588727011122,14:53:08.727,63.3800,100
53588727562637,14:53:08.727,63.3800,100
53588728215021,14:53:08.728,63.3800,100
53588728955925,14:53:08.728,63.3800,100
53589317202309,14:53:09.317,63.3800,100
53589318199711,14:53:09.318,63.3800,100
53589467314294,14:53:09.467,63.3800,100
53686757095800,14:54:46.757,63.4300,90
53727945049894,14:55:27.945,63.4400,1
53768778305603,14:56:08.778,63.3800,1
53768778340093,14:56:08.778,63.3900,100
53770487280706,14:56:10.487,63.3300,100
53770487280706,14:56:10.487,63.3300,24
53770487280706,14:56:10.487,63.3300,22
53770487873425,14:56:10.487,63.3200,14
53804595395300,14:56:44.595,63.4000,100
53805362579411,14:56:45.362,63.4000,100
53805362579411,14:56:45.362,63.4000,100
53805362676061,14:56:45.362,63.4000,100
53805363290315,14:56:45.363,63.4000,100
53830480786175,14:57:10.480,63.3200,100
53830480849878,14:57:10.480,63.3200,96
53843413845766,14:57:23.413,63.3100,2
53843436671076,14:57:23.436,63.3000,11
53926127101488,14:58:46.127,63.3100,89
53926127101488,14:58:46.127,63.3100,11
53926127127423,14:58:46.127,63.3100,89
53926127127423,14:58:46.127,63.3100,100
53926146219694,14:58:46.146,63.2900,29
53926146287252,14:58:46.146,63.2700,61
53926146335373,14:58:46.146,63.2700,39
53926147015839,14:58:46.147,63.2700,4
53926190926245,14:58:46.190,63.3100,100
53944151863208,14:59:04.151,63.3400,100
53951116032451,14:59:11.116,63.3600,100
53951330766406,14:59:11.330,63.3800,100
53992753361663,14:59:52.753,63.3300,100
54001073647864,15:00:01.073,63.3500,100
54001898298435,15:00:01.898,63.3500,100
54001899038459,15:00:01.899,63.3500,100
54022422363766,15:00:22.422,63.2700,1
54022422363766,15:00:22.422,63.2700,33
54164400071285,15:02:44.400,63.3500,100
54164400071285,15:02:44.400,63.3500,100
54167606703275,15:02:47.606,63.3300,1
54192334228918,15:03:12.334,63.2900,100
54192334228918,15:03:12.334,63.2900,72
54192334952804,15:03:12.334,63.2800,18
54192334977226,15:03:12.334,63.2800,10
54192335573158,15:03:12.335,63.2800,72
54192335815915,15:03:12.335,63.2800,82
54192335896956,15:03:12.335,63.2800,18
54192335896956,15:03:12.335,63.2800,100
54192978138079,15:03:12.978,63.2500,100
54247483509973,15:04:07.483,63.2100,100
54247483548384,15:04:07.483,63.2100,73
54254153820908,15:04:14.153,63.2100,27
54254153820908,15:04:14.153,63.2100,37
54254153820908,15:04:14.153,63.2100,33
54254153820908,15:04:14.153,63.2100,3
54254153861835,15:04:14.153,63.2100,57
54254153874487,15:04:14.153,63.2100,40
54254154221227,15:04:14.154,63.2200,100
54254154333792,15:04:14.154,63.2100,71
54267016416235,15:04:27.016,63.1700,100
54315999448134,15:05:15.999,63.1600,4
54316055862378,15:05:16.055,63.1600,7
54328361073830,15:05:28.361,63.2000,100
54328361664701,15:05:28.361,63.2100,100
54328361664701,15:05:28.361,63.2100,2
54328362163764,15:05:28.362,63.2100,100
54328364480481,15:05:28.364,63.2100,100
54376233622650,15:06:16.233,63.2100,12
54376233652448,15:06:16.233,63.2100,28
54376234921095,15:06:16.234,63.2100,4
54376234921095,15:06:16.234,63.2200,10
54376234921095,15:06:16.234,63.2200,18
54385649450732,15:06:25.649,63.2200,16
54385649538679,15:06:25.649,63.2200,8
54385649569504,15:06:25.649,63.2200,8
54390033608280,15:06:30.033,63.2300,100
54390033608280,15:06:30.033,63.2300,100
54431586986389,15:07:11.586,63.2100,1
54513252440523,15:08:33.252,63.2000,100
54513252440523,15:08:33.252,63.2000,2
54513252482606,15:08:33.252,63.2000,35
54513252502635,15:08:33.252,63.2000,2
54513252560086,15:08:33.252,63.2000,31
54548514961940,15:09:08.514,63.1600,32
54548514961940,15:09:08.514,63.1600,45
54558514781057,15:09:18.514,63.1600,55
54592060057982,15:09:52.060,63.1500,5
54592164482965,15:09:52.164,63.1300,2
54634450274435,15:10:34.450,63.1100,1
54636097465357,15:10:36.097,63.1100,39
54636097932547,15:10:36.097,63.0800,2
54636097932547,15:10:36.097,63.0800,100
54636097969763,15:10:36.097,63.0800,39
54636098044920,15:10:36.098,63.0800,5
54637724707290,15:10:37.724,63.0700,5
54648148140844,15:10:48.148,63.0600,5
54648148140844,15:10:48.148,63.0500,5
54648148140844,15:10:48.148,63.0500,5
54648148140844,15:10:48.148,63.0500,2
54648148140844,15:10:48.148,63.0500,3
54648148140844,15:10:48.148,63.0500,4
54657575752813,15:10:57.575,63.0400,5
54657575873895,15:10:57.575,63.0300,5
54669551849838,15:11:09.551,63.0200,1
54669551960924,15:11:09.551,63.0000,1
54680327831837,15:11:20.327,62.9800,10
54680327831837,15:11:20.327,62.9800,26
54705968280401,15:11:45.968,63.0400,6
54735767913440,15:12:15.767,63.0900,100
54735767913440,15:12:15.767,63.0900,88
54759545698959,15:12:39.545,63.1300,88
54759545725452,15:12:39.545,63.1300,12
54778333177243,15:12:58.333,63.1300,100
54778334407914,15:12:58.334,63.1300,100
54778334486991,15:12:58.334,63.1300,100
54801775700768,15:13:21.775,63.1900,100
54801776148812,15:13:21.776,63.2000,100
54801776253374,15:13:21.776,63.2000,100
54801776828436,15:13:21.776,63.1900,100
54801776895122,15:13:21.776,63.1800,60
54808110324855,15:13:28.110,63.2000,100
54831140134321,15:13:51.140,63.1700,100
54831140502621,15:13:51.140,63.1700,7
54831140524661,15:13:51.140,63.1700,8
54831141196941,15:13:51.141,63.1700,50
54831142034257,15:13:51.142,63.1500,10
54853672850638,15:14:13.672,63.2000,100
54853673975711,15:14:13.673,63.2000,98
54856770126390,15:14:16.770,63.1900,100
54856770177562,15:14:16.770,63.1900,44
54856770177562,15:14:16.770,63.1900,56
54856770636377,15:14:16.770,63.1900,100
54856770636377,15:14:16.770,63.1900,100
54856770681615,15:14:16.770,63.1900,100
54856770713482,15:14:16.770,63.1900,54
54862530439534,15:14:22.530,63.1800,100
54906174907948,15:15:06.174,63.2200,90
54921812155973,15:15:21.812,63.2200,10
54921812155973,15:15:21.812,63.2200,6
54921904745673,15:15:21.904,63.2300,100
54928152652588,15:15:28.152,63.2300,2
54928152652588,15:15:28.152,63.2300,97
54928152720246,15:15:28.152,63.2300,2
54948001581608,15:15:48.001,63.2400,100
54948001653220,15:15:48.001,63.2400,100
54948001653220,15:15:48.001,63.2400,100
54948001677061,15:15:48.001,63.2400,100
54948001946511,15:15:48.001,63.2500,100
54964582694560,15:16:04.582,63.2700,100
54980983583966,15:16:20.983,63.2800,100
54992314256170,15:16:32.314,63.2800,73
54992314259820,15:16:32.314,63.2800,27
54999147049461,15:16:39.147,63.2900,100
54999150876176,15:16:39.150,63.2700,46
54999150883901,15:16:39.150,63.2700,54
54999150883901,15:16:39.150,63.2700,19
54999150909570,15:16:39.150,63.2700,1
54999152508178,15:16:39.152,63.2700,100
54999153156052,15:16:39.153,63.2700,100
55013795435272,15:16:53.795,63.2900,100
55016283556965,15:16:56.283,63.3000,100
55016283587700,15:16:56.283,63.3000,100
55064185482240,15:17:44.185,63.2900,100
55064853004645,15:17:44.853,63.2900,100
55064853396750,15:17:44.853,63.2900,200
55064856186003,15:17:44.856,63.2900,100
55074183438757,15:17:54.183,63.3000,100
55074183813178,15:17:54.183,63.3000,98
55074183865373,15:17:54.183,63.3000,2
55074183865373,15:17:54.183,63.3000,98
55077764233338,15:17:57.764,63.3000,100
55077764390149,15:17:57.764,63.3000,100
55077764390149,15:17:57.764,63.3000,2
55083032166804,15:18:03.032,63.3000,100
55083465874657,15:18:03.465,63.2900,100
55083469173349,15:18:03.469,63.3000,100
55083469173349,15:18:03.469,63.3000,100
55083469173349,15:18:03.469,63.3000,100
55089122710650,15:18:09.122,63.3000,100
55089122735211,15:18:09.122,63.3000,118
55089126045871,15:18:09.126,63.3000,100
55089126045871,15:18:09.126,63.3000,100
55089126118951,15:18:09.126,63.2900,1
55089126118951,15:18:09.126,63.2900,100
55089126118951,15:18:09.126,63.2900,100
55089126147623,15:18:09.126,63.2900,100
55089130207652,15:18:09.130,63.2900,81
55089130207652,15:18:09.130,63.3000,19
55089130431750,15:18:09.130,63.3000,81
55089130431750,15:18:09.130,63.3000,100
55101294844840,15:18:21.294,63.3100,100
55101294897143,15:18:21.294,63.3100,2
55101294897143,15:18:21.294,63.3100,100
55101294897143,15:18:21.294,63.3100,88
55101295424990,15:18:21.295,63.3100,12
55128647076600,15:18:48.647,63.3100,57
55128647104238,15:18:48.647,63.3100,43
55128647104238,15:18:48.647,63.3100,100
55128651223740,15:18:48.651,63.3000,400
55129648070369,15:18:49.648,63.3100,100
55157511559585,15:19:17.511,63.2800,19
55157511559585,15:19:17.511,63.2800,81
55178116224397,15:19:38.116,63.3000,1
55185263451350,15:19:45.263,63.3100,100
55200073077880,15:20:00.073,63.3200,100
55200073077880,15:20:00.073,63.3200,56
55200073086699,15:20:00.073,63.3200,44
55200074315628,15:20:00.074,63.3200,80
55200074449942,15:20:00.074,63.3200,20
55200074449942,15:20:00.074,63.3200,80
55200080098866,15:20:00.080,63.3200,20
55210262502626,15:20:10.262,63.3200,100
55218468124544,15:20:18.468,63.3100,2
55220188377742,15:20:20.188,63.3200,100
55237764284718,15:20:37.764,63.3500,100
55237764284718,15:20:37.764,63.3500,12
55237764284718,15:20:37.764,63.3500,4
55237765313589,15:20:37.765,63.3500,96
55237765313589,15:20:37.765,63.3600,4
55240701719985,15:20:40.701,63.3600,96
55240701719985,15:20:40.701,63.3600,100
55240702527604,15:20:40.702,63.3700,100
55240702552787,15:20:40.702,63.3700,100
55240703387978,15:20:40.703,63.3700,100
55240703482501,15:20:40.703,63.3700,19
55242631329946,15:20:42.631,63.3800,100
55271193137140,15:21:11.193,63.3700,100
55271193561418,15:21:11.193,63.3700,14
55272194121634,15:21:12.194,63.3700,100
55272194554210,15:21:12.194,63.3700,1
55273195117935,15:21:13.195,63.3700,100
55280020600608,15:21:20.020,63.3800,86
55280020600608,15:21:20.020,63.3800,10
55280021127443,15:21:20.021,63.3900,6
55280021642059,15:21:20.021,63.4000,598
55282623373477,15:21:22.623,63.3900,70
55283623984849,15:21:23.623,63.4000,100
55285041945896,15:21:25.041,63.3600,12
55285041945896,15:21:25.041,63.3600,88
55290710747650,15:21:30.710,63.3900,100
55290794293229,15:21:30.794,63.4000,13
55292506213752,15:21:32.506,63.4000,200
55294658731005,15:21:34.658,63.4000,2341
55294658731005,15:21:34.658,63.4000,59
55294658774515,15:21:34.658,63.4000,41
55294658774515,15:21:34.658,63.4000,4
55299656125020,15:21:39.656,63.4200,96
55313703729212,15:21:53.703,63.4200,47
55313703754125,15:21:53.703,63.4200,153
55313703754125,15:21:53.703,63.4200,100
55318272460740,15:21:58.272,63.4300,100
55318272486390,15:21:58.272,63.4300,100
55323845834661,15:22:03.845,63.4300,100
55324412888636,15:22:04.412,63.4400,100
55324412888636,15:22:04.412,63.4500,100
55331796350364,15:22:11.796,63.3900,100
55331796350364,15:22:11.796,63.3900,1
55331796752670,15:22:11.796,63.3900,57
55331798822714,15:22:11.798,63.3700,100
55331798846543,15:22:11.798,63.3700,100
55331799247231,15:22:11.799,63.3700,100
55331802108248,15:22:11.802,63.3700,100
55331802138932,15:22:11.802,63.3700,100
55331805098380,15:22:11.805,63.3700,17
55332003771905,15:22:12.003,63.3600,5
55343500856113,15:22:23.500,63.3700,4
55347741973813,15:22:27.741,63.3700,5
55362800939237,15:22:42.800,63.3800,30
55362860185298,15:22:42.860,63.3800,70
55367218501763,15:22:47.218,63.3700,91
55389121197597,15:23:09.121,63.3500,48
55389121222781,15:23:09.121,63.3500,52
55389121360699,15:23:09.121,63.3500,54
55394634130947,15:23:14.634,63.3600,100
55403150120744,15:23:23.150,63.3600,100
55408596905425,15:23:28.596,63.3600,100
55425161053613,15:23:45.161,63.3600,100
55425161053613,15:23:45.161,63.3600,8
55429064972056,15:23:49.064,63.3600,92
55429064972056,15:23:49.064,63.3800,100
55429064972056,15:23:49.064,63.3800,100
55429064972056,15:23:49.064,63.3900,96
55463201437321,15:24:23.201,63.3800,100
55463201437321,15:24:23.201,63.3800,8
55463206522022,15:24:23.206,63.3900,100
55463207280135,15:24:23.207,63.3900,99
55463207301035,15:24:23.207,63.3900,1
55478926994837,15:24:38.926,63.3800,100
55478927019206,15:24:38.927,63.3800,100
55479927716469,15:24:39.927,63.3800,91
55483058093356,15:24:43.058,63.3800,9
55483058093356,15:24:43.058,63.3900,191
55485058074432,15:24:45.058,63.4000,100
55485058074432,15:24:45.058,63.4000,8
55522403680621,15:25:22.403,63.4000,100
55522403680621,15:25:22.403,63.4000,12
55522447075562,15:25:22.447,63.4000,23
55522447135777,15:25:22.447,63.4000,57
55525306325093,15:25:25.306,63.3800,100
55546444078174,15:25:46.444,63.4100,41
55558178970903,15:25:58.178,63.4100,200
55572405594135,15:26:12.405,63.4000,100
55572405594135,15:26:12.405,63.4000,100
55572405965541,15:26:12.405,63.4000,100
55572406197971,15:26:12.406,63.4000,90
55572406221791,15:26:12.406,63.4000,10
55572406262119,15:26:12.406,63.4000,4
55578742559577,15:26:18.742,63.3900,100
55578834103067,15:26:18.834,63.3900,100
55578834103067,15:26:18.834,63.3900,100
55578941467026,15:26:18.941,63.3900,100
55582501154888,15:26:22.501,63.3900,8
55629926108690,15:27:09.926,63.4000,96
55632774037581,15:27:12.774,63.4000,100
55648408418337,15:27:28.408,63.4000,100
55648408418337,15:27:28.408,63.4000,100
55648408418337,15:27:28.408,63.4000,4
55648408418337,15:27:28.408,63.4000,6
55649944435857,15:27:29.944,63.3800,40
55650673545667,15:27:30.673,63.3700,99
55650673570187,15:27:30.673,63.3700,1
55657995182698,15:27:37.995,63.3700,2
55664408933083,15:27:44.408,63.3700,10
55664703869191,15:27:44.703,63.3900,100
55664703869191,15:27:44.703,63.3900,100
55673111629455,15:27:53.111,63.4000,200
55673111673912,15:27:53.111,63.4000,100
55673111673912,15:27:53.111,63.4000,100
55673142820193,15:27:53.142,63.4000,100
55695869184677,15:28:15.869,63.4400,100
55695869364274,15:28:15.869,63.4300,100
55695869809071,15:28:15.869,63.4500,2
55695869809071,15:28:15.869,63.4500,100
55695870623780,15:28:15.870,63.4500,24
55699882701404,15:28:19.882,63.4500,24
55699882701404,15:28:19.882,63.4500,76
55699882727291,15:28:19.882,63.4500,24
55700573006330,15:28:20.573,63.4600,100
55700573006330,15:28:20.573,63.4600,100
55738121171944,15:28:58.121,63.4700,100
55740903721028,15:29:00.903,63.4700,10
55747518809924,15:29:07.518,63.4700,100
55747518809924,15:29:07.518,63.4700,100
55747519318740,15:29:07.519,63.4600,200
55747519318740,15:29:07.519,63.4600,34
55747519318740,15:29:07.519,63.4600,100
55748520254792,15:29:08.520,63.4600,100
55748520712948,15:29:08.520,63.4600,100
55748520736733,15:29:08.520,63.4600,100
55749121354811,15:29:09.121,63.4700,100
55755850510871,15:29:15.850,63.4300,100
55800685967336,15:30:00.685,63.3900,100
55800685967336,15:30:00.685,63.3900,100
55800685967336,15:30:00.685,63.3900,50
55800715192879,15:30:00.715,63.3800,100
55804207563856,15:30:04.207,63.3800,100
55804207624684,15:30:04.207,63.3600,40
55806564063430,15:30:06.564,63.3800,100
55811327959534,15:30:11.327,63.3500,100
55812388895274,15:30:12.388,63.3900,5
55812388895274,15:30:12.388,63.3900,100
55812388895274,15:30:12.388,63.3900,95
55832831538806,15:30:32.831,63.4100,100
55832831586947,15:30:32.831,63.4100,100
55832831586947,15:30:32.831,63.4100,10
55832831586947,15:30:32.831,63.4100,2
55832831586947,15:30:32.831,63.4100,200
55832831912866,15:30:32.831,63.4100,100
55832932979810,15:30:32.932,63.4200,100
55836651922753,15:30:36.651,63.4500,2
55836651922753,15:30:36.651,63.4500,100
55836651922753,15:30:36.651,63.4500,98
55853546226181,15:30:53.546,63.4500,2
55853546261981,15:30:53.546,63.4500,8
55872410357246,15:31:12.410,63.4700,1
55872410357246,15:31:12.410,63.4700,99
55872410855039,15:31:12.410,63.4700,100
55872416505479,15:31:12.416,63.4700,1
55872416505479,15:31:12.416,63.4700,100
55872416505479,15:31:12.416,63.4700,100
55905764958275,15:31:45.764,63.4600,100
55905764968301,15:31:45.764,63.4600,100
55919685246610,15:31:59.685,63.4600,100
55919685272831,15:31:59.685,63.4600,100
55919685272831,15:31:59.685,63.4600,71
55919685272831,15:31:59.685,63.4600,1
55920814309646,15:32:00.814,63.4400,100
55978702286278,15:32:58.702,63.3900,100
55978702312650,15:32:58.702,63.3900,100
56000647800256,15:33:20.647,63.3600,100
56000651524532,15:33:20.651,63.3500,100
56008002834957,15:33:28.002,63.3700,100
56009209421165,15:33:29.209,63.3700,100
56009817589549,15:33:29.817,63.3800,6
56009817589549,15:33:29.817,63.3800,100
56009817589549,15:33:29.817,63.3800,94
56009817617814,15:33:29.817,63.3800,6
56013249026083,15:33:33.249,63.3900,1
56013249026083,15:33:33.249,63.3900,100
56050817311514,15:34:10.817,63.3900,100
56052196130098,15:34:12.196,63.3800,100
56062064103789,15:34:22.064,63.3600,100
56062064135824,15:34:22.064,63.3600,100
56062064135824,15:34:22.064,63.3600,88
56062064135824,15:34:22.064,63.3600,1
56092274392444,15:34:52.274,63.3600,100
56092274734963,15:34:52.274,63.3600,100
56092277988786,15:34:52.277,63.3500,100
56094005841945,15:34:54.005,63.3400,100
56094005841945,15:34:54.005,63.3400,100
56094006589333,15:34:54.006,63.3500,100
56094006589333,15:34:54.006,63.3500,100
56094006589333,15:34:54.006,63.3500,100
56125493633261,15:35:25.493,63.4000,200
56132918375414,15:35:32.918,63.4100,100
56132918380047,15:35:32.918,63.4100,200
56132918400773,15:35:32.918,63.4100,100
56132918722073,15:35:32.918,63.4200,100
56132918722073,15:35:32.918,63.4200,5
56132920570379,15:35:32.920,63.4200,34
56134394672212,15:35:34.394,63.4500,143
56134394672212,15:35:34.394,63.4500,100
56138085160423,15:35:38.085,63.4200,1
56138085762626,15:35:38.085,63.4350,100
56138789015839,15:35:38.789,63.4400,200
56138789015839,15:35:38.789,63.4500,100
56138789015839,15:35:38.789,63.4500,100
56140392339823,15:35:40.392,63.4800,2
56140392339823,15:35:40.392,63.4800,100
56141984022670,15:35:41.984,63.4700,10
56162193301700,15:36:02.193,63.4800,100
56163491668734,15:36:03.491,63.4900,8
56163492267150,15:36:03.492,63.5000,58
56164138792636,15:36:04.138,63.4900,200
56164138792636,15:36:04.138,63.5000,42
56164138792636,15:36:04.138,63.5000,100
56164138792636,15:36:04.138,63.5000,100
56164138792636,15:36:04.138,63.5000,100
56164905547191,15:36:04.905,63.5100,1
56164905547191,15:36:04.905,63.5100,100
56167815095480,15:36:07.815,63.5200,100
56167815095480,15:36:07.815,63.5200,1
56167815095480,15:36:07.815,63.5200,100
56167815095480,15:36:07.815,63.5200,99
56196879866772,15:36:36.879,63.4800,5
56199841252294,15:36:39.841,63.4900,56
56199841252294,15:36:39.841,63.5000,44
56199841354028,15:36:39.841,63.5000,56
56199842081831,15:36:39.842,63.5000,100
56199842837696,15:36:39.842,63.5000,100
56199843764263,15:36:39.843,63.5100,100
56210829299601,15:36:50.829,63.5100,89
56210829389093,15:36:50.829,63.5100,11
56210829729564,15:36:50.829,63.5100,1
56229150080200,15:37:09.150,63.4900,100
56229150104296,15:37:09.150,63.4900,100
56251233659675,15:37:31.233,63.5300,17
56257590128729,15:37:37.590,63.5300,100
56257590156186,15:37:37.590,63.5300,21
56257590156186,15:37:37.590,63.5300,200
56257590613860,15:37:37.590,63.5400,1
56257590613860,15:37:37.590,63.5400,1
56257590613860,15:37:37.590,63.5400,1
56257642023399,15:37:37.642,63.5500,100
56257642047555,15:37:37.642,63.5500,100
56257642056143,15:37:37.642,63.5500,100
56259887886776,15:37:39.887,63.5600,1
56262545980926,15:37:42.545,63.5350,100
56262547114475,15:37:42.547,63.5200,100
56262548264161,15:37:42.548,63.5100,13
56263443154358,15:37:43.443,63.5000,48
56264058217772,15:37:44.058,63.5300,200
56264060145718,15:37:44.060,63.5600,100
56264060173038,15:37:44.060,63.5600,100
56272232594475,15:37:52.232,63.5500,100
56293034551898,15:38:13.034,63.5200,50
56293040103396,15:38:13.040,63.5400,50
56299840217300,15:38:19.840,63.5100,60
56321471796056,15:38:41.471,63.5300,5
56321471796056,15:38:41.471,63.5300,100
56321471796056,15:38:41.471,63.5300,40
56323529322567,15:38:43.529,63.5400,90
56323529322567,15:38:43.529,63.5400,24
56323810338767,15:38:43.810,63.5200,100
56323811322845,15:38:43.811,63.5100,100
56327719240786,15:38:47.719,63.5000,100
56327720445615,15:38:47.720,63.5000,48
56327720445615,15:38:47.720,63.4900,52
56327720822046,15:38:47.720,63.4900,48
56327781551730,15:38:47.781,63.5000,100
56328122834663,15:38:48.122,63.5100,73
56328556882067,15:38:48.556,63.5100,27
56328562401907,15:38:48.562,63.5000,100
56333412739701,15:38:53.412,63.5000,43
56341335206841,15:39:01.335,63.5100,100
56341335206841,15:39:01.335,63.5100,57
56354032022598,15:39:14.032,63.5200,100
56354032078309,15:39:14.032,63.5200,6
56361962685171,15:39:21.962,63.5100,100
56362121035439,15:39:22.121,63.5100,100
56375837349318,15:39:35.837,63.5100,100
56397049440652,15:39:57.049,63.5100,99
56397049467350,15:39:57.049,63.5100,1
56397049467350,15:39:57.049,63.5100,100
56397049467350,15:39:57.049,63.5100,100
56397219240863,15:39:57.219,63.5000,100
56398478213328,15:39:58.478,63.5100,9
56398478213328,15:39:58.478,63.5100,100
56403523782134,15:40:03.523,63.5000,100
56404074825312,15:40:04.074,63.5000,30
56416865004594,15:40:16.865,63.5300,100
56416865004594,15:40:16.865,63.5300,100
56416865004594,15:40:16.865,63.5300,4
56416865004594,15:40:16.865,63.5300,100
56427716042838,15:40:27.716,63.5000,5
56433732771537,15:40:33.732,63.5000,100
56433732771537,15:40:33.732,63.5000,100
56433733127321,15:40:33.733,63.5000,5
56433733188391,15:40:33.733,63.5000,93
56437966042190,15:40:37.966,63.5000,7
56437966042190,15:40:37.966,63.5000,93
56447928997235,15:40:47.928,63.5100,200
56447928997235,15:40:47.928,63.5100,100
56447929023532,15:40:47.929,63.5100,100
56447929023532,15:40:47.929,63.5100,22
56453693767089,15:40:53.693,63.5300,100
56474829935027,15:41:14.829,63.5400,33
56480466269818,15:41:20.466,63.5100,56
56480481598551,15:41:20.481,63.5100,44
56480485401133,15:41:20.485,63.5000,7
56480485401133,15:41:20.485,63.5000,100
56480487204080,15:41:20.487,63.5100,100
56494748162639,15:41:34.748,63.5000,4
56509323922919,15:41:49.323,63.5100,2
56532729168545,15:42:12.729,63.5100,98
56532729168545,15:42:12.729,63.5100,2
56534312104374,15:42:14.312,63.5100,98
56534312104374,15:42:14.312,63.5100,2
56561509153263,15:42:41.509,63.5400,156
56561509153263,15:42:41.509,63.5400,44
56561509203660,15:42:41.509,63.5400,56
56561509203660,15:42:41.509,63.5400,4
56561509203660,15:42:41.509,63.5400,27
56561509203660,15:42:41.509,63.5400,10
56561509649053,15:42:41.509,63.5400,200
56561843308232,15:42:41.843,63.5600,100
56561843308232,15:42:41.843,63.5600,100
56563456590416,15:42:43.456,63.5700,100
56563456620806,15:42:43.456,63.5700,1
56587815624638,15:43:07.815,63.6000,9
56587824068101,15:43:07.824,63.6000,9
56588305048209,15:43:08.305,63.5800,50
56588305216887,15:43:08.305,63.5800,32
56588305322878,15:43:08.305,63.5800,100
56588306261162,15:43:08.306,63.5800,18
56589308340815,15:43:09.308,63.5800,200
56590062267020,15:43:10.062,63.5600,100
56590062267020,15:43:10.062,63.5600,8
56591993413175,15:43:11.993,63.5700,53
56591993428243,15:43:11.993,63.5700,17
56609275980055,15:43:29.275,63.5500,70
56609471794362,15:43:29.471,63.5300,82
56612910690145,15:43:32.910,63.5300,18
56612910690145,15:43:32.910,63.5300,60
56612913983870,15:43:32.913,63.5200,17
56621725156225,15:43:41.725,63.5200,100
56623228999065,15:43:43.228,63.5200,300
56623228999065,15:43:43.228,63.5200,100
56623229818275,15:43:43.229,63.5300,100
56623230634341,15:43:43.230,63.5400,6
56623231106756,15:43:43.231,63.5500,100
56624216790197,15:43:44.216,63.5500,97
56634889061793,15:43:54.889,63.5500,100
56651240103949,15:44:11.240,63.5200,100
56653075037964,15:44:13.075,63.5100,100
56657296102080,15:44:17.296,63.5000,100
56657296102080,15:44:17.296,63.4900,100
56657297780770,15:44:17.297,63.4900,100
56657299678883,15:44:17.299,63.5100,100
56657306607520,15:44:17.306,63.5100,100
56672075497997,15:44:32.075,63.5000,1
56674962548236,15:44:34.962,63.5100,22
56677736378861,15:44:37.736,63.5100,78
56677736378861,15:44:37.736,63.5100,122
56677736485680,15:44:37.736,63.5100,78
56677736485680,15:44:37.736,63.5100,100
56677736485680,15:44:37.736,63.5100,100
56677736485680,15:44:37.736,63.5100,22
56677736485680,15:44:37.736,63.5100,1
56677736658555,15:44:37.736,63.5100,100
56677736666078,15:44:37.736,63.5100,51
56677736666078,15:44:37.736,63.5100,100
56677736666078,15:44:37.736,63.5100,100
56677736862019,15:44:37.736,63.5100,223
56692341058800,15:44:52.341,63.5100,2
56696192248776,15:44:56.192,63.5100,61
56700406938034,15:45:00.406,63.5000,69
56700406993128,15:45:00.406,63.5000,31
56700406993128,15:45:00.406,63.5000,69
56700407216857,15:45:00.407,63.5000,31
56700414986737,15:45:00.414,63.4900,41
56700414986737,15:45:00.414,63.4900,28
56700415653052,15:45:00.415,63.4900,22
56700420181764,15:45:00.420,63.4800,69
56700423427309,15:45:00.423,63.4800,31
56700423859734,15:45:00.423,63.4700,15
56702162696332,15:45:02.162,63.5000,100
56702162705989,15:45:02.162,63.5000,100
56702163179338,15:45:02.163,63.5100,37
56702163179338,15:45:02.163,63.5100,91
56702212705399,15:45:02.212,63.5100,9
56702212705399,15:45:02.212,63.5100,8
56702212705399,15:45:02.212,63.5100,1
56702212705399,15:45:02.212,63.5100,100
56702213647362,15:45:02.213,63.5100,26
56702245166366,15:45:02.245,63.5100,10
56703340315865,15:45:03.340,63.5300,1
56703344942020,15:45:03.344,63.5400,1
56703348605952,15:45:03.348,63.5400,100
56714905589425,15:45:14.905,63.5200,100
56714905598757,15:45:14.905,63.5200,100
56716170159598,15:45:16.170,63.5200,10
56726081028437,15:45:26.081,63.5200,90
56726082090088,15:45:26.082,63.5100,100
56742895176587,15:45:42.895,63.5400,100
56742895176587,15:45:42.895,63.5500,145
56742895176587,15:45:42.895,63.5500,75
56742896921384,15:45:42.896,63.5500,204
56749148675018,15:45:49.148,63.5500,100
56749149135357,15:45:49.149,63.5500,100
56757663544118,15:45:57.663,63.5500,100
56757663544118,15:45:57.663,63.5500,100
56757664269237,15:45:57.664,63.5600,100
56757825086791,15:45:57.825,63.5700,100
56758340727094,15:45:58.340,63.5700,100
56758342815261,15:45:58.342,63.5600,100
56758342815261,15:45:58.342,63.5600,100
56758342815261,15:45:58.342,63.5600,100
56758342861779,15:45:58.342,63.5600,100
56758344956763,15:45:58.344,63.5600,100
56758345268658,15:45:58.345,63.5600,100
56758346604401,15:45:58.346,63.5600,13
56758346629824,15:45:58.346,63.5600,87
56760069339462,15:46:00.069,63.5700,100
56762855401624,15:46:02.855,63.5600,100
56763252663282,15:46:03.252,63.5500,200
56763252830576,15:46:03.252,63.5500,100
56763442279592,15:46:03.442,63.5500,100
56772807271200,15:46:12.807,63.5400,10
56834056688173,15:47:14.056,63.5400,5
56849219225037,15:47:29.219,63.5300,100
56849219225037,15:47:29.219,63.5300,87
56849219225037,15:47:29.219,63.5300,100
56849262706508,15:47:29.262,63.5200,100
56849308741026,15:47:29.308,63.5200,1
56849750623840,15:47:29.750,63.4900,60
56862176861169,15:47:42.176,63.4600,40
56862410664849,15:47:42.410,63.4800,59
56862410664849,15:47:42.410,63.4800,100
56862410664849,15:47:42.410,63.4900,200
56862410664849,15:47:42.410,63.4900,1
56862410664849,15:47:42.410,63.4900,133
56862410664849,15:47:42.410,63.4900,100
56862410664849,15:47:42.410,63.5000,100
56877268348119,15:47:57.268,63.5000,59
56894266293108,15:48:14.266,63.5000,100
56894266394136,15:48:14.266,63.5000,59
56920262347571,15:48:40.262,63.4900,5
56920262532420,15:48:40.262,63.5000,95
56920262888167,15:48:40.262,63.5000,5
56920262888167,15:48:40.262,63.5000,100
56920262888167,15:48:40.262,63.5000,70
56920263994638,15:48:40.263,63.4900,100
56920263994638,15:48:40.263,63.4900,100
56923657745695,15:48:43.657,63.4900,10
56923657745695,15:48:43.657,63.4900,70
56923657745695,15:48:43.657,63.4900,10
56923657745695,15:48:43.657,63.4900,10
56924717236126,15:48:44.717,63.4900,90
56924717236126,15:48:44.717,63.4900,10
56929463601992,15:48:49.463,63.4900,3
56940720875516,15:49:00.720,63.5000,100
56950036599066,15:49:10.036,63.4950,100
56950036599066,15:49:10.036,63.4900,58
56950036599066,15:49:10.036,63.4900,100
56950036599066,15:49:10.036,63.4900,36
56950037843334,15:49:10.037,63.4900,25
56969986461882,15:49:29.986,63.5000,100
56969986461882,15:49:29.986,63.5000,100
56969986461882,15:49:29.986,63.5000,100
56969986503420,15:49:29.986,63.5000,2
56969986506900,15:49:29.986,63.5000,2
56969986506900,15:49:29.986,63.5000,10
56969986506900,15:49:29.986,63.5000,1
56969986511369,15:49:29.986,63.5000,99
56971763518090,15:49:31.763,63.4950,100
56971763518090,15:49:31.763,63.4900,90
56971763518090,15:49:31.763,63.4900,10
56983281470310,15:49:43.281,63.4900,90
56983281470310,15:49:43.281,63.4900,10
56983281508587,15:49:43.281,63.4900,70
56983281508587,15:49:43.281,63.4900,100
56983282364280,15:49:43.282,63.4900,100
56983282364280,15:49:43.282,63.4900,200
56984275910536,15:49:44.275,63.4900,21
56999970334484,15:49:59.970,63.4800,100
56999970357304,15:49:59.970,63.4800,100
56999974047772,15:49:59.974,63.4800,196
56999974111910,15:49:59.974,63.4800,4
56999974111910,15:49:59.974,63.4800,96
56999974143509,15:49:59.974,63.4800,4
56999974178823,15:49:59.974,63.4800,100
56999978212473,15:49:59.978,63.4700,100
57012723681903,15:50:12.723,63.4700,100
57012723728122,15:50:12.723,63.4700,46
57012723745169,15:50:12.723,63.4700,54
57012723745169,15:50:12.723,63.4700,146
57012723778492,15:50:12.723,63.4700,54
57012723778492,15:50:12.723,63.4700,78
57014546122000,15:50:14.546,63.4500,4
57017811676825,15:50:17.811,63.4500,100
57018427413981,15:50:18.427,63.4500,79
57018427413981,15:50:18.427,63.4500,59
57018428495513,15:50:18.428,63.4600,10
57019700717672,15:50:19.700,63.4500,5
57027176413487,15:50:27.176,63.4600,36
57027176413487,15:50:27.176,63.4500,95
57027176413487,15:50:27.176,63.4500,69
57027176536205,15:50:27.176,63.4500,31
57027176536205,15:50:27.176,63.4500,100
57027176536205,15:50:27.176,63.4500,100
57027176536205,15:50:27.176,63.4500,169
57027178356244,15:50:27.178,63.4500,100
57027178356244,15:50:27.178,63.4500,31
57027178356244,15:50:27.178,63.4500,262
57027178356244,15:50:27.178,63.4500,100
57027179057605,15:50:27.179,63.4400,100
57031529740046,15:50:31.529,63.4100,100
57031537334409,15:50:31.537,63.4100,100
57032303814991,15:50:32.303,63.3900,100
57048231303843,15:50:48.231,63.3900,100
57062980678852,15:51:02.980,63.4000,100
57069870635478,15:51:09.870,63.4000,100
57070698900890,15:51:10.698,63.3800,2
57070760276997,15:51:10.760,63.3800,11
57077269038442,15:51:17.269,63.4000,100
57080936853911,15:51:20.936,63.3900,100
57080936853911,15:51:20.936,63.3800,79
57081213701250,15:51:21.213,63.3800,70
57097183005280,15:51:37.183,63.3700,100
57105061136296,15:51:45.061,63.3700,97
57111111716971,15:51:51.111,63.3700,3
57111111716971,15:51:51.111,63.3700,100
57111111716971,15:51:51.111,63.3700,100
57111111716971,15:51:51.111,63.3700,97
57111111784791,15:51:51.111,63.3700,3
57112112784470,15:51:52.112,63.3700,59
57112112784470,15:51:52.112,63.3700,41
57112423043167,15:51:52.423,63.3600,100
57129761688927,15:52:09.761,63.3300,21
57137500572284,15:52:17.500,63.3500,81
57137511173539,15:52:17.511,63.3500,19
57137630006033,15:52:17.630,63.3400,2
57138058451831,15:52:18.058,63.3450,100
57150477442574,15:52:30.477,63.3300,84
57150477442574,15:52:30.477,63.3300,16
57150482030144,15:52:30.482,63.3300,51
57150802770848,15:52:30.802,63.3300,33
57150802770848,15:52:30.802,63.3300,67
57157199684759,15:52:37.199,63.3300,33
57157199684759,15:52:37.199,63.3300,41
57157201615829,15:52:37.201,63.3300,100
57157201650677,15:52:37.201,63.3300,59
57157201650677,15:52:37.201,63.3300,15
57159072717129,15:52:39.072,63.3300,168
57159072717129,15:52:39.072,63.3300,32
57159072742997,15:52:39.072,63.3300,68
57159073485235,15:52:39.073,63.3200,49
57160050298208,15:52:40.050,63.3000,20
57160050298208,15:52:40.050,63.2900,70
57160050298208,15:52:40.050,63.2800,100
57160138595422,15:52:40.138,63.2600,43
57160219636048,15:52:40.219,63.2600,10
57160229046765,15:52:40.229,63.2600,47
57160926293201,15:52:40.926,63.2500,100
57165517421486,15:52:45.517,63.2400,19
57165518751160,15:52:45.518,63.2400,81
57168430262417,15:52:48.430,63.2400,100
57168430262417,15:52:48.430,63.2400,100
57168430262417,15:52:48.430,63.2400,600
57168430535324,15:52:48.430,63.2400,100
57168430611446,15:52:48.430,63.2400,100
57168430616149,15:52:48.430,63.2400,87
57168430683517,15:52:48.430,63.2400,13
57168536253038,15:52:48.536,63.2400,100
57168537477141,15:52:48.537,63.2400,100
57168537575950,15:52:48.537,63.2400,100
57173722209874,15:52:53.722,63.2600,100
57173722286727,15:52:53.722,63.2600,200
57173722286727,15:52:53.722,63.2600,2
57173722856559,15:52:53.722,63.2700,100
57173723408742,15:52:53.723,63.2800,125
57173723669091,15:52:53.723,63.2800,22
57205470988139,15:53:25.470,63.2500,100
57225482056898,15:53:45.482,63.2500,42
57242007518786,15:54:02.007,63.2700,59
57242059567446,15:54:02.059,63.2700,145
57242059591904,15:54:02.059,63.2700,55
57242059591904,15:54:02.059,63.2700,100
57246840209972,15:54:06.840,63.2700,59
57246840209972,15:54:06.840,63.2700,21
57252480132053,15:54:12.480,63.2650,100
57252480785901,15:54:12.480,63.2600,100
57252480862257,15:54:12.480,63.2500,2
57253229797544,15:54:13.229,63.2700,100
57256579944877,15:54:16.579,63.2600,100
57258362640326,15:54:18.362,63.2500,98
57258362640326,15:54:18.362,63.2500,2
57263982818712,15:54:23.982,63.2500,33
57264583225530,15:54:24.583,63.2400,13
57270727784286,15:54:30.727,63.2600,100
57270731377506,15:54:30.731,63.2700,16
57270732562616,15:54:30.732,63.2700,12
57285046264437,15:54:45.046,63.2300,100
57285046264437,15:54:45.046,63.2300,27
57285046312299,15:54:45.046,63.2300,73
57288309421285,15:54:48.309,63.2100,5
57288309421285,15:54:48.309,63.2000,5
57288309421285,15:54:48.309,63.2000,1
57288309421285,15:54:48.309,63.1800,5
57288309421285,15:54:48.309,63.1800,39
57300029992774,15:55:00.029,63.2100,100
57300030036353,15:55:00.030,63.2100,86
57300030287034,15:55:00.030,63.2100,14
57300030287034,15:55:00.030,63.2100,100
57300030287034,15:55:00.030,63.2100,16
57300030323778,15:55:00.030,63.2100,100
57300030327591,15:55:00.030,63.2100,49
57300030887641,15:55:00.030,63.2100,35
57300030887641,15:55:00.030,63.2100,146
57300043442331,15:55:00.043,63.2200,100
57300043442331,15:55:00.043,63.2200,100
57300043578463,15:55:00.043,63.2200,100
57300043578463,15:55:00.043,63.2300,5
57300043646039,15:55:00.043,63.2300,90
57300043688382,15:55:00.043,63.2300,5
57300043688382,15:55:00.043,63.2300,10
57300043724374,15:55:00.043,63.2300,90
57300043724374,15:55:00.043,63.2300,85
57300045863278,15:55:00.045,63.2300,15
57300939001267,15:55:00.939,63.2800,200
57300939157066,15:55:00.939,63.2800,100
57300989990209,15:55:00.989,63.2800,100
57300989990209,15:55:00.989,63.2800,100
57300990750204,15:55:00.990,63.2800,100
57301042167436,15:55:01.042,63.2700,100
57301357495345,15:55:01.357,63.2700,100
57302164382819,15:55:02.164,63.2500,100
57311229460579,15:55:11.229,63.2700,59
57311229460579,15:55:11.229,63.2700,100
57311331198663,15:55:11.331,63.2500,67
57312057474375,15:55:12.057,63.2500,100
57312747742293,15:55:12.747,63.2400,100
57312747742293,15:55:12.747,63.2400,100
57313049632405,15:55:13.049,63.2400,100
57313406507177,15:55:13.406,63.2500,100
57320254175557,15:55:20.254,63.2400,75
57320271629043,15:55:20.271,63.2400,25
57320271629043,15:55:20.271,63.2400,100
57320271629043,15:55:20.271,63.2400,100
57322479717564,15:55:22.479,63.2300,2
57322479717564,15:55:22.479,63.2300,100
57322479717564,15:55:22.479,63.2300,98
57322479989248,15:55:22.479,63.2300,2
57322479989248,15:55:22.479,63.2300,100
57322941310163,15:55:22.941,63.2200,100
57322941310163,15:55:22.941,63.2200,10
57327635076815,15:55:27.635,63.2300,100
57327644358958,15:55:27.644,63.2300,16
57336595247136,15:55:36.595,63.2400,81
57337856918503,15:55:37.856,63.2500,100
57337856918503,15:55:37.856,63.2500,4
57337856918503,15:55:37.856,63.2500,59
57339896322267,15:55:39.896,63.2600,4
57339896322267,15:55:39.896,63.2600,100
57344035460054,15:55:44.035,63.2700,100
57344035486057,15:55:44.035,63.2700,100
57356543796570,15:55:56.543,63.2700,16
57370035220952,15:56:10.035,63.2700,100
57370035220952,15:56:10.035,63.2700,62
57370695917970,15:56:10.695,63.2700,38
57370695917970,15:56:10.695,63.2700,62
57370696360919,15:56:10.696,63.2700,38
57370696360919,15:56:10.696,63.2700,1
57370696360919,15:56:10.696,63.2700,61
57374219369166,15:56:14.219,63.2700,139
57374219369166,15:56:14.219,63.2700,100
57374219731314,15:56:14.219,63.2600,100
57374219760185,15:56:14.219,63.2600,100
57374222286683,15:56:14.222,63.2600,13
57374222351093,15:56:14.222,63.2600,25
57374986190891,15:56:14.986,63.2400,100
57374986221640,15:56:14.986,63.2400,62
57374986618350,15:56:14.986,63.2400,38
57375180212696,15:56:15.180,63.2200,100
57377484380951,15:56:17.484,63.2300,200
57378486529817,15:56:18.486,63.2400,200
57379834488756,15:56:19.834,63.2400,100
57380694857094,15:56:20.694,63.2500,30
57380728574469,15:56:20.728,63.2500,100
57380813417132,15:56:20.813,63.2500,71
57382867447931,15:56:22.867,63.2400,100
57399655949858,15:56:39.655,63.2400,200
57400656881167,15:56:40.656,63.2400,81
57402499844115,15:56:42.499,63.2400,100
57404233816615,15:56:44.233,63.2500,200
57404233816615,15:56:44.233,63.2500,100
57404233816615,15:56:44.233,63.2500,300
57411260678342,15:56:51.260,63.2500,200
57411260678342,15:56:51.260,63.2500,100
57411260678342,15:56:51.260,63.2500,100
57411260678342,15:56:51.260,63.2500,74
57411260678342,15:56:51.260,63.2500,81
57412342724192,15:56:52.342,63.2400,16
57412342724192,15:56:52.342,63.2400,100
57412342724192,15:56:52.342,63.2400,100
57412342724192,15:56:52.342,63.2400,84
57412730268549,15:56:52.730,63.2400,16
57412730268549,15:56:52.730,63.2400,1
57412730268549,15:56:52.730,63.2400,100
57420648704279,15:57:00.648,63.2400,100
57420773785932,15:57:00.773,63.2400,100
57420773811750,15:57:00.773,63.2400,2
57420773811750,15:57:00.773,63.2400,100
57420775034712,15:57:00.775,63.2400,100
57422989481087,15:57:02.989,63.2400,200
57430685597578,15:57:10.685,63.2400,17
57435234706481,15:57:15.234,63.2500,100
57435234706481,15:57:15.234,63.2500,10
57435234706481,15:57:15.234,63.2500,59
57435234706481,15:57:15.234,63.2500,29
57435234734410,15:57:15.234,63.2500,71
57435236812990,15:57:15.236,63.2500,100
57435236812990,15:57:15.236,63.2500,100
57435236812990,15:57:15.236,63.2500,200
57442535843739,15:57:22.535,63.2450,100
57442535843739,15:57:22.535,63.2400,83
57442535843739,15:57:22.535,63.2400,17
57442832454847,15:57:22.832,63.2400,83
57442832454847,15:57:22.832,63.2400,300
57442832454847,15:57:22.832,63.2400,200
57442832454847,15:57:22.832,63.2400,89
57442832454847,15:57:22.832,63.2400,28
57442832638485,15:57:22.832,63.2400,72
57443700726276,15:57:23.700,63.2400,100
57443833393709,15:57:23.833,63.2400,100
57450451423998,15:57:30.451,63.2300,3
57452279873711,15:57:32.279,63.2400,99
57452279901202,15:57:32.279,63.2400,1
57452279901202,15:57:32.279,63.2400,100
57452279901202,15:57:32.279,63.2400,100
57452280079213,15:57:32.280,63.2400,100
57457889521128,15:57:37.889,63.2450,100
57459506645962,15:57:39.506,63.2400,100
57462581961772,15:57:42.581,63.2400,100
57462581961772,15:57:42.581,63.2400,100
57462582584810,15:57:42.582,63.2400,76
57462585369805,15:57:42.585,63.2400,24
57462585369805,15:57:42.585,63.2400,35
57462591001355,15:57:42.591,63.2400,65
57462591001355,15:57:42.591,63.2400,235
57463207628692,15:57:43.207,63.2400,100
57465111749399,15:57:45.111,63.2400,61
57465543543969,15:57:45.543,63.2500,20
57468928725627,15:57:48.928,63.2500,12
57468928725627,15:57:48.928,63.2500,75
57468928751311,15:57:48.928,63.2500,25
57468932106505,15:57:48.932,63.2500,100
57469487747704,15:57:49.487,63.2500,200
57469597341525,15:57:49.597,63.2500,100
57470598314946,15:57:50.598,63.2500,100
57470598314946,15:57:50.598,63.2500,100
57470598334381,15:57:50.598,63.2500,100
57474047083159,15:57:54.047,63.2400,64
57474048342737,15:57:54.048,63.2400,36
57474048342737,15:57:54.048,63.2400,100
57474048342737,15:57:54.048,63.2400,4
57474048342737,15:57:54.048,63.2400,60
57474048520454,15:57:54.048,63.2400,100
57474109185523,15:57:54.109,63.2400,58
57475983407408,15:57:55.983,63.2400,100
57480888171257,15:58:00.888,63.2500,100
57480888171257,15:58:00.888,63.2500,100
57480888171257,15:58:00.888,63.2500,100
57481129429963,15:58:01.129,63.2400,100
57481507159434,15:58:01.507,63.2400,80
57482094916842,15:58:02.094,63.2400,125
57482297425111,15:58:02.297,63.2400,25
57482304542957,15:58:02.304,63.2400,52
57482304542957,15:58:02.304,63.2400,10
57482363369621,15:58:02.363,63.2400,125
57483065061295,15:58:03.065,63.2400,125
57483144558579,15:58:03.144,63.2400,125
57483213507976,15:58:03.213,63.2400,33
57483796190880,15:58:03.796,63.2400,28
57487048227565,15:58:07.048,63.2500,99
57487048227565,15:58:07.048,63.2500,100
57487048227565,15:58:07.048,63.2500,99
57487048227565,15:58:07.048,63.2500,2
57487048572505,15:58:07.048,63.2500,98
57487048572505,15:58:07.048,63.2500,2
57487376886986,15:58:07.376,63.2500,98
57487376886986,15:58:07.376,63.2500,2
57487400710768,15:58:07.400,63.2500,98
57487400710768,15:58:07.400,63.2500,2
57491934586617,15:58:11.934,63.2400,54
57491934586617,15:58:11.934,63.2300,100
57491934586617,15:58:11.934,63.2300,107
57491934586617,15:58:11.934,63.2300,100
57491934586617,15:58:11.934,63.2300,3
57494449877022,15:58:14.449,63.2300,197
57494449877022,15:58:14.449,63.2300,99
57494449877022,15:58:14.449,63.2300,99
57494449877022,15:58:14.449,63.2300,25
57494449877022,15:58:14.449,63.2300,100
57494449945379,15:58:14.449,63.2200,100
57494450173901,15:58:14.450,63.2200,100
57494450320742,15:58:14.450,63.2200,100
