timestamp,time,price,volume
34200767426313,09:30:00.767,14.6200,154
34317707275109,09:31:57.707,14.7000,49
34548704168563,09:35:48.704,14.6200,100
34548704540480,09:35:48.704,14.6200,2
34548704540480,09:35:48.704,14.6200,3
34548705155363,09:35:48.705,14.6200,84
34548705391972,09:35:48.705,14.6200,5
34549136380826,09:35:49.136,14.6700,9
34716771421437,09:38:36.771,14.5600,1
34770235672862,09:39:30.235,14.5600,24
34770235672862,09:39:30.235,14.6000,43
34940558535839,09:42:20.558,14.5500,23
34995605066739,09:43:15.605,14.5800,100
35641043715201,09:54:01.043,14.5400,100
35641061282359,09:54:01.061,14.5400,100
36010808889261,10:00:10.808,14.5500,78
36010808965830,10:00:10.808,14.5500,22
36488228806176,10:08:08.228,14.5400,100
36488228854665,10:08:08.228,14.5400,23
36537394275022,10:08:57.394,14.5700,100
36759995812868,10:12:39.995,14.5400,23
37061586426419,10:17:41.586,14.5400,23
37349726973449,10:22:29.726,14.5500,22
37554003665621,10:25:54.003,14.5700,1
37664847374533,10:27:44.847,14.5400,23
37938823202554,10:32:18.823,14.5400,23
37999726688829,10:33:19.726,14.5500,100
38217643503460,10:36:57.643,14.5700,6
38264912822483,10:37:44.912,14.5500,20
38264912822483,10:37:44.912,14.5500,3
38264913177933,10:37:44.913,14.5500,97
38264913177933,10:37:44.913,14.5500,3
38264913206603,10:37:44.913,14.5500,97
38264913206603,10:37:44.913,14.5500,23
38288021948289,10:38:08.021,14.5500,100
38288615102982,10:38:08.615,14.5700,49
38288615102982,10:38:08.615,14.5700,100
38666276185223,10:44:26.276,14.5900,95
38666380039925,10:44:26.380,14.5900,14
38865345145945,10:47:45.345,14.5600,1
38865345145945,10:47:45.345,14.5600,21
38905689361911,10:48:25.689,14.6100,100
38967522772579,10:49:27.522,14.6200,100
39571001058433,10:59:31.001,14.6300,5
39614729727846,11:00:14.729,14.6400,25
39758925538614,11:02:38.925,14.6400,4
39759932406197,11:02:39.932,14.6400,98
39869811976800,11:04:29.811,14.6200,1
40059574774950,11:07:39.574,14.6100,1
40059574774950,11:07:39.574,14.6100,22
40290593500174,11:11:30.593,14.6400,3
40361802233260,11:12:41.802,14.6100,23
40390663650495,11:13:10.663,14.6400,8
40390664023895,11:13:10.664,14.6400,15
40390713408798,11:13:10.713,14.6400,49
40390713408798,11:13:10.713,14.6400,5
40390713408798,11:13:10.713,14.6400,146
40390716026078,11:13:10.716,14.6400,4
40390793662747,11:13:10.793,14.6400,50
40390798678351,11:13:10.798,14.6500,42
40391327501687,11:13:11.327,14.6500,58
40391328901305,11:13:11.328,14.6600,42
40531415120805,11:15:31.415,14.6400,3
40664510171947,11:17:44.510,14.6200,22
40771640830973,11:19:31.640,14.6200,78
40771640830973,11:19:31.640,14.6200,4
40862819502074,11:21:02.819,14.6300,10
40862819502074,11:21:02.819,14.6300,90
40862819543033,11:21:02.819,14.6300,10
40863324909293,11:21:03.324,14.6400,100
40932668516320,11:22:12.668,14.6200,5
40932668538385,11:22:12.668,14.6200,5
40932668545829,11:22:12.668,14.6200,5
40932668736478,11:22:12.668,14.6200,90
41153784911458,11:25:53.784,14.6300,100
41422111423132,11:30:22.111,14.6200,1
41515250791184,11:31:55.250,14.6200,99
41550521809459,11:32:30.521,14.6200,3
41700200833678,11:35:00.200,14.6300,100
41914406591202,11:38:34.406,14.6100,91
41914406591202,11:38:34.406,14.6100,1
41914497996250,11:38:34.497,14.6100,8
41914504361381,11:38:34.504,14.6200,100
42140150736296,11:42:20.150,14.6000,2
42140150736296,11:42:20.150,14.6000,20
42222175792343,11:43:42.175,14.6200,3
42222176359801,11:43:42.176,14.6200,53
42222176397009,11:43:42.176,14.6200,44
42222201118664,11:43:42.201,14.6300,100
42448870329446,11:47:28.870,14.6200,23
42570470914507,11:49:30.470,14.6500,5
42570470914507,11:49:30.470,14.6500,35
42570491225885,11:49:30.491,14.6500,1
42570528352764,11:49:30.528,14.6700,8
42709019134054,11:51:49.019,14.6400,100
42709019906110,11:51:49.019,14.6400,100
42712415953433,11:51:52.415,14.6500,1
42857310761085,11:54:17.310,14.6500,7
42996326382085,11:56:36.326,14.6200,4
42996329352024,11:56:36.329,14.6200,2
43050977181581,11:57:30.977,14.6000,3
43050977181581,11:57:30.977,14.6000,20
43092986924999,11:58:12.986,14.6300,5
43092986924999,11:58:12.986,14.6300,100
43092986924999,11:58:12.986,14.6300,95
43141320054777,11:59:01.320,14.6400,100
43216227456033,12:00:16.227,14.6400,100
43365490389179,12:02:45.490,14.6200,23
43654013486062,12:07:34.013,14.6100,2
43654013486062,12:07:34.013,14.6000,1
43654013486062,12:07:34.013,14.6000,19
43875414743321,12:11:15.414,14.6400,4
43943722549718,12:12:23.722,14.6100,23
44085333704645,12:14:45.333,14.6400,100
44085391191172,12:14:45.391,14.6500,3
44312828484480,12:18:32.828,14.6500,4
44519812712551,12:21:59.812,14.6500,3
44773172562205,12:26:13.172,14.6500,100
44773209493865,12:26:13.209,14.6500,2
44816586952468,12:26:56.586,14.6500,3
44843383727887,12:27:23.383,14.6200,23
45011690445864,12:30:11.690,14.6500,4
45155408587676,12:32:35.408,14.6200,23
45330661294328,12:35:30.661,14.6500,6
45444669895189,12:37:24.669,14.6200,22
45547317590762,12:39:07.317,14.6500,5
45719887954345,12:41:59.887,14.6400,100
45719945546832,12:41:59.945,14.6400,2
45764957655426,12:42:44.957,14.6200,23
46012672756673,12:46:52.672,14.6400,7
46061800556486,12:47:41.800,14.6200,9
46061800556486,12:47:41.800,14.6200,14
46309017587568,12:51:49.017,14.6400,100
46309017587568,12:51:49.017,14.6400,100
46335449644681,12:52:15.449,14.6400,23
46346523659012,12:52:26.523,14.6400,100
46346631393949,12:52:26.631,14.6400,5
46346631421412,12:52:26.631,14.6400,95
46541905880680,12:55:41.905,14.6500,1
46541905880680,12:55:41.905,14.6500,10
46660362281639,12:57:40.362,14.6300,23
46815692458876,13:00:15.692,14.6300,300
46815692458876,13:00:15.692,14.6300,80
46815693461793,13:00:15.693,14.6300,8
46815693461793,13:00:15.693,14.6300,92
46815693470919,13:00:15.693,14.6300,100
46815703219393,13:00:15.703,14.6300,17
46815748064735,13:00:15.748,14.6400,4
46846263220233,13:00:46.263,14.6400,90
46963996358409,13:02:43.996,14.6300,22
46998446602672,13:03:18.446,14.6400,95
47161849304245,13:06:01.849,14.6400,100
47161849355192,13:06:01.849,14.6400,100
47161924400786,13:06:01.924,14.6500,7
47244046062721,13:07:24.046,14.6300,23
47449344252943,13:10:49.344,14.6500,4
47560204108983,13:12:40.204,14.6300,23
47643274562668,13:14:03.274,14.6500,5
47859174790590,13:17:39.174,14.6300,23
47860863032739,13:17:40.863,14.6300,31
47860863032739,13:17:40.863,14.6300,69
47860863117969,13:17:40.863,14.6300,8
47874646301517,13:17:54.646,14.6400,1
48081759962979,13:21:21.759,14.6300,100
48081818808849,13:21:21.818,14.6300,3
48154759427046,13:22:34.759,14.6300,10
48154759427046,13:22:34.759,14.6300,20
48154794134815,13:22:34.794,14.6300,2
48393691540548,13:26:33.691,14.6400,100
48393748369254,13:26:33.748,14.6400,5
48454900734337,13:27:34.900,14.6100,22
48666453570960,13:31:06.453,14.6400,20
48680572073748,13:31:20.572,14.6400,5
48705337550628,13:31:45.337,14.6400,75
48705337550628,13:31:45.337,14.6400,25
48756535089730,13:32:36.535,14.6100,23
48768404231516,13:32:48.404,14.6400,2
48972196699055,13:36:12.196,14.6400,4
48995372790998,13:36:35.372,14.6200,5
49061069053975,13:37:41.069,14.6200,5
49063348947122,13:37:43.348,14.6200,23
49091035117280,13:38:11.035,14.6200,67
49091035117280,13:38:11.035,14.6200,30
49091035117280,13:38:11.035,14.6200,3
49091035765121,13:38:11.035,14.6200,70
49279827334359,13:41:19.827,14.6400,5
49356801869141,13:42:36.801,14.6100,23
49623447445583,13:47:03.447,14.6300,7
49884879080909,13:51:24.879,14.6300,95
49939005125016,13:52:19.005,14.6100,23
50025336681893,13:53:45.336,14.6300,100
50025393223888,13:53:45.393,14.6300,5
50248642575916,13:57:28.642,14.6100,22
50336118343730,13:58:56.118,14.6300,6
50408273655230,14:00:08.273,14.6300,6
50409278122410,14:00:09.278,14.6300,92
50413103413889,14:00:13.103,14.6300,191
50413103413889,14:00:13.103,14.6300,100
50414118182213,14:00:14.118,14.6400,100
50414690080073,14:00:14.690,14.6500,1
50423910938299,14:00:23.910,14.6300,100
50545381262027,14:02:25.381,14.6100,1
50545381262027,14:02:25.381,14.6000,22
50630424954557,14:03:50.424,14.6300,5
50630424954557,14:03:50.424,14.6300,195
50632052527577,14:03:52.052,14.6300,100
50820011743988,14:07:00.011,14.6600,45
50820011743988,14:07:00.011,14.6600,37
50820011743988,14:07:00.011,14.6600,18
50820011743988,14:07:00.011,14.6600,100
50820016873344,14:07:00.016,14.6700,32
50820033543130,14:07:00.033,14.6700,68
50820063848121,14:07:00.063,14.6800,31
50850292720236,14:07:30.292,14.6800,23
50862140394214,14:07:42.140,14.6800,71
51000311351383,14:10:00.311,14.6600,100
51000311351383,14:10:00.311,14.6600,100
51000311351383,14:10:00.311,14.6600,40
51000317066404,14:10:00.317,14.6600,20
51025800343415,14:10:25.800,14.6500,1
51037523278161,14:10:37.523,14.6300,100
51081455312745,14:11:21.455,14.6500,100
51081455312745,14:11:21.455,14.6500,200
51150770114160,14:12:30.770,14.6700,2
51150770136967,14:12:30.770,14.6700,8
51228302176608,14:13:48.302,14.6700,5
51486020324228,14:18:06.020,14.6800,100
51663650678894,14:21:03.650,14.6900,98
51663749686079,14:21:03.749,14.6900,2
51663749686079,14:21:03.749,14.6900,1
52036518614206,14:27:16.518,14.6700,5
52060785100085,14:27:40.785,14.6500,3
52060785100085,14:27:40.785,14.6500,20
52310508470273,14:31:50.508,14.6700,100
52310508583127,14:31:50.508,14.6700,80
52355781227694,14:32:35.781,14.6500,23
52499934375469,14:34:59.934,14.6700,5
52565363718158,14:36:05.363,14.6600,3
52637104342559,14:37:17.104,14.6400,3
52637104342559,14:37:17.104,14.6400,20
52997648831014,14:43:17.648,14.6500,1
52997648855685,14:43:17.648,14.6500,99
53015444050546,14:43:35.444,14.6500,96
53090320644348,14:44:50.320,14.6700,100
53216220107575,14:46:56.220,14.6900,100
53216220290962,14:46:56.220,14.6900,23
53216220290962,14:46:56.220,14.6900,77
53216220750164,14:46:56.220,14.6900,23
53216247964469,14:46:56.247,14.6800,1
53231788084649,14:47:11.788,14.7000,1
53239017006012,14:47:19.017,14.6800,22
53240685878327,14:47:20.685,14.6900,5
53472719261196,14:51:12.719,14.6900,3
53472719261196,14:51:12.719,14.6900,97
53472719290113,14:51:12.719,14.6900,3
53472719290113,14:51:12.719,14.6900,100
53472731502184,14:51:12.731,14.6700,100
53472731502184,14:51:12.731,14.6700,5
53472731894409,14:51:12.731,14.6700,40
53526674143153,14:52:06.674,14.6800,100
53526675110175,14:52:06.675,14.6800,96
53526675124214,14:52:06.675,14.6800,4
53526675124214,14:52:06.675,14.6800,100
53542025004588,14:52:22.025,14.7000,10
53546368383930,14:52:26.368,14.7000,7
53554705293035,14:52:34.705,14.6800,23
53652664963888,14:54:12.664,14.7100,52
53652664986389,14:54:12.664,14.7100,24
53664313935647,14:54:24.313,14.7100,111
53805218367190,14:56:45.218,14.7100,89
53805218367190,14:56:45.218,14.7100,5
53805218367190,14:56:45.218,14.7100,6
53805218527277,14:56:45.218,14.7100,23
53805222881209,14:56:45.222,14.7100,71
53805222881209,14:56:45.222,14.7100,92
53975707770059,14:59:35.707,14.7200,33
53992827973044,14:59:52.827,14.7200,100
54118240006867,15:01:58.240,14.7100,3
54166304685131,15:02:46.304,14.6800,23
54166424129143,15:02:46.424,14.7100,19
54442860408087,15:07:22.860,14.6800,3
54442860408087,15:07:22.860,14.6700,2
54442860408087,15:07:22.860,14.6700,18
54481600871920,15:08:01.600,14.7000,100
54481600871920,15:08:01.600,14.7000,100
54891566345390,15:14:51.566,14.6800,200
54891566345390,15:14:51.566,14.6800,4
54891566436974,15:14:51.566,14.6800,22
54891566619619,15:14:51.566,14.6800,74
54891566619619,15:14:51.566,14.6800,26
54935822333430,15:15:35.822,14.6800,9
55046176922596,15:17:26.176,14.6700,2
55046176922596,15:17:26.176,14.6700,20
55046788286881,15:17:26.788,14.6700,80
55046788286881,15:17:26.788,14.6700,20
55047590085226,15:17:27.590,14.6700,5
55048529271734,15:17:28.529,14.6700,75
55048529271734,15:17:28.529,14.6700,15
55172532451332,15:19:32.532,14.6900,100
55208271409775,15:20:08.271,14.7000,100
55305118949833,15:21:45.118,14.6900,185
55305118949833,15:21:45.118,14.6900,100
55305118949833,15:21:45.118,14.6900,15
55305118949833,15:21:45.118,14.6900,100
55305118954552,15:21:45.118,14.6900,100
55305119230622,15:21:45.119,14.6900,100
55305119462646,15:21:45.119,14.6900,100
55305119632594,15:21:45.119,14.6900,100
55310123503164,15:21:50.123,14.6800,5
55330965710045,15:22:10.965,14.6800,95
55330965710045,15:22:10.965,14.6800,1
55330965710045,15:22:10.965,14.6800,4
55335558132123,15:22:15.558,14.6800,23
55338325965679,15:22:18.325,14.6800,122
55342704671896,15:22:22.704,14.6800,47
55361255109562,15:22:41.255,14.6800,1
55361257468600,15:22:41.257,14.6800,100
55361257468600,15:22:41.257,14.6800,100
55453042328399,15:24:13.042,14.6700,5
55453042328399,15:24:13.042,14.6700,100
55453042328399,15:24:13.042,14.6700,100
55453043089919,15:24:13.043,14.6800,100
55606566224781,15:26:46.566,14.6700,1
55606566224781,15:26:46.566,14.6700,99
55606566461133,15:26:46.566,14.6700,1
55606566461133,15:26:46.566,14.6700,65
55606581236788,15:26:46.581,14.6700,1
55736585424761,15:28:56.585,14.6600,30
55737990882488,15:28:57.990,14.6700,100
55737990882488,15:28:57.990,14.6700,100
55737990882488,15:28:57.990,14.6700,35
55737990919033,15:28:57.990,14.6700,65
55739118521320,15:28:59.118,14.6700,5
55804465996853,15:30:04.465,14.6700,100
55804465996853,15:30:04.465,14.6700,100
55804465996853,15:30:04.465,14.6700,2
55804465996853,15:30:04.465,14.6700,100
55810196586744,15:30:10.196,14.6600,2
55810196586744,15:30:10.196,14.6600,2
55945500002419,15:32:25.500,14.6500,30
55945500002419,15:32:25.500,14.6500,2
55945500002419,15:32:25.500,14.6500,68
56101182350908,15:35:01.182,14.6500,32
56101182350908,15:35:01.182,14.6500,4
56101182350908,15:35:01.182,14.6500,1
56101182350908,15:35:01.182,14.6500,63
56336979918520,15:38:56.979,14.6500,100
56337687055780,15:38:57.687,14.6500,5
56340058331462,15:39:00.058,14.6500,25
56340058331462,15:39:00.058,14.6500,75
56347720845657,15:39:07.720,14.6500,2
56347720845657,15:39:07.720,14.6500,50
56395211453454,15:39:55.211,14.6500,40
56501001812592,15:41:41.001,14.6300,37
56570413532772,15:42:50.413,14.6400,70
56570414066326,15:42:50.414,14.6400,30
56570414066326,15:42:50.414,14.6400,38
56570414105836,15:42:50.414,14.6400,80
56570414449141,15:42:50.414,14.6400,80
56570415478694,15:42:50.415,14.6400,80
56570475307117,15:42:50.475,14.6400,3
56626744131795,15:43:46.744,14.6400,5
56632533938427,15:43:52.533,14.6400,14
56632533938427,15:43:52.533,14.6400,7
56632533957443,15:43:52.533,14.6400,60
56632534581812,15:43:52.534,14.6400,200
56632534581812,15:43:52.534,14.6400,100
56760856701727,15:46:00.856,14.6500,60
56760856775057,15:46:00.856,14.6500,40
56883033037448,15:48:03.033,14.6400,1
56883510558455,15:48:03.510,14.6300,40
56883510558455,15:48:03.510,14.6300,1
56883510558455,15:48:03.510,14.6300,25
57062762351305,15:51:02.762,14.6200,1
57062762351305,15:51:02.762,14.6200,4
57127127846612,15:52:07.127,14.6200,96
57127127846612,15:52:07.127,14.6200,4
57130703192089,15:52:10.703,14.6200,96
57130703192089,15:52:10.703,14.6200,1
57130703192089,15:52:10.703,14.6200,3
57139898504260,15:52:19.898,14.6200,97
57139898504260,15:52:19.898,14.6200,1
57294233317700,15:54:54.233,14.6000,78
57309193566285,15:55:09.193,14.6000,59
57309193566285,15:55:09.193,14.6000,41
57309193651478,15:55:09.193,14.6000,59
57309193651478,15:55:09.193,14.6000,100
57309193651478,15:55:09.193,14.6000,200
57309193651478,15:55:09.193,14.6000,100
57309194634956,15:55:09.194,14.6000,200
57309194634956,15:55:09.194,14.6000,93
57309194688708,15:55:09.194,14.6000,5
57309194735094,15:55:09.194,14.6000,77
57309197029336,15:55:09.197,14.6000,23
57336335492332,15:55:36.335,14.6000,100
57338751729750,15:55:38.751,14.6000,5
57376444888139,15:56:16.444,14.6000,23
57376444912054,15:56:16.444,14.6000,28
57377337794776,15:56:17.337,14.6000,5
57390276698728,15:56:30.276,14.6000,239
57390276698728,15:56:30.276,14.6000,61
57390276815964,15:56:30.276,14.6000,3
57412543876084,15:56:52.543,14.6000,4
57420749157675,15:57:00.749,14.6000,100
57431375140330,15:57:11.375,14.6000,3
57431375218315,15:57:11.375,14.6000,10
57431375247202,15:57:11.375,14.6000,7
57443984720674,15:57:23.984,14.6000,80
57443984720674,15:57:23.984,14.6000,20
57443984829390,15:57:23.984,14.6000,9
57443985861211,15:57:23.985,14.6000,100
57443985861211,15:57:23.985,14.6000,13
57456326552443,15:57:36.326,14.6100,3
57461598736031,15:57:41.598,14.6100,1
57465970084917,15:57:45.970,14.6000,5
57468221319607,15:57:48.221,14.6100,2
57468276362636,15:57:48.276,14.6100,94
57468276362636,15:57:48.276,14.6100,6
57476998783944,15:57:56.998,14.6100,2
57479145477149,15:57:59.145,14.6100,98
57479145477149,15:57:59.145,14.6100,2
57485799599750,15:58:05.799,14.6100,2
57488179296988,15:58:08.179,14.6050,4
57488179296988,15:58:08.179,14.6000,12
57488179296988,15:58:08.179,14.6000,33
57492400326345,15:58:12.400,14.6100,2
57492400431538,15:58:12.400,14.6100,1
57492427091410,15:58:12.427,14.6100,29
57492427091410,15:58:12.427,14.6100,71
57501198754045,15:58:21.198,14.6100,2
57509998820685,15:58:29.998,14.6100,2
57514134771555,15:58:34.134,14.6100,25
57514134771555,15:58:34.134,14.6100,100
57514134771555,15:58:34.134,14.6100,75
57542988776317,15:59:02.988,14.6200,2
57545515724341,15:59:05.515,14.6150,1
57545515724341,15:59:05.515,14.6150,1
57545515724341,15:59:05.515,14.6150,3
57546531286784,15:59:06.531,14.6100,100
57550509744871,15:59:10.509,14.6100,100
57551785779214,15:59:11.785,14.6300,2
57570326109274,15:59:30.326,14.6300,100
57570355808557,15:59:30.355,14.6300,100
57571003485633,15:59:31.003,14.6300,50
57573440415609,15:59:33.440,14.6300,50
57573440415609,15:59:33.440,14.6300,41
57573440415609,15:59:33.440,14.6300,36
57574607792649,15:59:34.607,14.6100,100
57575268366029,15:59:35.268,14.6300,50
57592020457391,15:59:52.020,14.6300,39
57592020457391,15:59:52.020,14.6300,62
57595273146896,15:59:55.273,14.6200,100
57595273146896,15:59:55.273,14.6200,5
57595273288852,15:59:55.273,14.6200,9
57598706614973,15:59:58.706,14.6300,100
57600572703952,16:00:00.572,14.6500,17088
