timestamp,time,price,volume
34199781133632,09:29:59.781,6.7100,300
34200420202785,09:30:00.420,6.6500,6728
34204644308365,09:30:04.644,6.6300,100
34206062076165,09:30:06.062,6.6300,100
34206062182783,09:30:06.062,6.6300,100
34206062281172,09:30:06.062,6.6300,100
34206062375007,09:30:06.062,6.6300,62
34206062428719,09:30:06.062,6.6300,38
34206062471355,09:30:06.062,6.6300,100
34206062471355,09:30:06.062,6.6300,300
34206063915983,09:30:06.063,6.6300,100
34206064068139,09:30:06.064,6.6300,100
34260757081405,09:31:00.757,6.6300,100
34261668804489,09:31:01.668,6.6300,6
34261668829898,09:31:01.668,6.6300,94
34261668837985,09:31:01.668,6.6300,94
34262079060448,09:31:02.079,6.6200,100
34262079694451,09:31:02.079,6.5900,600
34262079694451,09:31:02.079,6.5900,59
34262079694451,09:31:02.079,6.5900,241
34269439543535,09:31:09.439,6.6000,145
34269439570598,09:31:09.439,6.6000,55
34269439578170,09:31:09.439,6.6000,17
34269439969070,09:31:09.439,6.6000,55
34269439982689,09:31:09.439,6.6000,16
34282112041235,09:31:22.112,6.6100,100
34370014715174,09:32:50.014,6.6300,100
34370014745663,09:32:50.014,6.6300,12
34397630686682,09:33:17.630,6.6300,100
34397631063772,09:33:17.631,6.6300,100
34397692396890,09:33:17.692,6.6300,100
34437665023933,09:33:57.665,6.6100,11
34602806611352,09:36:42.806,6.7000,36
34605576271382,09:36:45.576,6.6300,6
34621796377684,09:37:01.796,6.7000,5
34629000038957,09:37:09.000,6.6700,73
34629000038957,09:37:09.000,6.6700,1
34888157890752,09:41:28.157,6.6900,100
34888159308273,09:41:28.159,6.6700,100
34888159422375,09:41:28.159,6.6400,100
34888159762672,09:41:28.159,6.6600,30
34888181928887,09:41:28.181,6.6400,100
34913175794246,09:41:53.175,6.6400,4
34918668846540,09:41:58.668,6.6250,100
34955732892705,09:42:35.732,6.6300,55
35128747625171,09:45:28.747,6.6100,100
35207327865653,09:46:47.327,6.5700,1
35207330160670,09:46:47.330,6.5700,3
35207830371006,09:46:47.830,6.5800,1
35207830371006,09:46:47.830,6.5800,98
35207830895025,09:46:47.830,6.5800,2
35207830895025,09:46:47.830,6.5800,100
35245204471683,09:47:25.204,6.6100,2
35245204471683,09:47:25.204,6.6100,53
35265585353128,09:47:45.585,6.5700,100
35265585398663,09:47:45.585,6.5700,4
35290887275441,09:48:10.887,6.5400,100
35290895778268,09:48:10.895,6.5400,100
35290895778268,09:48:10.895,6.5400,100
35290896104624,09:48:10.896,6.5400,100
35290904882083,09:48:10.904,6.5400,100
35334108480726,09:48:54.108,6.5300,100
35338117159378,09:48:58.117,6.5400,200
35338117159378,09:48:58.117,6.5400,100
35338118027729,09:48:58.118,6.5500,2
35338118027729,09:48:58.118,6.5500,100
35338118027729,09:48:58.118,6.5500,98
35338118353124,09:48:58.118,6.5500,100
35338118393671,09:48:58.118,6.5500,2
35536563242672,09:52:16.563,6.5900,55
35661044988825,09:54:21.044,6.5600,100
35661044988825,09:54:21.044,6.5600,100
35813156124967,09:56:53.156,6.5200,100
35825426981020,09:57:05.426,6.5000,100
35825431597352,09:57:05.431,6.5000,100
35825431597352,09:57:05.431,6.4800,100
35825431598962,09:57:05.431,6.4800,100
35825438377654,09:57:05.438,6.4700,9
35850446436487,09:57:30.446,6.4800,12
35935714991866,09:58:55.714,6.4500,100
35936722380263,09:58:56.722,6.4500,1
36121392382680,10:02:01.392,6.4500,16
36121392406614,10:02:01.392,6.4500,43
36121392553178,10:02:01.392,6.4500,41
36121392553178,10:02:01.392,6.4500,100
36121392553178,10:02:01.392,6.4500,59
36121422799872,10:02:01.422,6.4500,100
36139982905470,10:02:19.982,6.4600,50
36139982905470,10:02:19.982,6.4700,4
36262429341250,10:04:22.429,6.4500,100
36311311103690,10:05:11.311,6.4500,100
36311311103690,10:05:11.311,6.4500,40
36311311103690,10:05:11.311,6.4500,60
36311311144949,10:05:11.311,6.4500,40
36311311965100,10:05:11.311,6.4400,47
36311311965610,10:05:11.311,6.4400,67
36311312023329,10:05:11.312,6.4400,3
36311312088134,10:05:11.312,6.4400,1
36311313050963,10:05:11.313,6.4400,100
36361391923997,10:06:01.391,6.4400,32
36362579089358,10:06:02.579,6.4400,68
36362579089358,10:06:02.579,6.4400,100
36450138822992,10:07:30.138,6.4500,55
36450138850159,10:07:30.138,6.4500,45
36661391879413,10:11:01.391,6.4500,27
36661391991154,10:11:01.391,6.4500,73
36710655089425,10:11:50.655,6.4500,100
36710655122690,10:11:50.655,6.4500,50
36764857271011,10:12:44.857,6.4700,55
36764857298040,10:12:44.857,6.4700,41
36764857298040,10:12:44.857,6.4700,9
36764857371490,10:12:44.857,6.4700,91
36870658663429,10:14:30.658,6.5000,100
36876400625459,10:14:36.400,6.5000,100
36876400625459,10:14:36.400,6.5000,100
36876400975148,10:14:36.400,6.5000,100
36904509881036,10:15:04.509,6.5000,100
36904509881036,10:15:04.509,6.5000,14
36904509932947,10:15:04.509,6.5000,86
36904509941985,10:15:04.509,6.5000,100
36909353852923,10:15:09.353,6.4900,100
36939398496369,10:15:39.398,6.4900,200
36940426391351,10:15:40.426,6.4900,100
36940426391351,10:15:40.426,6.4800,100
36940426391351,10:15:40.426,6.4800,100
36940426391351,10:15:40.426,6.4800,100
36955652019547,10:15:55.652,6.5000,100
36955652019547,10:15:55.652,6.5000,50
36955655215205,10:15:55.655,6.5100,100
36980960488545,10:16:20.960,6.5200,70
37009374170796,10:16:49.374,6.5000,50
37036392122793,10:17:16.392,6.4900,32
37045590432168,10:17:25.590,6.5000,55
37047592688661,10:17:27.592,6.4900,68
37047592688661,10:17:27.592,6.4900,100
37076207099624,10:17:56.207,6.5000,100
37121717019430,10:18:41.717,6.4900,100
37162834722174,10:19:22.834,6.5200,50
37163775478380,10:19:23.775,6.5300,5
37201388500149,10:20:01.388,6.5200,100
37201388500149,10:20:01.388,6.5200,42
37201388582285,10:20:01.388,6.5200,58
37201388582285,10:20:01.388,6.5200,87
37215169529632,10:20:15.169,6.5300,100
37221296416711,10:20:21.296,6.5300,5
37223294445383,10:20:23.294,6.5300,100
37227338850695,10:20:27.338,6.5400,100
37227338850695,10:20:27.338,6.5400,100
37227338854084,10:20:27.338,6.5400,100
37227338854084,10:20:27.338,6.5400,100
37227338854084,10:20:27.338,6.5400,200
37228783502736,10:20:28.783,6.5300,100
37245545957392,10:20:45.545,6.5350,100
37245548668363,10:20:45.548,6.5350,100
37245554677507,10:20:45.554,6.5400,50
37245554677507,10:20:45.554,6.5400,44
37257749531076,10:20:57.749,6.5500,100
37257750028906,10:20:57.750,6.5500,100
37267772524330,10:21:07.772,6.5500,95
37267772882543,10:21:07.772,6.5500,5
37267847238298,10:21:07.847,6.5500,6
37279491052902,10:21:19.491,6.5500,10
37291266801738,10:21:31.266,6.5500,1
37302839441370,10:21:42.839,6.5500,7
37316184745848,10:21:56.184,6.5600,50
37316184745848,10:21:56.184,6.5600,100
37390023143958,10:23:10.023,6.5700,43
37394921614010,10:23:14.921,6.5800,100
37400712823644,10:23:20.712,6.5700,100
37504974015108,10:25:04.974,6.5600,100
37504974015108,10:25:04.974,6.5600,100
37504974015108,10:25:04.974,6.5600,100
37507694802385,10:25:07.694,6.5600,300
37521101924251,10:25:21.101,6.5500,14
37543719052939,10:25:43.719,6.5300,50
37543719052939,10:25:43.719,6.5300,100
37543719052939,10:25:43.719,6.5300,200
37561809177510,10:26:01.809,6.5500,70
37564575761903,10:26:04.575,6.5400,100
37640764827503,10:27:20.764,6.5500,55
37779037700699,10:29:39.037,6.5500,50
37779037843962,10:29:39.037,6.5500,100
37779037996415,10:29:39.037,6.5400,100
37779037996415,10:29:39.037,6.5400,100
37786722429563,10:29:46.722,6.5300,100
37786722429563,10:29:46.722,6.5300,100
37786722429563,10:29:46.722,6.5300,100
37786722429563,10:29:46.722,6.5300,100
37951850240445,10:32:31.850,6.5400,100
37951850392326,10:32:31.850,6.5300,100
37951850424284,10:32:31.850,6.5300,100
37951850866894,10:32:31.850,6.5300,100
37951850866894,10:32:31.850,6.5300,100
37951951194183,10:32:31.951,6.5200,200
38006828565844,10:33:26.828,6.5100,3
38006828588343,10:33:26.828,6.5100,97
38006828588343,10:33:26.828,6.5100,3
38006828610724,10:33:26.828,6.5100,97
38069303801407,10:34:29.303,6.4900,10
38091469884797,10:34:51.469,6.5200,100
38125284917773,10:35:25.284,6.5300,57
38125284958064,10:35:25.284,6.5300,1
38224368843360,10:37:04.368,6.5300,100
38224369036322,10:37:04.369,6.5300,100
38224369036322,10:37:04.369,6.5300,200
38224369036322,10:37:04.369,6.5300,100
38224669532753,10:37:04.669,6.5400,100
38265064062369,10:37:45.064,6.5300,55
38265064089444,10:37:45.064,6.5300,45
38366744822867,10:39:26.744,6.5200,100
38414644371647,10:40:14.644,6.5300,43
38431920919310,10:40:31.920,6.5300,100
38431921731795,10:40:31.921,6.5200,200
38438073300394,10:40:38.073,6.5300,100
38442399228279,10:40:42.399,6.5300,100
38442399228279,10:40:42.399,6.5300,100
38462755722479,10:41:02.755,6.5300,5
38462755722479,10:41:02.755,6.5300,95
38469254884278,10:41:09.254,6.5300,5
38516645011158,10:41:56.645,6.5300,100
38632537699673,10:43:52.537,6.5300,100
38632537699673,10:43:52.537,6.5300,100
38632539029807,10:43:52.539,6.5300,6
38634906018841,10:43:54.906,6.5400,100
38634906018841,10:43:54.906,6.5400,100
38634908618067,10:43:54.908,6.5500,100
38643710647120,10:44:03.710,6.5550,25
38649032012477,10:44:09.032,6.5500,100
38673416054581,10:44:33.416,6.5450,12
38680672361776,10:44:40.672,6.5500,100
38680672888621,10:44:40.672,6.5500,100
38680673780599,10:44:40.673,6.5500,100
38726553159442,10:45:26.553,6.5800,100
38726553159442,10:45:26.553,6.5800,100
38745222575348,10:45:45.222,6.5800,100
38824626619356,10:47:04.626,6.5800,1
38864179177276,10:47:44.179,6.5750,100
38864179369311,10:47:44.179,6.5700,100
39123861694415,10:52:03.861,6.5500,18
39135749268598,10:52:15.749,6.5500,39
39141754080712,10:52:21.754,6.5500,61
39144802172850,10:52:24.802,6.5500,55
39144802200990,10:52:24.802,6.5500,45
39144802200990,10:52:24.802,6.5500,62
39158853769530,10:52:38.853,6.5500,45
39183868179021,10:53:03.868,6.5500,32
39208858740335,10:53:28.858,6.5500,18
39208858842657,10:53:28.858,6.5500,82
39223858735623,10:53:43.858,6.5400,27
39276553798107,10:54:36.553,6.5400,73
39277363568196,10:54:37.363,6.5400,3
39278594186731,10:54:38.594,6.5400,100
39279131491082,10:54:39.131,6.5400,24
39399159873815,10:56:39.159,6.5300,20
39459071140292,10:57:39.071,6.5400,54
39497726977610,10:58:17.726,6.5300,1
39497732081596,10:58:17.732,6.5300,1
39512719163711,10:58:32.719,6.5300,1
39527721360904,10:58:47.721,6.5300,6
39527726890009,10:58:47.726,6.5300,1
39527731942641,10:58:47.731,6.5300,1
39551376700892,10:59:11.376,6.5300,35
39551376775988,10:59:11.376,6.5300,34
39551376775988,10:59:11.376,6.5300,17
39551377061882,10:59:11.377,6.5300,100
39551377105652,10:59:11.377,6.5300,100
39645700142589,11:00:45.700,6.5400,100
39645700142589,11:00:45.700,6.5400,3
39645700212874,11:00:45.700,6.5400,97
39645700212874,11:00:45.700,6.5400,100
39645700212874,11:00:45.700,6.5400,70
39645700212874,11:00:45.700,6.5400,56
39645701449312,11:00:45.701,6.5500,100
39645701449312,11:00:45.701,6.5500,200
39662828356174,11:01:02.828,6.5600,100
39665208295586,11:01:05.208,6.5700,100
39665208869775,11:01:05.208,6.5700,100
39667691226048,11:01:07.691,6.5700,100
39738867715070,11:02:18.867,6.5600,3
39738871431926,11:02:18.871,6.5600,1
39740140762099,11:02:20.140,6.5700,55
39789710998253,11:03:09.710,6.5600,96
39789710998253,11:03:09.710,6.5600,8
39792450684618,11:03:12.450,6.5600,100
40055959225345,11:07:35.959,6.5700,5
40055959225345,11:07:35.959,6.5700,50
40343132219721,11:12:23.132,6.5700,5
40343132219721,11:12:23.132,6.5700,50
40406344461316,11:13:26.344,6.5500,100
40406345043994,11:13:26.345,6.5400,52
40406345066370,11:13:26.345,6.5400,48
40584024944736,11:16:24.024,6.5600,2
40616909236117,11:16:56.909,6.5500,100
40616909236117,11:16:56.909,6.5500,17
40656140026852,11:17:36.140,6.5600,55
40747916411233,11:19:07.916,6.5400,1
40962930552715,11:22:42.930,6.5600,55
41053700987929,11:24:13.700,6.5500,100
41239887611699,11:27:19.887,6.5500,54
41294671516645,11:28:14.671,6.5500,100
41294671516645,11:28:14.671,6.5500,100
41294674595170,11:28:14.674,6.5500,100
41296735614015,11:28:16.735,6.5500,100
41304876018538,11:28:24.876,6.5500,100
41306887924102,11:28:26.887,6.5500,100
41488945293931,11:31:28.945,6.5600,100
41488945293931,11:31:28.945,6.5600,95
41488947546731,11:31:28.947,6.5600,5
41561951097669,11:32:41.951,6.5600,55
41839947930197,11:37:19.947,6.5700,6
41839947930197,11:37:19.947,6.5700,49
42095107747724,11:41:35.107,6.5500,100
42095107747724,11:41:35.107,6.5500,100
42095118299664,11:41:35.118,6.5400,200
42095118299664,11:41:35.118,6.5400,100
42095118299664,11:41:35.118,6.5400,100
42128070569610,11:42:08.070,6.5300,100
42165286585279,11:42:45.286,6.5200,55
42204795278154,11:43:24.795,6.5200,45
42204795278154,11:43:24.795,6.5200,100
42204795278154,11:43:24.795,6.5200,100
42205466683756,11:43:25.466,6.5300,100
42224822371385,11:43:44.822,6.5400,3
42224825507941,11:43:44.825,6.5400,3
42300862023458,11:45:00.862,6.5400,100
42305855095564,11:45:05.855,6.5400,100
42456263010540,11:47:36.263,6.5500,55
42549982877176,11:49:09.982,6.5300,63
42549984130343,11:49:09.984,6.5300,37
43043640637003,11:57:23.640,6.5300,5
43043640637003,11:57:23.640,6.5300,49
43058381120018,11:57:38.381,6.5100,2
43058381558664,11:57:38.381,6.5100,98
43058381558664,11:57:38.381,6.5100,33
43058381561695,11:57:38.381,6.5100,67
43213786571010,12:00:13.786,6.5100,4
43228776111668,12:00:28.776,6.5100,2
43229732406188,12:00:29.732,6.5100,100
43247641416173,12:00:47.641,6.5100,27
43312591187028,12:01:52.591,6.5200,100
43312591187028,12:01:52.591,6.5200,5
43312591187028,12:01:52.591,6.5200,95
43312591304244,12:01:52.591,6.5200,5
43337160712733,12:02:17.160,6.5300,55
43356685053764,12:02:36.685,6.5300,45
43356685053764,12:02:36.685,6.5300,100
43378819469317,12:02:58.819,6.5400,100
43378819579593,12:02:58.819,6.5400,100
43456573693754,12:04:16.573,6.5200,100
43456573693754,12:04:16.573,6.5200,22
43456574141036,12:04:16.574,6.5200,72
43456574231868,12:04:16.574,6.5200,6
43456724461913,12:04:16.724,6.5100,100
43456724583473,12:04:16.724,6.5100,100
43640005482134,12:07:20.005,6.5200,55
43960848808437,12:12:40.848,6.5200,55
44225399904032,12:17:05.399,6.5100,100
44225399904032,12:17:05.399,6.5100,100
44225399904032,12:17:05.399,6.5100,100
44225399904032,12:17:05.399,6.5100,100
44263805831078,12:17:43.805,6.5200,55
44263805934328,12:17:43.805,6.5200,45
44263805934328,12:17:43.805,6.5200,100
44275728153500,12:17:55.728,6.5300,100
44277734143461,12:17:57.734,6.5300,100
44320396755455,12:18:40.396,6.5400,100
44320396755455,12:18:40.396,6.5400,200
44320396755455,12:18:40.396,6.5400,100
44320396853955,12:18:40.396,6.5400,62
44413137210937,12:20:13.137,6.5400,100
44413137210937,12:20:13.137,6.5400,10
44548691950872,12:22:28.691,6.5600,54
44548692014260,12:22:28.692,6.5600,46
44812765737267,12:26:52.765,6.5600,100
44860193184331,12:27:40.193,6.5500,100
44860193222836,12:27:40.193,6.5500,178
44860193262761,12:27:40.193,6.5500,110
44860193430380,12:27:40.193,6.5500,112
44860193619451,12:27:40.193,6.5500,100
44860346477049,12:27:40.346,6.5500,55
44863384142672,12:27:43.384,6.5500,45
44863384142672,12:27:43.384,6.5500,55
44863384197679,12:27:43.384,6.5500,45
44885440548440,12:28:05.440,6.5500,100
45159299190309,12:32:39.299,6.5600,55
45232927148045,12:33:52.927,6.5600,145
45232927148045,12:33:52.927,6.5600,100
45232927148045,12:33:52.927,6.5600,5
45232927148045,12:33:52.927,6.5600,100
45232927148045,12:33:52.927,6.5600,100
45234599296361,12:33:54.599,6.5800,100
45389449987534,12:36:29.449,6.5700,1
45389450063914,12:36:29.450,6.5700,99
45389450063914,12:36:29.450,6.5700,100
45424480739062,12:37:04.480,6.5700,100
45439774757932,12:37:19.774,6.5900,55
45446745216330,12:37:26.745,6.5800,200
45446745216330,12:37:26.745,6.5800,34
45459348291579,12:37:39.348,6.5800,100
45486086742785,12:38:06.086,6.5800,100
45509398542067,12:38:29.398,6.5800,1
45509398621257,12:38:29.398,6.5800,26
45516304078232,12:38:36.304,6.5800,1
45516304208086,12:38:36.304,6.5800,3
45620502480250,12:40:20.502,6.5800,4
45635502671839,12:40:35.502,6.5800,3
45635511084313,12:40:35.511,6.5800,13
45636541726471,12:40:36.541,6.5800,10
45636541726471,12:40:36.541,6.5800,90
45665512057916,12:41:05.512,6.5800,4
45740923587567,12:42:20.923,6.6000,55
45749370110491,12:42:29.370,6.5900,100
45749370110491,12:42:29.370,6.5900,200
45752375538713,12:42:32.375,6.5800,56
45752375563973,12:42:32.375,6.5800,44
45752375563973,12:42:32.375,6.5800,100
45753333035363,12:42:33.333,6.5800,100
46044122383022,12:47:24.122,6.5900,55
46353544836542,12:52:33.544,6.5900,54
46354880411185,12:52:34.880,6.5900,100
46354880411185,12:52:34.880,6.5900,100
46354880952662,12:52:34.880,6.5900,100
46354880952662,12:52:34.880,6.5900,100
46354884210471,12:52:34.884,6.5900,2
46354885967821,12:52:34.885,6.5900,2
46363850746776,12:52:43.850,6.6100,100
46368222703661,12:52:48.222,6.6000,100
46374617615042,12:52:54.617,6.6000,100
46374617615042,12:52:54.617,6.6000,100
46374617615042,12:52:54.617,6.6000,100
46374617699575,12:52:54.617,6.6000,100
46375237907030,12:52:55.237,6.6000,100
46490480596562,12:54:50.480,6.6000,100
46608223390692,12:56:48.223,6.6000,121
46608223407932,12:56:48.223,6.6000,79
46614729042333,12:56:54.729,6.5900,100
46614729042333,12:56:54.729,6.5900,200
46614729042333,12:56:54.729,6.5900,100
46614729042333,12:56:54.729,6.5900,100
46615999077276,12:56:55.999,6.5900,100
46666203108906,12:57:46.203,6.6000,55
46904093855602,13:01:44.093,6.5800,94
46946007572684,13:02:26.007,6.5800,55
47245766750363,13:07:25.766,6.5800,45
47245766750363,13:07:25.766,6.5800,10
47249614230397,13:07:29.614,6.5800,290
47249614230397,13:07:29.614,6.5800,100
47249614230397,13:07:29.614,6.5800,100
47249614230397,13:07:29.614,6.5800,10
47249614276999,13:07:29.614,6.5800,68
47249614730354,13:07:29.614,6.5800,22
47249614730354,13:07:29.614,6.5800,100
47249617807317,13:07:29.617,6.5800,1
47286524989144,13:08:06.524,6.5900,100
47301755872524,13:08:21.755,6.5900,1
47301755872524,13:08:21.755,6.5900,99
47315904236708,13:08:35.904,6.5900,1
47315904236708,13:08:35.904,6.5900,99
47315905433366,13:08:35.905,6.5900,1
47318614171145,13:08:38.614,6.6000,100
47357861907281,13:09:17.861,6.6100,100
47370583776326,13:09:30.583,6.6100,100
47429103612282,13:10:29.103,6.6200,100
47434618470799,13:10:34.618,6.6150,300
47434618930440,13:10:34.618,6.6100,200
47434618930440,13:10:34.618,6.6100,100
47449575798940,13:10:49.575,6.6100,103
47449575798940,13:10:49.575,6.6100,97
47502179627186,13:11:42.179,6.6100,100
47538698045995,13:12:18.698,6.6200,55
47770784819983,13:16:10.784,6.6100,100
47770784819983,13:16:10.784,6.6100,100
47840639674322,13:17:20.639,6.6100,55
47873891272485,13:17:53.891,6.6000,1
47873891301294,13:17:53.891,6.6000,199
47873891301294,13:17:53.891,6.6000,100
47873891301294,13:17:53.891,6.6000,200
47873997531997,13:17:53.997,6.5900,200
47873997531997,13:17:53.997,6.5900,100
47939019015745,13:18:59.019,6.5900,100
47939019173064,13:18:59.019,6.5900,100
48007114007229,13:20:07.114,6.5800,100
48138194366858,13:22:18.194,6.5700,100
48138194366858,13:22:18.194,6.5700,100
48146974871495,13:22:26.974,6.5700,54
48188273410525,13:23:08.273,6.5600,100
48321713670719,13:25:21.713,6.5400,100
48321713670719,13:25:21.713,6.5400,100
48321713670719,13:25:21.713,6.5400,100
48321713670719,13:25:21.713,6.5400,100
48321715064195,13:25:21.715,6.5500,100
48322714700251,13:25:22.714,6.5500,100
48377911367351,13:26:17.911,6.5500,100
48462184713632,13:27:42.184,6.5800,55
48710809920838,13:31:50.809,6.5600,100
48710809946406,13:31:50.809,6.5600,100
48710813801065,13:31:50.813,6.5600,100
48710813801065,13:31:50.813,6.5600,100
48714880572613,13:31:54.880,6.5700,100
48716813312868,13:31:56.813,6.5800,100
49044393546018,13:37:24.393,6.5800,5
49044393546018,13:37:24.393,6.5800,50
49044466768293,13:37:24.466,6.5800,50
49044466768293,13:37:24.466,6.5800,50
49052157703022,13:37:32.157,6.5700,100
49052157741050,13:37:32.157,6.5700,100
49052158145164,13:37:32.158,6.5700,100
49057021534939,13:37:37.021,6.5700,100
49057021683965,13:37:37.021,6.5700,100
49213345383309,13:40:13.345,6.5700,200
49341080797610,13:42:21.080,6.5800,55
49649451371759,13:47:29.451,6.5800,54
49664016624951,13:47:44.016,6.5600,100
49664016624951,13:47:44.016,6.5600,100
49664016624951,13:47:44.016,6.5600,100
49664016624951,13:47:44.016,6.5600,100
49664016624951,13:47:44.016,6.5600,100
49894298175015,13:51:34.298,6.5600,100
49894298175015,13:51:34.298,6.5600,100
49894298175015,13:51:34.298,6.5600,100
49894298237872,13:51:34.298,6.5600,200
49914936663470,13:51:54.936,6.5800,100
49914936663470,13:51:54.936,6.5800,100
49914936663470,13:51:54.936,6.5800,71
49914936804588,13:51:54.936,6.5800,75
49914936930708,13:51:54.936,6.5800,22
49928983147281,13:52:08.983,6.5900,15
49928983513652,13:52:08.983,6.5900,85
49955920189391,13:52:35.920,6.6000,55
50079836971187,13:54:39.836,6.5900,100
50153608789054,13:55:53.608,6.5900,100
50164266974809,13:56:04.266,6.5900,100
50265193266286,13:57:45.193,6.6000,55
50336001987949,13:58:56.001,6.5800,100
50345562169762,13:59:05.562,6.5800,100
50425672137805,14:00:25.672,6.5900,100
50425672308114,14:00:25.672,6.5900,45
50459276289892,14:00:59.276,6.6000,100
50470042243160,14:01:10.042,6.6100,100
50548828353775,14:02:28.828,6.6100,55
50643811054826,14:04:03.811,6.6100,100
50643812389272,14:04:03.812,6.6100,6
50643812389272,14:04:03.812,6.6100,10
50643843547048,14:04:03.843,6.6100,100
50643843547048,14:04:03.843,6.6100,100
50652360440383,14:04:12.360,6.6100,100
50674170332888,14:04:34.170,6.6100,100
50687184918962,14:04:47.184,6.6200,100
50804585319216,14:06:44.585,6.6300,100
50804585757129,14:06:44.585,6.6300,100
50863122158484,14:07:43.122,6.6300,55
50977976240689,14:09:37.976,6.6200,100
50977976240689,14:09:37.976,6.6200,100
50977976240689,14:09:37.976,6.6200,100
50977976700654,14:09:37.976,6.6200,13
50978973121510,14:09:38.973,6.6200,87
51034821930015,14:10:34.821,6.6100,100
51117549078461,14:11:57.549,6.6200,100
51117549078461,14:11:57.549,6.6200,100
51117549624453,14:11:57.549,6.6200,10
51117549671851,14:11:57.549,6.6200,90
51117549671851,14:11:57.549,6.6200,100
51153761695433,14:12:33.761,6.6300,55
51156315632655,14:12:36.315,6.6300,76
51201494446605,14:13:21.494,6.6400,100
51201494446605,14:13:21.494,6.6400,100
51201494621099,14:13:21.494,6.6400,100
51201494621099,14:13:21.494,6.6400,100
51201494621099,14:13:21.494,6.6400,100
51224193305927,14:13:44.193,6.6300,100
51224193305927,14:13:44.193,6.6300,100
51224193305927,14:13:44.193,6.6300,100
51420253265735,14:17:00.253,6.6200,100
51420253265735,14:17:00.253,6.6200,100
51420253265735,14:17:00.253,6.6200,200
51420253265735,14:17:00.253,6.6200,100
51420253265735,14:17:00.253,6.6200,100
51420253265735,14:17:00.253,6.6200,100
51443998453022,14:17:23.998,6.6300,54
51461746777439,14:17:41.746,6.6200,100
51461746830490,14:17:41.746,6.6200,100
51461746830490,14:17:41.746,6.6200,100
51463014217657,14:17:43.014,6.6100,100
51463014217657,14:17:43.014,6.6100,100
51463014217657,14:17:43.014,6.6100,100
51463014256894,14:17:43.014,6.6100,100
51503424646424,14:18:23.424,6.6000,100
51503424646424,14:18:23.424,6.6000,100
51526295197175,14:18:46.295,6.5900,100
51526295235847,14:18:46.295,6.5900,82
51526295246233,14:18:46.295,6.5900,18
51526295654860,14:18:46.295,6.5800,7
51526295656253,14:18:46.295,6.5800,41
51591215233492,14:19:51.215,6.5900,200
51591217585942,14:19:51.217,6.6000,100
51591217585942,14:19:51.217,6.6000,100
51591217585942,14:19:51.217,6.6000,84
51607198611821,14:20:07.198,6.6100,100
51726166637260,14:22:06.166,6.6100,123
51726189050476,14:22:06.189,6.6100,77
51754748889808,14:22:34.748,6.6200,55
52043657728668,14:27:23.657,6.6200,55
52310128910296,14:31:50.128,6.6000,100
52310277613833,14:31:50.277,6.6000,100
52642772149749,14:37:22.772,6.6100,55
52926294059781,14:42:06.294,6.6100,100
52926294059781,14:42:06.294,6.6100,100
52926351796851,14:42:06.351,6.6100,100
52926351796851,14:42:06.351,6.6100,100
52957070231933,14:42:37.070,6.6100,55
53217919528293,14:46:57.919,6.6100,45
53217919528293,14:46:57.919,6.6100,100
53217919528293,14:46:57.919,6.6100,100
53217919528293,14:46:57.919,6.6100,55
53217919801082,14:46:57.919,6.6100,45
53217919801082,14:46:57.919,6.6100,100
53217919801082,14:46:57.919,6.6100,100
53217919801082,14:46:57.919,6.6100,100
53217919801082,14:46:57.919,6.6100,100
53217919801082,14:46:57.919,6.6100,300
53217919801082,14:46:57.919,6.6100,100
53217919801082,14:46:57.919,6.6100,100
53217919851844,14:46:57.919,6.6100,200
53217959514649,14:46:57.959,6.6100,100
53217959922040,14:46:57.959,6.6100,100
53228816524638,14:47:08.816,6.6100,100
53228816524638,14:47:08.816,6.6100,100
53236040680610,14:47:16.040,6.6300,54
53360014829046,14:49:20.014,6.6300,1
53411877270459,14:50:11.877,6.6300,100
53524525036368,14:52:04.525,6.6300,99
53524525036368,14:52:04.525,6.6300,1
53535508331552,14:52:15.508,6.6400,55
53535510663771,14:52:15.510,6.6400,45
53535510663771,14:52:15.510,6.6400,100
53535510663771,14:52:15.510,6.6400,100
53535510663771,14:52:15.510,6.6400,100
53535510663771,14:52:15.510,6.6400,100
53535510663771,14:52:15.510,6.6400,55
53535511483588,14:52:15.511,6.6400,45
53555496547802,14:52:35.496,6.6500,100
53555496547802,14:52:35.496,6.6500,100
53634790478870,14:53:54.790,6.6600,38
53798439506003,14:56:38.439,6.6600,100
53800957758030,14:56:40.957,6.6600,6
53800957758030,14:56:40.957,6.6600,100
53800959808413,14:56:40.959,6.6700,5
53800959808413,14:56:40.959,6.6700,62
53800959808413,14:56:40.959,6.6700,33
53800959808413,14:56:40.959,6.6700,200
53800963780157,14:56:40.963,6.6800,2
53800963782170,14:56:40.963,6.6800,1
53800963786998,14:56:40.963,6.6800,2
53800963789558,14:56:40.963,6.6800,1
53800963792178,14:56:40.963,6.6800,1
53800963796062,14:56:40.963,6.6800,1
53801884052762,14:56:41.884,6.6900,2
53859710695335,14:57:39.710,6.7000,2
53859710697833,14:57:39.710,6.7000,2
53859710701775,14:57:39.710,6.7000,1
53859710703197,14:57:39.710,6.7000,1
53859710721960,14:57:39.710,6.7000,186
53859710721960,14:57:39.710,6.7000,8
53866433078204,14:57:46.433,6.7100,2
53866433078204,14:57:46.433,6.7200,53
53999130819083,14:59:59.130,6.7250,600
53999130819083,14:59:59.130,6.7200,5
53999131130699,14:59:59.131,6.7200,200
53999131130699,14:59:59.131,6.7200,200
53999131130699,14:59:59.131,6.7200,100
53999131170981,14:59:59.131,6.7200,100
53999176345301,14:59:59.176,6.7100,100
53999176345301,14:59:59.176,6.7100,200
54007568611906,15:00:07.568,6.7000,200
54146212880681,15:02:26.212,6.7000,55
54203488266572,15:03:23.488,6.7000,45
54203488266572,15:03:23.488,6.7000,100
54203488266572,15:03:23.488,6.7000,55
54219527888864,15:03:39.527,6.7000,100
54440726355477,15:07:20.726,6.6900,55
54590471167045,15:09:50.471,6.6800,200
54590471167045,15:09:50.471,6.6800,100
54708093476242,15:11:48.093,6.6600,100
54756284345128,15:12:36.284,6.6600,55
54772283039194,15:12:52.283,6.6500,100
54772788039326,15:12:52.788,6.6500,100
54812212795666,15:13:32.212,6.6600,45
54812212795666,15:13:32.212,6.6600,100
54813093877437,15:13:33.093,6.6700,100
54813093877437,15:13:33.093,6.6700,100
54817094494156,15:13:37.094,6.6700,100
54817094494156,15:13:37.094,6.6700,100
54817094494156,15:13:37.094,6.6700,100
54822578393067,15:13:42.578,6.6700,1
54822578393067,15:13:42.578,6.6700,3
54888350325986,15:14:48.350,6.6600,200
54918120765118,15:15:18.120,6.6500,100
54918120765118,15:15:18.120,6.6500,200
54918120897981,15:15:18.120,6.6500,100
54940950252379,15:15:40.950,6.6600,100
54940950276910,15:15:40.950,6.6600,100
54940951234666,15:15:40.951,6.6700,2
54940951235216,15:15:40.951,6.6700,1
54940951237640,15:15:40.951,6.6700,1
54940951239592,15:15:40.951,6.6700,1
54940951241254,15:15:40.951,6.6700,1
54940951243169,15:15:40.951,6.6700,1
54940951243764,15:15:40.951,6.6700,1
54940951349053,15:15:40.951,6.6700,1
54940951356063,15:15:40.951,6.6700,2
54963198092258,15:16:03.198,6.6650,1
54963198092258,15:16:03.198,6.6650,1
54963198092258,15:16:03.198,6.6650,1
54963198092258,15:16:03.198,6.6650,1
54963198092258,15:16:03.198,6.6650,1
54963198092258,15:16:03.198,6.6650,1
54963198092258,15:16:03.198,6.6600,94
54973899844087,15:16:13.899,6.6600,6
54973899844087,15:16:13.899,6.6600,94
54975828003757,15:16:15.828,6.6600,100
55042461415726,15:17:22.461,6.6500,200
55042461415726,15:17:22.461,6.6500,100
55056361023398,15:17:36.361,6.6500,54
55056365607987,15:17:36.365,6.6400,100
55077501756351,15:17:57.501,6.6300,200
55088783682476,15:18:08.783,6.6200,100
55105835400973,15:18:25.835,6.6100,300
55105835400973,15:18:25.835,6.6100,46
55105835400973,15:18:25.835,6.6100,54
55105836195608,15:18:25.836,6.6100,46
55120284773662,15:18:40.284,6.6100,100
55120284809577,15:18:40.284,6.6100,71
55120284825497,15:18:40.284,6.6100,122
55158757257136,15:19:18.757,6.6000,25
55170967610146,15:19:30.967,6.6000,300
55170972317403,15:19:30.972,6.6000,77
55170972353604,15:19:30.972,6.6000,358
55170972353604,15:19:30.972,6.6000,100
55175613387840,15:19:35.613,6.5700,100
55241935595816,15:20:41.935,6.5850,100
55264253519769,15:21:04.253,6.5800,100
55264253519769,15:21:04.253,6.5800,100
55269417697464,15:21:09.417,6.5700,100
55274915629806,15:21:14.915,6.5600,100
55329907931196,15:22:09.907,6.5300,200
55329907931196,15:22:09.907,6.5300,100
55348389799106,15:22:28.389,6.5200,100
55348389799106,15:22:28.389,6.5200,100
55351273965410,15:22:31.273,6.5200,55
55351274000828,15:22:31.274,6.5200,45
55380029135423,15:23:00.029,6.5300,100
55380029135423,15:23:00.029,6.5300,100
55380029135423,15:23:00.029,6.5300,100
55380029135423,15:23:00.029,6.5300,100
55380029135423,15:23:00.029,6.5300,100
55380029880688,15:23:00.029,6.5300,100
55380942886565,15:23:00.942,6.5400,100
55380942886565,15:23:00.942,6.5400,100
55380942886565,15:23:00.942,6.5400,100
55380942886565,15:23:00.942,6.5400,100
55380942886565,15:23:00.942,6.5400,100
55380943114926,15:23:00.943,6.5400,54
55380943140744,15:23:00.943,6.5400,46
55380943140744,15:23:00.943,6.5400,100
55380943140744,15:23:00.943,6.5400,100
55380944368131,15:23:00.944,6.5400,54
55395279416771,15:23:15.279,6.5400,100
55395279416771,15:23:15.279,6.5400,100
55395282716148,15:23:15.282,6.5400,20
55412360529308,15:23:32.360,6.5300,100
55412360710017,15:23:32.360,6.5300,100
55450028715490,15:24:10.028,6.5300,100
55458088250032,15:24:18.088,6.5400,100
55458088250032,15:24:18.088,6.5400,100
55458088250032,15:24:18.088,6.5400,100
55464534969012,15:24:24.534,6.5400,100
55466541902295,15:24:26.541,6.5400,100
55516401780973,15:25:16.401,6.5400,100
55516401780973,15:25:16.401,6.5400,100
55563557423613,15:26:03.557,6.5600,100
55563557423613,15:26:03.557,6.5600,200
55563557423613,15:26:03.557,6.5600,100
55563557423613,15:26:03.557,6.5600,100
55584615541994,15:26:24.615,6.5500,100
55585500263264,15:26:25.500,6.5500,100
55606259478430,15:26:46.259,6.5400,100
55609923425349,15:26:49.923,6.5400,60
55609925612029,15:26:49.925,6.5400,40
55610355766228,15:26:50.355,6.5400,100
55610355766228,15:26:50.355,6.5400,9
55629845548191,15:27:09.845,6.5400,56
55629845560682,15:27:09.845,6.5400,35
55630882094846,15:27:10.882,6.5400,5
55630882094846,15:27:10.882,6.5400,95
55646754135798,15:27:26.754,6.5300,185
55671487770132,15:27:51.487,6.5400,30
55671487770132,15:27:51.487,6.5400,100
55672261500178,15:27:52.261,6.5400,100
55672261828338,15:27:52.261,6.5400,35
55676073848080,15:27:56.073,6.5400,65
55676073848080,15:27:56.073,6.5400,100
55676073848080,15:27:56.073,6.5400,35
55676073876439,15:27:56.073,6.5400,65
55680116581622,15:28:00.116,6.5500,100
55680116581622,15:28:00.116,6.5500,100
55680118411763,15:28:00.118,6.5500,100
55745218189210,15:29:05.218,6.5700,90
55751463425443,15:29:11.463,6.5600,200
55762592631659,15:29:22.592,6.5500,31
55775338422694,15:29:35.338,6.5500,69
55775338422694,15:29:35.338,6.5500,96
55775338460678,15:29:35.338,6.5500,10
55775338862446,15:29:35.338,6.5500,80
55775338868195,15:29:35.338,6.5500,35
55775338870878,15:29:35.338,6.5500,35
55775338879825,15:29:35.338,6.5500,35
55806178267747,15:30:06.178,6.5500,23
55820346617896,15:30:20.346,6.5400,100
55820346617896,15:30:20.346,6.5400,100
55836880344143,15:30:36.880,6.5500,600
55836882120140,15:30:36.882,6.5500,100
55836882315065,15:30:36.882,6.5500,100
55837598112334,15:30:37.598,6.5500,100
55837598112334,15:30:37.598,6.5500,100
55851795500455,15:30:51.795,6.5400,100
55851795500455,15:30:51.795,6.5400,100
55851795500455,15:30:51.795,6.5400,100
55851795500455,15:30:51.795,6.5400,100
55851972927485,15:30:51.972,6.5400,100
55852995215256,15:30:52.995,6.5400,100
55903970239200,15:31:43.970,6.5500,100
55903970239200,15:31:43.970,6.5500,100
55911290016124,15:31:51.290,6.5500,100
55911290016124,15:31:51.290,6.5500,70
55911290016124,15:31:51.290,6.5500,30
55911290177527,15:31:51.290,6.5500,100
55999015003634,15:33:19.015,6.5500,29
55999015003634,15:33:19.015,6.5500,71
55999015359957,15:33:19.015,6.5500,29
56000482219801,15:33:20.482,6.5500,100
56091590200353,15:34:51.590,6.5400,100
56091590200353,15:34:51.590,6.5400,100
56091590200353,15:34:51.590,6.5400,100
56110157465568,15:35:10.157,6.5300,100
56110157821535,15:35:10.157,6.5300,80
56110157827063,15:35:10.157,6.5300,20
56110158312867,15:35:10.158,6.5200,100
56110158375069,15:35:10.158,6.5200,100
56110158419356,15:35:10.158,6.5200,80
56110158515785,15:35:10.158,6.5200,20
56110160490183,15:35:10.160,6.5100,60
56110161020944,15:35:10.161,6.5100,10
56110166393121,15:35:10.166,6.5100,400
56110166393121,15:35:10.166,6.5100,100
56110175612794,15:35:10.175,6.5200,100
56110175612794,15:35:10.175,6.5200,100
56110175612794,15:35:10.175,6.5200,100
56111311534758,15:35:11.311,6.5300,100
56111311534758,15:35:11.311,6.5300,72
56111315715400,15:35:11.315,6.5400,600
56111315715400,15:35:11.315,6.5400,100
56122919165954,15:35:22.919,6.5500,100
56122919165954,15:35:22.919,6.5500,200
56122919165954,15:35:22.919,6.5500,100
56122919165954,15:35:22.919,6.5500,86
56122919195017,15:35:22.919,6.5500,14
56122999448826,15:35:22.999,6.5500,100
56146961358483,15:35:46.961,6.5600,100
56146963073110,15:35:46.963,6.5600,100
56147013203970,15:35:47.013,6.5600,100
56189711355612,15:36:29.711,6.5700,4
56189711379931,15:36:29.711,6.5700,96
56189711379931,15:36:29.711,6.5700,400
56305183660935,15:38:25.183,6.5700,40
56312942681665,15:38:32.942,6.5700,60
56312942681665,15:38:32.942,6.5700,96
56326789901369,15:38:46.789,6.5700,100
56326789901369,15:38:46.789,6.5700,100
56344764862395,15:39:04.764,6.5700,100
56344764862395,15:39:04.764,6.5700,100
56344764862395,15:39:04.764,6.5700,100
56344764862395,15:39:04.764,6.5700,100
56344764862395,15:39:04.764,6.5700,100
56344764862395,15:39:04.764,6.5700,100
56344764862395,15:39:04.764,6.5700,100
56344765223533,15:39:04.765,6.5700,100
56344765226289,15:39:04.765,6.5700,100
56344765289392,15:39:04.765,6.5700,26
56344765291821,15:39:04.765,6.5700,3
56344765299719,15:39:04.765,6.5700,71
56344765299719,15:39:04.765,6.5700,29
56344765503304,15:39:04.765,6.5700,71
56344765503304,15:39:04.765,6.5700,29
56344765626680,15:39:04.765,6.5700,71
56344765626680,15:39:04.765,6.5700,29
56344765661997,15:39:04.765,6.5700,58
56344765856817,15:39:04.765,6.5700,13
56344765856817,15:39:04.765,6.5700,100
56356806640670,15:39:16.806,6.5800,100
56363745316179,15:39:23.745,6.5800,100
56363745316179,15:39:23.745,6.5800,100
56363745316179,15:39:23.745,6.5800,100
56542229938846,15:42:22.229,6.5700,100
56589260943454,15:43:09.260,6.5700,200
56589301892705,15:43:09.301,6.5700,100
56600267066394,15:43:20.267,6.5700,36
56615266721005,15:43:35.266,6.5700,164
56615266721005,15:43:35.266,6.5700,29
56615422366263,15:43:35.422,6.5700,71
56647511563679,15:44:07.511,6.5600,100
56647526317930,15:44:07.526,6.5600,100
56647612433726,15:44:07.612,6.5600,25
56657781626120,15:44:17.781,6.5600,29
56672606879033,15:44:32.606,6.5600,14
56687602223423,15:44:47.602,6.5600,22
56688267062304,15:44:48.267,6.5600,10
56688267062304,15:44:48.267,6.5600,100
56688267062304,15:44:48.267,6.5600,90
56692974741091,15:44:52.974,6.5600,10
56692974741091,15:44:52.974,6.5600,90
56706609582170,15:45:06.609,6.5600,78
56728557978195,15:45:28.557,6.5600,132
56728557978195,15:45:28.557,6.5600,68
56744547847890,15:45:44.547,6.5600,100
56773018134015,15:46:13.018,6.5600,100
56814067290941,15:46:54.067,6.5600,200
56814108580133,15:46:54.108,6.5600,100
56837979363215,15:47:17.979,6.5600,100
56856974730499,15:47:36.974,6.5600,19
56856975511702,15:47:36.975,6.5600,100
56856975511702,15:47:36.975,6.5600,100
56856975511702,15:47:36.975,6.5600,100
56856975511702,15:47:36.975,6.5500,100
56856975511702,15:47:36.975,6.5500,100
56860332953438,15:47:40.332,6.5500,100
56886303074437,15:48:06.303,6.5600,100
56886303074437,15:48:06.303,6.5600,100
56886305780426,15:48:06.305,6.5600,54
56886305780426,15:48:06.305,6.5600,250
56886305809815,15:48:06.305,6.5600,650
56886305809815,15:48:06.305,6.5600,123
56886305809815,15:48:06.305,6.5600,100
56886305809815,15:48:06.305,6.5600,100
56886305809815,15:48:06.305,6.5600,6
56886305998832,15:48:06.305,6.5600,100
56886319248116,15:48:06.319,6.5700,452
56886319248116,15:48:06.319,6.5700,100
56886319248116,15:48:06.319,6.5700,100
56886319248116,15:48:06.319,6.5700,100
56886319248116,15:48:06.319,6.5700,100
56913801784227,15:48:33.801,6.5700,100
56913801784227,15:48:33.801,6.5700,400
56913801784227,15:48:33.801,6.5700,100
56913801784227,15:48:33.801,6.5700,100
56913801827944,15:48:33.801,6.5700,100
56913801827944,15:48:33.801,6.5700,23
57003972821527,15:50:03.972,6.5700,177
57003972821527,15:50:03.972,6.5700,100
57003972821527,15:50:03.972,6.5700,23
57003972884216,15:50:03.972,6.5700,30
57033605919140,15:50:33.605,6.5700,200
57033608192079,15:50:33.608,6.5600,100
57063469577360,15:51:03.469,6.5700,100
57063469577360,15:51:03.469,6.5700,100
57063469577360,15:51:03.469,6.5700,100
57063469577360,15:51:03.469,6.5700,95
57063469617424,15:51:03.469,6.5700,5
57063469617424,15:51:03.469,6.5700,100
57063469696450,15:51:03.469,6.5700,100
57063469850888,15:51:03.469,6.5700,100
57063469850888,15:51:03.469,6.5700,100
57063471027088,15:51:03.471,6.5700,100
57063471027088,15:51:03.471,6.5700,100
57063471518021,15:51:03.471,6.5700,300
57063471743876,15:51:03.471,6.5700,200
57165941067166,15:52:45.941,6.5600,100
57165941067166,15:52:45.941,6.5600,100
57199314521347,15:53:19.314,6.5500,200
57217942198306,15:53:37.942,6.5500,100
57217942198306,15:53:37.942,6.5500,100
57217942198306,15:53:37.942,6.5500,100
57217942198306,15:53:37.942,6.5500,100
57217942198306,15:53:37.942,6.5500,100
57217942713592,15:53:37.942,6.5500,100
57217950227349,15:53:37.950,6.5600,200
57217982093745,15:53:37.982,6.5600,200
57229664432358,15:53:49.664,6.5500,200
57296776911860,15:54:56.776,6.5500,100
57301188789708,15:55:01.188,6.5600,100
57301188789708,15:55:01.188,6.5600,100
57301188789708,15:55:01.188,6.5600,100
57301188789708,15:55:01.188,6.5600,100
57301188789708,15:55:01.188,6.5600,100
57301188789708,15:55:01.188,6.5600,100
57301518475488,15:55:01.518,6.5600,7
57303789667578,15:55:03.789,6.5650,100
57303789667578,15:55:03.789,6.5650,100
57303811868499,15:55:03.811,6.5700,100
57303811868499,15:55:03.811,6.5700,100
57306065898671,15:55:06.065,6.5750,100
57306065898671,15:55:06.065,6.5750,100
57306065898671,15:55:06.065,6.5800,100
57306065898671,15:55:06.065,6.5800,100
57306065898671,15:55:06.065,6.5800,100
57306065933558,15:55:06.065,6.5800,100
57306065933558,15:55:06.065,6.5800,100
57306066138659,15:55:06.066,6.5800,100
57396003732378,15:56:36.003,6.5750,100
57398064554988,15:56:38.064,6.5800,100
57398064554988,15:56:38.064,6.5800,100
57398064554988,15:56:38.064,6.5800,100
57398064554988,15:56:38.064,6.5800,100
57398064554988,15:56:38.064,6.5800,100
57398064554988,15:56:38.064,6.5800,100
57398064554988,15:56:38.064,6.5800,100
57398064554988,15:56:38.064,6.5800,100
57398064603339,15:56:38.064,6.5800,85
57398064659710,15:56:38.064,6.5800,15
57398064659710,15:56:38.064,6.5800,100
57398064659710,15:56:38.064,6.5800,100
57484681669904,15:58:04.681,6.5800,100
57493294628641,15:58:13.294,6.5800,100
57498422889179,15:58:18.422,6.5800,100
57498888888950,15:58:18.888,6.5800,82
57498888888950,15:58:18.888,6.5800,18
57503307731955,15:58:23.307,6.5800,63
57509161932182,15:58:29.161,6.5800,19
57509161932182,15:58:29.161,6.5800,81
57517223393803,15:58:37.223,6.5800,94
57517223393803,15:58:37.223,6.5800,6
57520424375892,15:58:40.424,6.5800,17
57531527550435,15:58:51.527,6.5800,77
57531527550435,15:58:51.527,6.5800,23
57539333182883,15:58:59.333,6.5800,77
57539333182883,15:58:59.333,6.5800,23
57539418158745,15:58:59.418,6.5800,77
57539418158745,15:58:59.418,6.5800,23
57542425534654,15:59:02.425,6.5800,100
57547146993319,15:59:07.146,6.5800,87
57547146993319,15:59:07.146,6.5800,13
57552379755786,15:59:12.379,6.5850,100
57552379755786,15:59:12.379,6.5850,100
57552379755786,15:59:12.379,6.5900,100
57552379755786,15:59:12.379,6.5900,100
57552379755786,15:59:12.379,6.5900,100
57552379755786,15:59:12.379,6.5900,18
57552379755786,15:59:12.379,6.5900,100
57552379755786,15:59:12.379,6.5900,100
57552379755786,15:59:12.379,6.5900,1700
57552380110114,15:59:12.380,6.5900,100
57552380110114,15:59:12.380,6.5900,100
57552380264638,15:59:12.380,6.5900,100
57553398061964,15:59:13.398,6.6000,100
57553398061964,15:59:13.398,6.6000,400
57553398061964,15:59:13.398,6.6000,400
57553398091888,15:59:13.398,6.6000,1300
57553625024022,15:59:13.625,6.6000,100
57553625024022,15:59:13.625,6.6000,400
57553625024022,15:59:13.625,6.6000,115
57555535500226,15:59:15.535,6.6000,100
57555535500226,15:59:15.535,6.6000,500
57555535500226,15:59:15.535,6.6000,100
57557408709221,15:59:17.408,6.6000,200
57557590843537,15:59:17.590,6.6000,100
57560481840257,15:59:20.481,6.6050,100
57560481840257,15:59:20.481,6.6100,100
57560481840257,15:59:20.481,6.6100,200
57562251222104,15:59:22.251,6.6050,100
57570863429450,15:59:30.863,6.6050,100
57570863429450,15:59:30.863,6.6050,100
57570863429450,15:59:30.863,6.6000,271
57570863429450,15:59:30.863,6.6000,210
57570863429450,15:59:30.863,6.6000,200
57570863429450,15:59:30.863,6.6000,100
57570863429450,15:59:30.863,6.6000,100
57570863429450,15:59:30.863,6.6000,300
57570863429450,15:59:30.863,6.6000,100
57570863429450,15:59:30.863,6.6000,58
57570863429450,15:59:30.863,6.6000,600
57570863429450,15:59:30.863,6.6000,100
57570875071328,15:59:30.875,6.6000,100
57570875071328,15:59:30.875,6.6000,500
57571403966650,15:59:31.403,6.6000,100
57571780612242,15:59:31.780,6.6000,400
57571780612242,15:59:31.780,6.6000,100
57571780612242,15:59:31.780,6.6000,200
57572304446444,15:59:32.304,6.6000,100
57572629905591,15:59:32.629,6.6000,11
57573399086689,15:59:33.399,6.6000,89
57573399086689,15:59:33.399,6.6000,200
57573399086689,15:59:33.399,6.6000,271
57573399086689,15:59:33.399,6.6000,140
57574107597111,15:59:34.107,6.6100,100
57574399276438,15:59:34.399,6.6000,70
57574399276438,15:59:34.399,6.6000,200
57574399276438,15:59:34.399,6.6000,230
57575629575276,15:59:35.629,6.6000,200
57577587126665,15:59:37.587,6.6000,100
57577705162008,15:59:37.705,6.6000,100
57581401695662,15:59:41.401,6.6000,100
57589679454795,15:59:49.679,6.6100,388
57590034404874,15:59:50.034,6.6000,1
57591208005331,15:59:51.208,6.6000,13
57594070313036,15:59:54.070,6.6000,41
57594073481241,15:59:54.073,6.6000,83
57595116311893,15:59:55.116,6.6000,116
57595804943807,15:59:55.804,6.6100,200
57595824525029,15:59:55.824,6.6000,18
57597801104344,15:59:57.801,6.6100,300
57599404450484,15:59:59.404,6.6100,200
57599404544573,15:59:59.404,6.6100,512
57599404544573,15:59:59.404,6.6100,100
57599404544573,15:59:59.404,6.6100,1100
57599405191465,15:59:59.405,6.6100,20
57599909454370,15:59:59.909,6.6200,200
57600298931031,16:00:00.298,6.6200,27400
