timestamp,time,price,volume
24147293134459,06:42:27.293,118.0000,10
30033033997528,08:20:33.033,117.6200,100
30033033997528,08:20:33.033,117.6200,99
30033034777239,08:20:33.034,117.6200,1
30033034777239,08:20:33.034,117.6200,99
34159009362106,09:29:19.009,118.5000,147
34200003731254,09:30:00.003,118.3500,147
34200130413569,09:30:00.130,118.2700,4653
34201750904096,09:30:01.750,118.4500,200
34201751006113,09:30:01.751,118.4500,36
34201816582713,09:30:01.816,118.6000,68
34201816582713,09:30:01.816,118.6000,32
34239696762875,09:30:39.696,118.3200,200
34240545634102,09:30:40.545,118.5200,1
34269200412091,09:31:09.200,118.1400,100
34270901429064,09:31:10.901,118.0700,100
34280050735558,09:31:20.050,118.0600,100
34280050735558,09:31:20.050,118.0600,40
34280050792945,09:31:20.050,118.0600,100
34281853903786,09:31:21.853,118.0000,100
34299456950140,09:31:39.456,118.0350,5
34299457248463,09:31:39.457,118.0400,6
34324100429101,09:32:04.100,118.0350,100
34369331189431,09:32:49.331,118.0000,1
34370757703483,09:32:50.757,118.0400,100
34414234639658,09:33:34.234,117.9700,100
34416208114789,09:33:36.208,118.0400,50
34421640787744,09:33:41.640,117.9200,100
34421640787744,09:33:41.640,117.9000,100
34421640787744,09:33:41.640,117.9000,2
34421640787744,09:33:41.640,117.9000,73
34421640913014,09:33:41.640,117.9000,100
34443111697355,09:34:03.111,117.7500,100
34443111724947,09:34:03.111,117.7500,200
34443111724947,09:34:03.111,117.7500,72
34443111786646,09:34:03.111,117.7500,272
34443112187649,09:34:03.112,117.7500,100
34443112187649,09:34:03.112,117.7500,100
34450860088006,09:34:10.860,118.0700,9
34506718709180,09:35:06.718,118.3200,2
34516466568580,09:35:16.466,118.2400,100
34516466568580,09:35:16.466,118.2500,300
34516466629339,09:35:16.466,118.2500,200
34524055194449,09:35:24.055,118.1250,100
34526826344606,09:35:26.826,118.3200,2
34540071200798,09:35:40.071,118.3200,98
34540071200798,09:35:40.071,118.3300,100
34540071200798,09:35:40.071,118.3300,2
34540071250212,09:35:40.071,118.3300,98
34540071303871,09:35:40.071,118.3400,100
34540071315983,09:35:40.071,118.3500,100
34540071381609,09:35:40.071,118.3600,56
34540071407603,09:35:40.071,118.3600,44
34540071407603,09:35:40.071,118.3400,37
34540073358954,09:35:40.073,118.4800,100
34540073430208,09:35:40.073,118.4200,63
34540073430208,09:35:40.073,118.4100,37
34540073479001,09:35:40.073,118.4100,63
34540073479001,09:35:40.073,118.4100,37
34540073489252,09:35:40.073,118.4100,63
34540073489252,09:35:40.073,118.3800,37
34540073554881,09:35:40.073,118.3800,63
34540073554881,09:35:40.073,118.3800,37
34540082319063,09:35:40.082,118.4300,100
34540082363719,09:35:40.082,118.3800,63
34540082363719,09:35:40.082,118.3800,37
34540082365184,09:35:40.082,118.4800,100
34540092184081,09:35:40.092,118.4900,100
34644668781811,09:37:24.668,118.5400,1
34644668808491,09:37:24.668,118.5800,100
34644668811934,09:37:24.668,118.5800,100
34644668847189,09:37:24.668,118.5600,10
34644668847189,09:37:24.668,118.6000,6
34644668955599,09:37:24.668,118.6000,45
34644669272120,09:37:24.669,118.6000,17
34644669330474,09:37:24.669,118.6300,100
34644670747776,09:37:24.670,118.5800,80
34644670747776,09:37:24.670,118.5500,20
34644670798039,09:37:24.670,118.5500,100
34644670815895,09:37:24.670,118.5500,100
34644670869653,09:37:24.670,118.5500,80
34644670869653,09:37:24.670,118.5500,20
34644747004763,09:37:24.747,118.5500,10
34644747004763,09:37:24.747,118.5400,63
34741774988731,09:39:01.774,118.9100,100
34760812350440,09:39:20.812,118.4200,2
34805390778942,09:40:05.390,118.7500,100
34805403937675,09:40:05.403,118.8400,25
34835209155363,09:40:35.209,118.5800,200
34836230425949,09:40:36.230,118.5800,100
34924075665412,09:42:04.075,118.1400,100
34924075665412,09:42:04.075,118.1400,90
34924075665412,09:42:04.075,118.1100,10
34940870564032,09:42:20.870,118.1600,90
34940870564032,09:42:20.870,118.1600,100
34941290958258,09:42:21.290,118.0000,8
35025245432689,09:43:45.245,118.3800,100
35043788188451,09:44:03.788,118.2900,100
35043788250510,09:44:03.788,118.2900,6
35047817175298,09:44:07.817,118.2500,200
35047817188677,09:44:07.817,118.1600,10
35047817188677,09:44:07.817,118.1600,70
35047817188677,09:44:07.817,118.1500,100
35047817188677,09:44:07.817,118.1500,20
35047817196479,09:44:07.817,118.1500,80
35047817196479,09:44:07.817,118.1500,92
35047817330800,09:44:07.817,118.1500,108
35091215351426,09:44:51.215,118.3000,100
35091215525036,09:44:51.215,118.3000,100
35091215550614,09:44:51.215,118.3000,27
35091216685943,09:44:51.216,118.3000,100
35091216830007,09:44:51.216,118.3000,100
35091217003299,09:44:51.217,118.3000,100
35093289864648,09:44:53.289,118.4000,60
35093289929090,09:44:53.289,118.4000,100
35093290118100,09:44:53.290,118.4000,100
35093290544429,09:44:53.290,118.4300,100
35093290741664,09:44:53.290,118.4000,100
35093291476418,09:44:53.291,118.4900,600
35093291476418,09:44:53.291,118.4900,100
35093291506092,09:44:53.291,118.4900,100
35093291506092,09:44:53.291,118.5000,540
35093291531369,09:44:53.291,118.5000,100
35093292024473,09:44:53.292,118.5400,100
35128191186717,09:45:28.191,118.6500,17
35260546501310,09:47:40.546,118.8000,100
35260577344780,09:47:40.577,118.8000,100
35260577399476,09:47:40.577,118.8000,100
35260577449786,09:47:40.577,118.8000,100
35280265899339,09:48:00.265,118.7400,25
35280265899339,09:48:00.265,118.7400,15
35280265899339,09:48:00.265,118.7400,50
35280265899339,09:48:00.265,118.6800,10
35280265900658,09:48:00.265,118.6800,90
35280265900658,09:48:00.265,118.6600,111
35336271231737,09:48:56.271,118.7800,100
35339711633116,09:48:59.711,118.8600,100
35339715370159,09:48:59.715,118.8900,100
35339715370159,09:48:59.715,118.8900,100
35339715459107,09:48:59.715,118.8900,100
35339715714176,09:48:59.715,118.8800,100
35339715949624,09:48:59.715,118.9000,10
35339716075401,09:48:59.716,118.8800,10
35339716115959,09:48:59.716,118.9100,100
35339716150604,09:48:59.716,118.9000,100
35341624429886,09:49:01.624,118.9700,100
35341624508002,09:49:01.624,118.9800,100
35341624511466,09:49:01.624,118.9800,100
35341624589765,09:49:01.624,118.9800,100
35341625046748,09:49:01.625,118.9800,100
35341625115806,09:49:01.625,118.9800,100
35341625137749,09:49:01.625,118.9800,550
35341625269905,09:49:01.625,118.9800,100
35341625296492,09:49:01.625,118.9800,100
35341625298042,09:49:01.625,118.9800,97
35341625300579,09:49:01.625,118.9800,100
35341625330516,09:49:01.625,118.9800,100
35341625460276,09:49:01.625,118.9800,100
35341625460276,09:49:01.625,118.9800,450
35341625487460,09:49:01.625,118.9800,100
35341625500596,09:49:01.625,118.9800,210
35341625517718,09:49:01.625,118.9800,93
35341625517718,09:49:01.625,119.0000,7
35341625545645,09:49:01.625,119.0000,93
35341625545645,09:49:01.625,119.0000,200
35341625545645,09:49:01.625,119.0000,50
35341625545645,09:49:01.625,119.0000,200
35423038457772,09:50:23.038,119.5000,100
35450119619798,09:50:50.119,119.6500,100
35476426997404,09:51:16.426,119.5400,100
35476427063694,09:51:16.427,119.5400,100
35497033082397,09:51:37.033,119.6900,100
35497034574433,09:51:37.034,119.7500,400
35497050715959,09:51:37.050,119.8900,70
35497050786997,09:51:37.050,119.8900,100
35497057744681,09:51:37.057,119.9000,100
35497057744681,09:51:37.057,119.9000,100
35497059845287,09:51:37.059,119.9500,1
35497083588700,09:51:37.083,119.9500,100
35497135503593,09:51:37.135,120.0000,50
35497135503593,09:51:37.135,120.0000,200
35497135503593,09:51:37.135,120.0000,30
35497135503593,09:51:37.135,120.0000,75
35497135958892,09:51:37.135,120.1000,100
35497146011528,09:51:37.146,120.1500,100
35514612507529,09:51:54.612,120.0700,17
35514612583003,09:51:54.612,120.0700,83
35514612583003,09:51:54.612,119.9900,55
35550948329709,09:52:30.948,120.1000,25
35550948347797,09:52:30.948,120.1000,25
35550948349365,09:52:30.948,120.1000,10
35550948371158,09:52:30.948,120.1300,10
35550948375719,09:52:30.948,120.1300,35
35550948406732,09:52:30.948,120.1400,35
35552138464696,09:52:32.138,119.9700,100
35552250571132,09:52:32.250,119.9600,100
35554093869171,09:52:34.093,119.9500,100
35554093869171,09:52:34.093,119.9500,100
35554093899685,09:52:34.093,119.9400,100
35554093939640,09:52:34.093,119.9300,100
35554093955621,09:52:34.093,119.8600,86
35554094050381,09:52:34.094,119.8600,14
35555057982651,09:52:35.057,119.7250,100
35555058595963,09:52:35.058,119.7250,100
35581634498620,09:53:01.634,119.6400,100
35608354852349,09:53:28.354,119.5600,100
35625274202896,09:53:45.274,119.4400,100
35643611425014,09:54:03.611,119.3500,100
35643611957619,09:54:03.611,119.2900,100
35643611966079,09:54:03.611,119.2900,100
35667522397915,09:54:27.522,119.2400,50
35667522397915,09:54:27.522,119.2400,40
35667522397915,09:54:27.522,119.2400,10
35667522481263,09:54:27.522,119.2300,100
35730415046154,09:55:30.415,119.3700,35
35730415046154,09:55:30.415,119.4000,15
35730415131421,09:55:30.415,119.4000,418
35742680148401,09:55:42.680,119.4700,100
35742680976877,09:55:42.680,119.5000,100
35764312279616,09:56:04.312,119.4900,10
35764312296035,09:56:04.312,119.4900,60
35764314084887,09:56:04.314,119.4800,150
35764314084887,09:56:04.314,119.4900,50
35764314118883,09:56:04.314,119.4900,50
35828960274024,09:57:08.960,119.5100,50
35828960297556,09:57:08.960,119.4900,50
35828960718601,09:57:08.960,119.4000,5
35828960757413,09:57:08.960,119.3900,100
35828961262184,09:57:08.961,119.3900,50
35828977856662,09:57:08.977,119.3700,100
35861867998932,09:57:41.867,119.1600,2
35862170876653,09:57:42.170,119.1600,2
35863002986367,09:57:43.002,119.1600,2
35863091797333,09:57:43.091,119.1600,2
35863131691262,09:57:43.131,119.1600,2
35863365178511,09:57:43.365,119.1600,2
35863421114327,09:57:43.421,119.1600,2
35863462349955,09:57:43.462,119.1600,2
35863609133196,09:57:43.609,119.1600,2
35863721146393,09:57:43.721,119.1600,2
35879330942358,09:57:59.330,119.1700,18
35888460969339,09:58:08.460,119.1000,100
35888460969339,09:58:08.460,119.0600,35
35888460969339,09:58:08.460,119.0600,25
35888460969339,09:58:08.460,119.0600,15
35888460969339,09:58:08.460,119.0600,15
35888460969339,09:58:08.460,119.0400,100
35888460969339,09:58:08.460,119.0400,50
35888460969339,09:58:08.460,119.0400,150
35888460969339,09:58:08.460,119.0200,100
35888460969339,09:58:08.460,119.0100,100
35888460969339,09:58:08.460,119.0100,100
35888460969339,09:58:08.460,119.0100,509
35888460969339,09:58:08.460,119.0100,1
35888461091544,09:58:08.461,119.0100,99
35888461091544,09:58:08.461,119.0000,15
35888461091544,09:58:08.461,119.0000,136
35888461145964,09:58:08.461,119.0000,25
35902150819639,09:58:22.150,119.0300,100
35908293258447,09:58:28.293,119.0300,150
35908293258447,09:58:28.293,119.0300,40
35908293258447,09:58:28.293,119.0300,100
35908293258447,09:58:28.293,119.0200,200
35908293422865,09:58:28.293,119.0000,6
35908293447781,09:58:28.293,119.0000,1486
35908293460066,09:58:28.293,119.0000,300
35908293477960,09:58:28.293,119.0000,1247
35908293477960,09:58:28.293,119.0000,100
35908293477960,09:58:28.293,119.0000,300
35908293481009,09:58:28.293,119.0000,55
35908293482495,09:58:28.293,119.0000,1647
35908293497964,09:58:28.293,119.0000,100
35908293538742,09:58:28.293,119.0000,37
35908293560559,09:58:28.293,119.0000,63
35908293560559,09:58:28.293,119.0000,198
35908293889300,09:58:28.293,118.9800,100
35908296672647,09:58:28.296,119.0000,100
35908296672647,09:58:28.296,119.0000,100
35908296759175,09:58:28.296,118.9300,100
35908297086501,09:58:28.297,119.0000,100
35908297484206,09:58:28.297,119.0000,100
35908298321702,09:58:28.298,119.0000,100
35908299879711,09:58:28.299,119.0100,34
35908299879711,09:58:28.299,119.0000,100
35908299879711,09:58:28.299,119.0000,66
35908299879711,09:58:28.299,119.0000,34
35908300532349,09:58:28.300,119.0000,100
35908301515137,09:58:28.301,119.0100,66
35908301515137,09:58:28.301,119.0000,100
35908303949995,09:58:28.303,119.0000,100
35908305679179,09:58:28.305,119.0000,100
35908307342125,09:58:28.307,119.0000,100
35908307744655,09:58:28.307,119.0000,100
35908308998881,09:58:28.308,119.0000,100
35908310650576,09:58:28.310,119.0000,100
35908311056346,09:58:28.311,119.0000,100
35908312304261,09:58:28.312,119.0000,100
35908314077872,09:58:28.314,119.0000,100
35908314482163,09:58:28.314,119.0000,100
35908315929205,09:58:28.315,118.8700,100
35908315929205,09:58:28.315,118.7500,800
35908316013084,09:58:28.316,118.7500,192
35910341606904,09:58:30.341,118.7500,100
35910341622952,09:58:30.341,118.7500,100
35910341627439,09:58:30.341,118.7500,100
35910341687659,09:58:30.341,118.7500,100
35911374933560,09:58:31.374,118.7500,100
35911376050448,09:58:31.376,118.7050,100
35911376080071,09:58:31.376,118.7050,100
35912648521641,09:58:32.648,118.6900,100
35914985251813,09:58:34.985,118.7500,100
35914985329371,09:58:34.985,118.7500,100
35914985711692,09:58:34.985,118.7500,100
35921341038098,09:58:41.341,119.0500,100
36148303431287,10:02:28.303,119.0300,50
36155355983812,10:02:35.355,119.0300,24
36159838586058,10:02:39.838,119.0100,50
36159838586058,10:02:39.838,119.0000,14
36159838630536,10:02:39.838,119.0000,36
36159838630536,10:02:39.838,119.0000,14
36159838660698,10:02:39.838,119.0000,50
36159838666370,10:02:39.838,119.0000,150
36188200079406,10:03:08.200,119.0000,22
36188200079406,10:03:08.200,119.2000,100
36188200079406,10:03:08.200,119.2000,100
36188200114339,10:03:08.200,119.2000,78
36188200156799,10:03:08.200,119.2000,78
36188200156799,10:03:08.200,119.2100,42
36188200168274,10:03:08.200,119.2100,58
36188200168274,10:03:08.200,119.2100,20
36308026354658,10:05:08.026,119.0000,100
36308026889774,10:05:08.026,119.0000,100
36391273939368,10:06:31.273,119.2400,1
36391273939368,10:06:31.273,119.2400,10
36391273939368,10:06:31.273,119.2400,13
36391274614514,10:06:31.274,119.2500,100
36391723701811,10:06:31.723,119.4500,100
36391723755421,10:06:31.723,119.4800,62
36391723778685,10:06:31.723,119.4800,32
36391723789354,10:06:31.723,119.4800,6
36391724088246,10:06:31.724,119.4500,100
36391724355294,10:06:31.724,119.4400,97
36424034925731,10:07:04.034,119.3000,10
36431656395927,10:07:11.656,119.2300,2
36432348237081,10:07:12.348,119.2200,2
36433139454427,10:07:13.139,119.1400,2
36445145344155,10:07:25.145,119.2300,100
36447193118367,10:07:27.193,119.4300,18
36447193188566,10:07:27.193,119.4300,82
36447193701768,10:07:27.193,119.5000,100
36460247344696,10:07:40.247,119.6700,100
36461960222501,10:07:41.960,119.6800,100
36461960447907,10:07:41.960,119.5800,10
36462046493934,10:07:42.046,119.6900,100
36471791834942,10:07:51.791,119.5700,20
36473143047449,10:07:53.143,119.7300,50
36487648772353,10:08:07.648,119.4600,100
36487648887363,10:08:07.648,119.3800,100
36487653289893,10:08:07.653,119.3800,100
36487667787932,10:08:07.667,119.3800,100
36487667890879,10:08:07.667,119.3800,100
36487668137475,10:08:07.668,119.3800,100
36487668591194,10:08:07.668,119.3800,100
36541213424372,10:09:01.213,119.4700,100
36760265420663,10:12:40.265,119.7900,10
36760265475152,10:12:40.265,119.8000,13
36785431906189,10:13:05.431,119.6700,40
36785431906189,10:13:05.431,119.6600,100
36785431906189,10:13:05.431,119.6600,60
36785431936106,10:13:05.431,119.6600,40
36785431997239,10:13:05.431,119.6600,86
36785432010499,10:13:05.432,119.6500,100
36785432038942,10:13:05.432,119.6600,14
36785432038942,10:13:05.432,119.6600,86
36785432444278,10:13:05.432,119.5800,100
36785432489889,10:13:05.432,119.5500,100
36785432966360,10:13:05.432,119.5300,100
36790222767843,10:13:10.222,119.5100,100
36790222797029,10:13:10.222,119.5100,14
36790222804952,10:13:10.222,119.5100,100
36800891993756,10:13:20.891,119.6000,100
36974372404703,10:16:14.372,119.6100,1
36974372404703,10:16:14.372,119.6100,99
36974372450968,10:16:14.372,119.6100,1
36974372450968,10:16:14.372,119.6100,9
36974373302950,10:16:14.373,119.6100,100
37032806002267,10:17:12.806,119.5900,100
37062162647447,10:17:42.162,119.6100,40
37098793796822,10:18:18.793,119.5450,100
37098793800236,10:18:18.793,119.5450,100
37098794078810,10:18:18.794,119.4200,100
37098794078810,10:18:18.794,119.3900,48
37098794107610,10:18:18.794,119.3900,52
37098794107610,10:18:18.794,119.3900,21
37098794134003,10:18:18.794,119.5000,152
37098794153223,10:18:18.794,119.3900,37
37098854970661,10:18:18.854,119.4700,2
37098904091208,10:18:18.904,119.4700,2
37098953550673,10:18:18.953,119.4700,2
37098997941333,10:18:18.997,119.4700,2
37099065137742,10:18:19.065,119.4700,2
37099115115851,10:18:19.115,119.4700,2
37099172019562,10:18:19.172,119.4700,2
37099224534591,10:18:19.224,119.4700,2
37099272573735,10:18:19.272,119.4700,2
37101798056799,10:18:21.798,119.6000,100
37101798082989,10:18:21.798,119.6100,100
37101798149239,10:18:21.798,119.6000,42
37105529138697,10:18:25.529,119.5600,2
37105585122686,10:18:25.585,119.5600,2
37105638744060,10:18:25.638,119.5600,2
37105687673199,10:18:25.687,119.5600,2
37105733082197,10:18:25.733,119.5600,2
37105865347111,10:18:25.865,119.5600,2
37105916127880,10:18:25.916,119.5600,2
37105968640066,10:18:25.968,119.5600,2
37106010802639,10:18:26.010,119.5600,2
37106088007875,10:18:26.088,119.5600,2
37114557403970,10:18:34.557,119.5600,2
37114617443720,10:18:34.617,119.5600,2
37114674604920,10:18:34.674,119.5600,2
37114721125604,10:18:34.721,119.5600,2
37114769555893,10:18:34.769,119.5600,2
37114818115456,10:18:34.818,119.5600,2
37114881022589,10:18:34.881,119.5600,2
37114961151212,10:18:34.961,119.5600,2
37115008575595,10:18:35.008,119.5600,2
37115057181529,10:18:35.057,119.5600,2
37115814986513,10:18:35.814,119.5600,24
37161938659974,10:19:21.938,119.5800,2
37162012632196,10:19:22.012,119.5800,2
37162048793135,10:19:22.048,119.5800,2
37162099999984,10:19:22.099,119.5800,2
37162142920348,10:19:22.142,119.5800,2
37162185040332,10:19:22.185,119.5800,2
37162269702755,10:19:22.269,119.5800,2
37162319929422,10:19:22.319,119.5800,2
37162373952307,10:19:22.373,119.5800,2
37162423099534,10:19:22.423,119.5800,2
37183719480487,10:19:43.719,119.5800,2
37201252314174,10:20:01.252,119.5850,9
37221826180837,10:20:21.826,119.7500,9
37221826496546,10:20:21.826,119.7500,5
37221826534460,10:20:21.826,119.7600,14
37221861118627,10:20:21.861,119.8700,100
37221862271442,10:20:21.862,119.8800,100
37233518745991,10:20:33.518,119.9800,100
37233518838339,10:20:33.518,119.9800,100
37233518845121,10:20:33.518,119.9800,100
37233518904589,10:20:33.518,119.9800,100
37233519922985,10:20:33.519,119.9800,100
37233521572802,10:20:33.521,119.9800,100
37236322811871,10:20:36.322,119.8800,2
37236322886458,10:20:36.322,119.9800,100
37236322886458,10:20:36.322,119.9800,100
37236323006051,10:20:36.323,119.9800,100
37236323076068,10:20:36.323,119.9800,85
37236564364823,10:20:36.564,119.8800,2
37236617494893,10:20:36.617,119.8800,2
37236687101696,10:20:36.687,119.8800,2
37236737298164,10:20:36.737,119.8800,2
37236798205439,10:20:36.798,119.8800,2
37237147839435,10:20:37.147,119.9800,15
37237147839435,10:20:37.147,119.9800,85
37237147866673,10:20:37.147,119.9800,15
37243521841056,10:20:43.521,119.9800,100
37253523818000,10:20:53.523,119.9800,100
37259508839102,10:20:59.508,119.9800,100
37259508839102,10:20:59.508,119.9800,119
37259772719034,10:20:59.772,119.9800,100
37263525493842,10:21:03.525,119.9800,100
37263525493842,10:21:03.525,119.9800,50
37273528622331,10:21:13.528,119.9800,100
37273528719752,10:21:13.528,119.9800,100
37273528722902,10:21:13.528,119.9800,100
37273528779040,10:21:13.528,119.9800,100
37273531969537,10:21:13.531,119.9800,100
37273531969537,10:21:13.531,119.9800,50
37273537674294,10:21:13.537,119.9800,100
37290744515140,10:21:30.744,119.9700,50
37290744515140,10:21:30.744,119.9800,50
37290744591829,10:21:30.744,119.9800,50
37290745053770,10:21:30.745,119.9800,100
37424175582932,10:23:44.175,119.9600,50
37424175582932,10:23:44.175,119.9600,50
37435298957861,10:23:55.298,119.9200,75
37435298983992,10:23:55.298,119.9200,25
37435298983992,10:23:55.298,119.9200,100
37436551383366,10:23:56.551,119.9500,9
37436552747619,10:23:56.552,119.9800,100
37436676638560,10:23:56.676,119.9800,100
37436677777804,10:23:56.677,119.9800,100
37440638821519,10:24:00.638,120.0000,200
37440638821519,10:24:00.638,120.0000,50
37440638821519,10:24:00.638,120.0000,100
37440642312830,10:24:00.642,120.1200,100
37442226474979,10:24:02.226,119.9600,2
37442336261235,10:24:02.336,119.9300,2
37442388691673,10:24:02.388,119.9200,2
37442466101116,10:24:02.466,119.9200,2
37442505456003,10:24:02.505,119.9200,2
37442555529502,10:24:02.555,119.9200,2
37442611650800,10:24:02.611,119.9200,2
37442662279809,10:24:02.662,119.9200,2
37442706060651,10:24:02.706,119.9200,2
37442742001077,10:24:02.742,119.9200,2
37457581054659,10:24:17.581,119.8900,2
37457639113369,10:24:17.639,119.8900,2
37459837725323,10:24:19.837,119.8900,2
37459895022509,10:24:19.895,119.8900,2
37462729340537,10:24:22.729,120.0000,100
37462729340537,10:24:22.729,120.0000,9
37462946573334,10:24:22.946,120.0000,2
37463014513776,10:24:23.014,120.0000,2
37463066279638,10:24:23.066,120.0000,2
37463114559989,10:24:23.114,120.0000,2
37463229273734,10:24:23.229,120.0000,2
37516096274285,10:25:16.096,120.1300,100
37516096274285,10:25:16.096,120.1300,100
37516096274285,10:25:16.096,120.1300,100
37516096471569,10:25:16.096,120.1400,100
37516507338364,10:25:16.507,120.0600,2
37516905062492,10:25:16.905,120.0600,2
37516959674752,10:25:16.959,120.0600,2
37517018066140,10:25:17.018,120.0600,2
37529569161621,10:25:29.569,120.0600,2
37529679663734,10:25:29.679,120.0600,2
37529729999274,10:25:29.729,120.0600,2
37529815007402,10:25:29.815,120.0600,2
37529867275316,10:25:29.867,120.0600,2
37529911587444,10:25:29.911,120.0600,2
37529964004872,10:25:29.964,120.0600,2
37530010232828,10:25:30.010,120.0600,2
37530017796417,10:25:30.017,120.0600,2
37530061586140,10:25:30.061,120.0600,2
37538880421003,10:25:38.880,120.0600,2
37538938994880,10:25:38.938,120.0600,2
37538998783736,10:25:38.998,120.0600,2
37539042611543,10:25:39.042,120.0600,2
37556416446352,10:25:56.416,120.1900,92
37556416521927,10:25:56.416,120.2000,100
37556416521927,10:25:56.416,120.2000,15
37556417194797,10:25:56.417,120.2900,67
37556417321045,10:25:56.417,120.2100,100
37556419286458,10:25:56.419,120.2900,33
37556419286458,10:25:56.419,120.2900,100
37556438106071,10:25:56.438,120.2900,100
37565165789121,10:26:05.165,120.4400,10
37570258097536,10:26:10.258,120.4000,2
37570314056660,10:26:10.314,120.4000,2
37570365857447,10:26:10.365,120.4000,2
37570415965333,10:26:10.415,120.4000,2
37570498880119,10:26:10.498,120.4000,2
37570567817163,10:26:10.567,120.4000,2
37570618430058,10:26:10.618,120.4000,2
37570674372871,10:26:10.674,120.4000,2
37570728241887,10:26:10.728,120.4000,2
37570773381427,10:26:10.773,120.4000,2
37571414593516,10:26:11.414,120.6400,100
37571414691100,10:26:11.414,120.5000,10
37574224946602,10:26:14.224,120.4900,2
37574288662650,10:26:14.288,120.4900,2
37574330037306,10:26:14.330,120.4900,2
37574377231653,10:26:14.377,120.4900,2
37574431528433,10:26:14.431,120.4900,2
37574499212524,10:26:14.499,120.4900,2
37574556945824,10:26:14.556,120.4900,2
37574607908433,10:26:14.607,120.4900,2
37574655129639,10:26:14.655,120.4900,2
37574708634341,10:26:14.708,120.4900,2
37580256868369,10:26:20.256,120.6300,50
37580256868369,10:26:20.256,120.6400,10
37580256868369,10:26:20.256,120.6800,100
37626927308967,10:27:06.927,120.5000,100
37631615303513,10:27:11.615,120.6200,150
37631615303513,10:27:11.615,120.6500,100
37631615303513,10:27:11.615,120.6500,100
37631615402281,10:27:11.615,120.5600,10
37632145291185,10:27:12.145,120.6500,10
37632146089113,10:27:12.146,120.7000,5
37632149148106,10:27:12.149,120.7900,100
37632149207682,10:27:12.149,120.7900,100
37632149250959,10:27:12.149,120.7900,100
37632149275504,10:27:12.149,120.7900,100
37640471376416,10:27:20.471,120.9700,100
37666304591067,10:27:46.304,120.6600,80
37666304591067,10:27:46.304,120.6500,100
37666304591067,10:27:46.304,120.6400,20
37666769917631,10:27:46.769,120.6200,2
37687866889635,10:28:07.866,120.6300,100
37687866984499,10:28:07.866,120.6200,50
37687866984963,10:28:07.866,120.6200,4
37687867027382,10:28:07.867,120.6200,42
37687867039333,10:28:07.867,120.6200,2
37687867039333,10:28:07.867,120.6200,43
37687867123018,10:28:07.867,120.6200,57
37687867155443,10:28:07.867,120.6100,20
37687867164146,10:28:07.867,120.6100,80
37687867164146,10:28:07.867,120.6100,1
37687867180367,10:28:07.867,120.6100,70
37687873102609,10:28:07.873,120.6100,29
37687873102609,10:28:07.873,120.6100,17
37687873104219,10:28:07.873,120.6100,50
37687873896412,10:28:07.873,120.6600,100
37689259535074,10:28:09.259,120.6300,100
37689259535074,10:28:09.259,120.6300,100
37689259535074,10:28:09.259,120.6300,100
37689259570709,10:28:09.259,120.6100,17
37689259630438,10:28:09.259,120.5800,100
37695966258768,10:28:15.966,120.5500,2
37696022261498,10:28:16.022,120.5500,2
37696073868281,10:28:16.073,120.5500,2
37696119347319,10:28:16.119,120.5500,2
37696167803877,10:28:16.167,120.5500,2
37696212272313,10:28:16.212,120.5500,2
37696277258132,10:28:16.277,120.5500,2
37696327828932,10:28:16.327,120.5500,2
37696510764687,10:28:16.510,120.5500,2
37710165224190,10:28:30.165,120.7400,100
37710165300887,10:28:30.165,120.7400,100
37724402139524,10:28:44.402,120.7400,100
37724402214413,10:28:44.402,120.7400,100
37736910506252,10:28:56.910,120.7400,10
37736910531436,10:28:56.910,120.7400,90
37736910531436,10:28:56.910,120.7400,11
37738140730013,10:28:58.140,120.7400,100
37740010341278,10:29:00.010,120.7300,100
37740010341278,10:29:00.010,120.7400,100
37740068305390,10:29:00.068,120.7200,40
37740195263272,10:29:00.195,120.7400,100
37740427639520,10:29:00.427,120.7300,50
37740427639520,10:29:00.427,120.7300,40
37740427639520,10:29:00.427,120.7200,10
37740427692484,10:29:00.427,120.7200,1
37740427692484,10:29:00.427,120.7200,89
37740427692484,10:29:00.427,120.7100,10
37740427723660,10:29:00.427,120.7100,90
37740427864174,10:29:00.427,120.7100,15
37740427864174,10:29:00.427,120.7100,35
37740427864174,10:29:00.427,120.7100,25
37740428094127,10:29:00.428,120.6900,100
37741428925450,10:29:01.428,120.6900,100
37752117022984,10:29:12.117,120.6800,1
37752117022984,10:29:12.117,120.6800,1
37752117419378,10:29:12.117,120.6800,10
37760228573424,10:29:20.228,120.6800,89
37760228573424,10:29:20.228,120.6800,11
37760228616695,10:29:20.228,120.6800,69
37760228618606,10:29:20.228,120.6800,20
37768164146280,10:29:28.164,120.6400,35
37768164190901,10:29:28.164,120.6400,65
37772274819255,10:29:32.274,120.5400,2
37772334397729,10:29:32.334,120.5100,2
37772334772326,10:29:32.334,120.5100,1
37772384106723,10:29:32.384,120.5100,2
37772433759925,10:29:32.433,120.5100,2
37772482379689,10:29:32.482,120.5100,2
37772525337645,10:29:32.525,120.5100,2
37772622580188,10:29:32.622,120.5100,2
37772667939320,10:29:32.667,120.5100,2
37772714555735,10:29:32.714,120.5100,2
37772761847975,10:29:32.761,120.5100,2
37772937932144,10:29:32.937,120.5100,2
37781944976079,10:29:41.944,120.5100,2
37782002930419,10:29:42.002,120.5100,2
37782054497273,10:29:42.054,120.5100,2
37782113057304,10:29:42.113,120.5100,2
37782181563269,10:29:42.181,120.5100,2
37782226142602,10:29:42.226,120.5100,2
37782302178191,10:29:42.302,120.5100,2
37782337249204,10:29:42.337,120.5100,2
37782383467636,10:29:42.383,120.5100,2
37782444297210,10:29:42.444,120.5100,2
37820741325260,10:30:20.741,120.6300,10
37820741371244,10:30:20.741,120.6400,100
37820741375265,10:30:20.741,120.6500,13
37820741375265,10:30:20.741,120.7000,37
37820741376016,10:30:20.741,120.7000,37
37820741430968,10:30:20.741,120.7000,26
37820741430968,10:30:20.741,120.7100,37
37820741433257,10:30:20.741,120.7100,50
37820771428931,10:30:20.771,120.7100,13
37831431161348,10:30:31.431,120.6250,2
37831486258708,10:30:31.486,120.6250,2
37831538570704,10:30:31.538,120.6250,2
37831585223574,10:30:31.585,120.6250,2
37831631556041,10:30:31.631,120.6250,2
37831674581942,10:30:31.674,120.6250,2
37831728336384,10:30:31.728,120.6250,2
37831779308616,10:30:31.779,120.6250,2
37831843559709,10:30:31.843,120.6250,2
37831917468848,10:30:31.917,120.6250,2
37841634382095,10:30:41.634,120.6250,2
37841726187797,10:30:41.726,120.6250,2
37841779139482,10:30:41.779,120.6250,2
37841828533510,10:30:41.828,120.6250,2
37841873896970,10:30:41.873,120.6250,2
37841918883993,10:30:41.918,120.6250,2
37841971434377,10:30:41.971,120.6250,2
37842024295391,10:30:42.024,120.6250,2
37842073435991,10:30:42.073,120.6250,2
37842121825992,10:30:42.121,120.6250,2
37842169010226,10:30:42.169,120.6250,2
37842226124556,10:30:42.226,120.6250,2
37842278463225,10:30:42.278,120.6250,2
37842322548154,10:30:42.322,120.6250,2
37842401338873,10:30:42.401,120.6250,2
37842459895021,10:30:42.459,120.6250,2
37842483695845,10:30:42.483,120.6250,2
37842541608290,10:30:42.541,120.6250,2
37842591015632,10:30:42.591,120.6250,2
37847499135645,10:30:47.499,120.6250,2
37872695591199,10:31:12.695,120.7300,100
37873429374022,10:31:13.429,120.6300,40
37873429374022,10:31:13.429,120.5500,18
37956251405278,10:32:36.251,120.5500,2
38003553562372,10:33:23.553,120.5500,2
38016340439802,10:33:36.340,120.5200,9
38016340483272,10:33:36.340,120.5200,91
38016340496564,10:33:36.340,120.5100,21
38016340512510,10:33:36.340,120.5100,7
38016340519801,10:33:36.340,120.5100,9
38016340521722,10:33:36.340,120.5100,23
38016340537010,10:33:36.340,120.5100,40
38052116394209,10:34:12.116,120.4700,2
38076547748885,10:34:36.547,120.4500,2
38079345460955,10:34:39.345,120.5800,40
38109879130689,10:35:09.879,120.6200,10
38109879130689,10:35:09.879,120.6200,100
38109879332209,10:35:09.879,120.6200,5
38120019429756,10:35:20.019,120.5800,100
38120019526516,10:35:20.019,120.5800,100
38151186972568,10:35:51.186,120.5550,100
38151187047486,10:35:51.187,120.4900,100
38151212098954,10:35:51.212,120.5600,10
38177128909667,10:36:17.128,120.5000,10
38197527121478,10:36:37.527,120.6000,100
38197527157696,10:36:37.527,120.6100,10
38197527157696,10:36:37.527,120.6100,31
38197527159264,10:36:37.527,120.6100,50
38197527243766,10:36:37.527,120.6100,19
38234782638973,10:37:14.782,120.5000,10
38256035490766,10:37:36.035,120.4400,2
38257512403220,10:37:37.512,120.4400,2
38266069511462,10:37:46.069,120.4300,2
38266069893723,10:37:46.069,120.4300,5
38266069924305,10:37:46.069,120.4300,93
38266069924305,10:37:46.069,120.4300,93
38266069963030,10:37:46.069,120.4300,7
38266440434845,10:37:46.440,120.4400,94
38266440434845,10:37:46.440,120.3500,6
38266440466670,10:37:46.440,120.3500,68
38289526475379,10:38:09.526,120.5400,100
38289526505139,10:38:09.526,120.5500,49
38301025504263,10:38:21.025,120.5600,100
38301025533199,10:38:21.025,120.5600,100
38324311113491,10:38:44.311,120.7000,10
38324313273290,10:38:44.313,120.7400,100
38324313384824,10:38:44.313,120.7400,100
38324313384824,10:38:44.313,120.7400,100
38324317066528,10:38:44.317,120.7400,100
38324647761566,10:38:44.647,120.7400,100
38324648033003,10:38:44.648,120.7400,100
38327629713185,10:38:47.629,120.7400,100
38327629739153,10:38:47.629,120.7400,200
38327629741668,10:38:47.629,120.7400,200
38327630947372,10:38:47.630,120.7400,100
38330631313693,10:38:50.631,120.7400,31
38342149063146,10:39:02.149,120.7400,69
38342149063146,10:39:02.149,120.7400,31
38342149134210,10:39:02.149,120.7400,69
38342149158458,10:39:02.149,120.7400,69
38342176105926,10:39:02.176,120.7400,31
38342176105926,10:39:02.176,120.7400,69
38356119007092,10:39:16.119,120.7400,31
38356119007092,10:39:16.119,120.7400,100
38356119007092,10:39:16.119,120.7400,69
38356119038640,10:39:16.119,120.7400,31
38361586714213,10:39:21.586,120.7400,100
38422235596974,10:40:22.235,120.6700,12
38434378623209,10:40:34.378,120.6700,35
38476166890234,10:41:16.166,120.6200,53
38476166890234,10:41:16.166,120.6200,26
38503340784936,10:41:43.340,120.7200,100
38503341187279,10:41:43.341,120.7200,10
38503371283833,10:41:43.371,120.7400,100
38509767961135,10:41:49.767,120.7400,100
38511779713622,10:41:51.779,120.7400,100
38511780754991,10:41:51.780,120.7400,100
38511780754991,10:41:51.780,120.7400,500
38511781925562,10:41:51.781,120.7400,100
38560713526897,10:42:40.713,120.8100,10
38575159139376,10:42:55.159,120.8200,100
38575159166117,10:42:55.159,120.8200,10
38575159166117,10:42:55.159,120.8200,100
38575160011218,10:42:55.160,120.8400,50
38575160027728,10:42:55.160,120.8400,50
38575165710623,10:42:55.165,120.8700,490
38575165735431,10:42:55.165,120.8700,10
38575261111726,10:42:55.261,120.9500,100
38576629512308,10:42:56.629,120.9800,100
38576629536708,10:42:56.629,120.9800,100
38576630610084,10:42:56.630,120.9800,100
38579491555096,10:42:59.491,120.9800,100
38579491649898,10:42:59.491,120.9800,100
38579491883623,10:42:59.491,120.9800,100
38579492156529,10:42:59.492,120.9800,74
38579492184274,10:42:59.492,120.9800,26
38579492212474,10:42:59.492,120.9800,26
38579492702169,10:42:59.492,120.9800,74
38579492702169,10:42:59.492,120.9800,26
38579492982453,10:42:59.492,120.9800,74
38579492982453,10:42:59.492,120.9800,20
38579493004190,10:42:59.493,120.9800,80
38579493004190,10:42:59.493,120.9800,14
38580135751037,10:43:00.135,120.9800,45
38580411175207,10:43:00.411,120.9800,55
38580411175207,10:43:00.411,120.9800,45
38580411600459,10:43:00.411,120.9800,55
38580411600459,10:43:00.411,120.9800,45
38580412285533,10:43:00.412,120.9800,55
38580412285533,10:43:00.412,120.9800,100
38580412285533,10:43:00.412,120.9800,645
38580412384187,10:43:00.412,120.9800,100
38580412384187,10:43:00.412,120.9800,100
38580412653266,10:43:00.412,120.9800,100
38580412805226,10:43:00.412,120.9800,100
38580412872101,10:43:00.412,120.9800,41
38580413554143,10:43:00.413,121.0200,100
38580413597119,10:43:00.413,121.0300,100
38582630557530,10:43:02.630,121.0500,50
38615317077298,10:43:35.317,121.1800,100
38632446136407,10:43:52.446,121.4500,100
38636302730441,10:43:56.302,121.4500,100
38637450712800,10:43:57.450,121.4500,100
38645692073830,10:44:05.692,121.4500,100
38645692073830,10:44:05.692,121.3900,100
38645692100452,10:44:05.692,121.3900,100
38646629501002,10:44:06.629,121.4700,100
38657475427181,10:44:17.475,121.4800,100
38657475427181,10:44:17.475,121.4800,10
38675583335909,10:44:35.583,121.6100,100
38676584508424,10:44:36.584,121.6200,100
38676584543144,10:44:36.584,121.6200,100
38722125192531,10:45:22.125,121.7700,100
38722173410048,10:45:22.173,121.6500,46
38722173417749,10:45:22.173,121.6500,54
38722173417749,10:45:22.173,121.6400,30
38722173431260,10:45:22.173,121.6400,65
38722173911882,10:45:22.173,121.6400,5
38722173911882,10:45:22.173,121.6400,100
38722173911882,10:45:22.173,121.6400,100
38723133961872,10:45:23.133,121.5800,100
38723135646520,10:45:23.135,121.5600,100
38725347393868,10:45:25.347,121.5000,100
38725347393868,10:45:25.347,121.5000,100
38725347393868,10:45:25.347,121.5000,100
38750400298591,10:45:50.400,121.5500,100
38750400715611,10:45:50.400,121.5600,11
38750400715611,10:45:50.400,121.5600,100
38808013784897,10:46:48.013,121.3800,100
38808013787603,10:46:48.013,121.3500,100
38808014323237,10:46:48.014,121.2800,150
38808014323237,10:46:48.014,121.2800,100
38865325991588,10:47:45.325,121.2200,4
38933085395272,10:48:53.085,121.2000,100
38933085400219,10:48:53.085,121.2000,47
38933085400219,10:48:53.085,121.2000,12
38993371571449,10:49:53.371,121.0700,2
39012195289361,10:50:12.195,121.0600,2
39012195318001,10:50:12.195,121.0600,14
39060392013020,10:51:00.392,121.0100,2
39060448015530,10:51:00.448,121.0100,2
39060497998540,10:51:00.497,121.0100,2
39060546056018,10:51:00.546,121.0100,2
39060593447398,10:51:00.593,121.0100,2
39060637024434,10:51:00.637,121.0100,2
39060686297149,10:51:00.686,121.0100,2
39060752543803,10:51:00.752,121.0100,2
39060809083545,10:51:00.809,121.0100,2
39090861784153,10:51:30.861,121.1500,100
39090861784153,10:51:30.861,121.1500,100
39090861784153,10:51:30.861,121.1500,200
39090861817404,10:51:30.861,121.1500,100
39090861822828,10:51:30.861,121.1500,100
39096572439183,10:51:36.572,121.2200,2
39129719375075,10:52:09.719,121.1600,2
39129719765309,10:52:09.719,121.1600,3
39130156190748,10:52:10.156,121.1600,2
39130156641174,10:52:10.156,121.1600,93
39130156641174,10:52:10.156,121.1600,26
39130156672874,10:52:10.156,121.1600,74
39130156672874,10:52:10.156,121.1600,100
39180171837032,10:53:00.171,121.0000,50
39180171838498,10:53:00.171,121.0000,50
39180171838498,10:53:00.171,121.0000,47
39180172161850,10:53:00.172,121.0000,53
39180172161850,10:53:00.172,121.0000,100
39180172190520,10:53:00.172,121.0000,100
39180172424737,10:53:00.172,121.0000,4
39180172449561,10:53:00.172,121.0000,96
39180172472113,10:53:00.172,121.0000,96
39180172511317,10:53:00.172,121.0000,4
39180172511317,10:53:00.172,121.0000,96
39180172616021,10:53:00.172,121.0000,4
39180172666471,10:53:00.172,121.0000,96
39180172803193,10:53:00.172,121.0000,3
39180173191512,10:53:00.173,121.0100,37
39180173246456,10:53:00.173,121.0100,12
39185977571807,10:53:05.977,121.0000,50
39185977979477,10:53:05.977,121.0000,2
39185978929954,10:53:05.978,121.0000,3
39197778124948,10:53:17.778,121.1200,100
39197778716129,10:53:17.778,121.1200,100
39199571347339,10:53:19.571,121.1300,100
39199571377009,10:53:19.571,121.1300,8
39199571377009,10:53:19.571,121.1300,100
39199571377009,10:53:19.571,121.1300,100
39199571377009,10:53:19.571,121.1300,10
39230050539757,10:53:50.050,121.0300,100
39234794117777,10:53:54.794,121.0300,63
39254448618910,10:54:14.448,121.1000,50
39254448618910,10:54:14.448,121.1100,10
39254448618910,10:54:14.448,121.1100,50
39254448646964,10:54:14.448,121.1100,50
39254449052648,10:54:14.449,121.1200,99
39262519261496,10:54:22.519,121.0800,100
39262703960014,10:54:22.703,121.1200,100
39262913099167,10:54:22.913,121.1300,100
39266651272330,10:54:26.651,121.2100,100
39311314943173,10:55:11.314,121.3400,31
39311314952101,10:55:11.314,121.3400,50
39311314956157,10:55:11.314,121.3400,19
39311314956157,10:55:11.314,121.3400,47
39311315004152,10:55:11.315,121.3400,53
39311315004152,10:55:11.315,121.3400,9
39383885369649,10:56:23.885,121.4000,100
39433689965417,10:57:13.689,121.3100,100
39433696767206,10:57:13.696,121.2500,100
39433696796585,10:57:13.696,121.2000,13
39433696803982,10:57:13.696,121.2000,87
39446052958787,10:57:26.052,121.3000,50
39446052958787,10:57:26.052,121.3200,40
39446054394237,10:57:26.054,121.3500,90
39446630239365,10:57:26.630,121.3600,1
39446630239365,10:57:26.630,121.3600,100
39446630239365,10:57:26.630,121.3600,10
39571020401255,10:59:31.020,121.2600,100
39574204777735,10:59:34.204,121.2900,200
39618038251760,11:00:18.038,121.3400,2
39635629848634,11:00:35.629,121.2400,1
39635630237726,11:00:35.630,121.2400,3
39656663067372,11:00:56.663,121.2500,99
39656663067372,11:00:56.663,121.2500,1
39656663477079,11:00:56.663,121.2500,10
39656663504212,11:00:56.663,121.2500,10
39656663505709,11:00:56.663,121.2500,11
39656663505709,11:00:56.663,121.2400,19
39656663512013,11:00:56.663,121.2400,11
39656663565962,11:00:56.663,121.2300,7
39656663594897,11:00:56.663,121.2300,93
39656663712239,11:00:56.663,121.0400,100
39666667788942,11:01:06.667,121.3200,10
39666667788942,11:01:06.667,121.3200,90
39666667823002,11:01:06.667,121.3200,10
39666667877184,11:01:06.667,121.3200,10
39666667877184,11:01:06.667,121.3100,90
39666667905868,11:01:06.667,121.3100,10
39666667929464,11:01:06.667,121.3100,20
39666667933631,11:01:06.667,121.3100,20
39666667997596,11:01:06.667,121.3100,14
39666668273118,11:01:06.668,121.3100,2
39720835129041,11:02:00.835,121.4300,50
39759667375784,11:02:39.667,121.3900,1
39759825914138,11:02:39.825,121.4100,1
39796009656858,11:03:16.009,121.3400,100
39805044156351,11:03:25.044,121.3200,2
39809440553375,11:03:29.440,121.3900,50
39809440553375,11:03:29.440,121.4200,70
39809440553375,11:03:29.440,121.4400,80
39809440553375,11:03:29.440,121.4400,6
39815018393265,11:03:35.018,121.3200,2
39815023411899,11:03:35.023,121.4100,50
39815023411899,11:03:35.023,121.4300,150
39815038015589,11:03:35.038,121.4400,100
39815038050628,11:03:35.038,121.4400,100
39815038050628,11:03:35.038,121.4400,100
39815038124637,11:03:35.038,121.4400,32
39815038135251,11:03:35.038,121.4400,68
39817082640833,11:03:37.082,121.4200,8
39817082640833,11:03:37.082,121.4200,100
39817082640833,11:03:37.082,121.4400,1
39817084316747,11:03:37.084,121.4400,99
39817084316747,11:03:37.084,121.4400,9
39834430718912,11:03:54.430,121.5000,150
39834430758968,11:03:54.430,121.5000,350
39834430758968,11:03:54.430,121.5000,100
39834432487955,11:03:54.432,121.5100,4
39834432739372,11:03:54.432,121.5100,4
39834432783793,11:03:54.432,121.5100,92
39834432818104,11:03:54.432,121.5300,4
39834432841807,11:03:54.432,121.5300,96
39844325810459,11:04:04.325,121.5900,100
39844325810459,11:04:04.325,121.6100,10
39874160453207,11:04:34.160,121.6200,100
39874160480301,11:04:34.160,121.6200,10
39874160480301,11:04:34.160,121.6200,3
39878020158100,11:04:38.020,121.6700,1
39878020245054,11:04:38.020,121.7100,10
39878020676621,11:04:38.020,121.6700,7
39878020713225,11:04:38.020,121.6700,3
39878021073154,11:04:38.021,121.7100,3
39921385659333,11:05:21.385,121.5900,1
39921385659333,11:05:21.385,121.5700,1
39939275154208,11:05:39.275,121.7600,11
39940007963034,11:05:40.007,121.7500,1
39940293938185,11:05:40.293,121.7500,52
39942312455733,11:05:42.312,121.7600,100
39942312458305,11:05:42.312,121.7000,40
39942312458305,11:05:42.312,121.6900,60
39945377335144,11:05:45.377,121.7600,3
39945377407972,11:05:45.377,121.6800,100
39945377407972,11:05:45.377,121.6800,100
40001037853770,11:06:41.037,121.5100,1
40042049510782,11:07:22.049,121.4200,114
40042049516484,11:07:22.049,121.4200,86
40042049595134,11:07:22.049,121.3700,6
40050362096196,11:07:30.362,121.3400,100
40050362113826,11:07:30.362,121.3400,100
40050362121740,11:07:30.362,121.3400,37
40050362121740,11:07:30.362,121.3400,52
40050362127232,11:07:30.362,121.3400,34
40050362868644,11:07:30.362,121.3600,98
40050363674051,11:07:30.363,121.3300,2
40050363674051,11:07:30.363,121.2900,15
40061051448536,11:07:41.051,121.4100,100
40061051448536,11:07:41.051,121.4200,100
40061051448536,11:07:41.051,121.4200,10
40061051448536,11:07:41.051,121.4200,100
40061051448536,11:07:41.051,121.4200,100
40061051482554,11:07:41.051,121.4200,100
40063835216629,11:07:43.835,121.4900,100
40063835271138,11:07:43.835,121.5000,100
40063835285384,11:07:43.835,121.5000,150
40126011050607,11:08:46.011,121.5300,1
40126011137906,11:08:46.011,121.6000,10
40128301970368,11:08:48.301,121.6500,10
40128302022939,11:08:48.302,121.6600,10
40128302113639,11:08:48.302,121.7100,93
40128302122992,11:08:48.302,121.7100,7
40187010020979,11:09:47.010,121.7300,1
40187010360776,11:09:47.010,121.7300,10
40210868162638,11:10:10.868,121.6600,4
40225685308832,11:10:25.685,121.8300,5
40225685308832,11:10:25.685,121.8600,89
40225685322463,11:10:25.685,121.8600,11
40225685322463,11:10:25.685,121.8600,1
40225685322463,11:10:25.685,121.8600,5
40225685417657,11:10:25.685,121.8600,5
40225695658080,11:10:25.695,121.8700,72
40226185467267,11:10:26.185,121.8800,5
40226185503008,11:10:26.185,121.8800,95
40226185977377,11:10:26.185,121.8900,100
40226186288656,11:10:26.186,121.9700,5
40226186424562,11:10:26.186,121.9700,5
40226186552503,11:10:26.186,121.9700,5
40249008541512,11:10:49.008,121.8700,1
40249008584785,11:10:49.008,121.8700,1
40311032698025,11:11:51.032,121.8400,2
40311033891715,11:11:51.033,121.8600,150
40311033891715,11:11:51.033,121.8800,10
40311033891715,11:11:51.033,121.9000,40
40311034340923,11:11:51.034,121.9000,60
40311034340923,11:11:51.034,121.9100,100
40311034340923,11:11:51.034,121.9100,40
40311034370517,11:11:51.034,121.9100,60
40311034463902,11:11:51.034,121.9300,100
40311414740343,11:11:51.414,121.9800,52
40311414751798,11:11:51.414,121.9800,19
40311414766188,11:11:51.414,121.9800,29
40311414766188,11:11:51.414,121.9800,19
40311414791767,11:11:51.414,121.9800,48
40311414817035,11:11:51.414,121.9800,6
40311415034400,11:11:51.415,121.9800,94
40311415034400,11:11:51.415,121.9800,6
40311415171186,11:11:51.415,121.9800,94
40311415171186,11:11:51.415,121.9800,1
40311415995155,11:11:51.415,121.9800,99
40311415995155,11:11:51.415,121.9800,1
40311416001448,11:11:51.416,121.9800,50
40311416024255,11:11:51.416,121.9800,49
40311416024255,11:11:51.416,121.9800,50
40314416754868,11:11:54.416,121.9200,10
40314416754868,11:11:54.416,121.9200,100
40362327092355,11:12:42.327,121.9100,50
40362327092355,11:12:42.327,121.9000,150
40362327092355,11:12:42.327,121.8900,100
40362327092355,11:12:42.327,121.8800,50
40362327092355,11:12:42.327,121.8700,50
40362327124317,11:12:42.327,121.8700,50
40362327124317,11:12:42.327,121.8700,100
40362327124317,11:12:42.327,121.8700,100
40362327124317,11:12:42.327,121.8700,100
40362327189862,11:12:42.327,121.8600,60
40362327663979,11:12:42.327,121.8600,40
40362327663979,11:12:42.327,121.8600,50
40362327663979,11:12:42.327,121.8600,100
40362327707716,11:12:42.327,121.8500,100
40435037372941,11:13:55.037,121.8800,1
40501789424336,11:15:01.789,121.9800,100
40501789424336,11:15:01.789,121.9800,52
40501789872094,11:15:01.789,121.9800,48
40501789872094,11:15:01.789,121.9800,10
40501789872094,11:15:01.789,121.9800,42
40501789900329,11:15:01.789,121.9800,58
40501789926986,11:15:01.789,121.9800,58
40501790011172,11:15:01.790,121.9800,100
40501790795811,11:15:01.790,121.9800,100
40501791375415,11:15:01.791,121.9800,100
40501791439104,11:15:01.791,121.9800,6
40501791542387,11:15:01.791,122.0000,5
40501791542387,11:15:01.791,122.0000,1
40501791564169,11:15:01.791,121.9800,100
40501791864280,11:15:01.791,121.9800,100
40501792079707,11:15:01.792,121.9800,100
40501794294545,11:15:01.794,121.9800,100
40501794294545,11:15:01.794,121.9800,100
40509859963703,11:15:09.859,121.9400,17
40509860658854,11:15:09.860,121.8800,100
40545480896538,11:15:45.480,121.8000,50
40545480896538,11:15:45.480,121.8000,35
40545480896538,11:15:45.480,121.8000,38
40545480938911,11:15:45.480,121.8000,26
40545481447539,11:15:45.481,121.7900,23
40545481447539,11:15:45.481,121.7900,100
40545481530525,11:15:45.481,121.7800,2
40545481584460,11:15:45.481,121.7800,74
40576993263877,11:16:16.993,121.7300,100
40582765818553,11:16:22.765,121.7100,1
40583898815306,11:16:23.898,121.7100,1
40621010439988,11:17:01.010,121.7900,1
40621010807192,11:17:01.010,121.7000,100
40621010807192,11:17:01.010,121.7000,24
40621010807192,11:17:01.010,121.7000,76
40621011193303,11:17:01.011,121.7000,24
40621011193303,11:17:01.011,121.7000,1
40621011221124,11:17:01.011,121.7000,99
40621011312391,11:17:01.011,121.6700,100
40621043735925,11:17:01.043,121.6400,1
40623542740442,11:17:03.542,121.6400,99
40623542740442,11:17:03.542,121.6400,100
40623543642238,11:17:03.543,121.6400,100
40626512922067,11:17:06.512,121.5100,26
40626512949546,11:17:06.512,121.5100,74
40626512949546,11:17:06.512,121.5100,26
40626513674087,11:17:06.513,121.5100,99
40626513676668,11:17:06.513,121.5100,1
40626517323669,11:17:06.517,121.4600,100
40646240169631,11:17:26.240,121.5300,17
40646240169631,11:17:26.240,121.5400,82
40646240169631,11:17:26.240,121.5400,4
40646240169631,11:17:26.240,121.5400,76
40646240169631,11:17:26.240,121.5500,100
40646240169631,11:17:26.240,121.5600,100
40646240169631,11:17:26.240,121.6000,1000
40646240322420,11:17:26.240,121.6700,24
40646240663189,11:17:26.240,121.5400,100
40665359936693,11:17:45.359,121.6700,10
40665360008250,11:17:45.360,121.6700,10
40665360376664,11:17:45.360,121.6900,10
40665360414650,11:17:45.360,121.6900,100
40665360414650,11:17:45.360,121.7000,34
40665360468309,11:17:45.360,121.7000,77
40665360700405,11:17:45.360,121.7000,185
40665360728528,11:17:45.360,121.7000,504
40669849624303,11:17:49.849,121.5700,1
40683026022639,11:18:03.026,121.6400,1
40745014513879,11:19:05.014,121.4900,2
40755813924223,11:19:15.813,121.5400,1
40822029342738,11:20:22.029,121.5400,1
40871011989628,11:21:11.011,121.4600,1
40874807763867,11:21:14.807,121.5000,1
40874807775643,11:21:14.807,121.4600,42
40874807811363,11:21:14.807,121.4600,58
40915206441912,11:21:55.206,121.4300,100
40915206500693,11:21:55.206,121.4400,2
40915206544059,11:21:55.206,121.4400,94
40915206574482,11:21:55.206,121.4400,4
40915207001505,11:21:55.207,121.4700,2
40921469713540,11:22:01.469,121.4300,2
40921469746418,11:22:01.469,121.4300,98
40993081689152,11:23:13.081,121.3600,1
40993810395958,11:23:13.810,121.3300,1
41055027197332,11:24:15.027,121.3600,2
41115807935760,11:25:15.807,121.4000,1
41121016845226,11:25:21.016,121.3900,1
41144161607718,11:25:44.161,121.3000,50
41144161607718,11:25:44.161,121.2900,14
41144161607718,11:25:44.161,121.2900,176
41156218680441,11:25:56.218,121.2400,39
41156218707029,11:25:56.218,121.2400,61
41156218707029,11:25:56.218,121.2400,25
41156218745443,11:25:56.218,121.2300,2
41156218772045,11:25:56.218,121.2100,1
41189013952600,11:26:29.013,121.2700,4
41233807913885,11:27:13.807,121.1600,1
41241011255584,11:27:21.011,121.1600,1
41303012166703,11:28:23.012,121.1500,1
41303681066475,11:28:23.681,121.1300,10
41354808693175,11:29:14.808,121.1600,1
41354808695271,11:29:14.808,121.1650,100
41354808746154,11:29:14.808,121.1200,90
41354808771620,11:29:14.808,121.1200,10
41405018903443,11:30:05.018,121.0300,2
41405018912969,11:30:05.018,121.0300,49
41405018929932,11:30:05.018,121.0300,49
41405018929932,11:30:05.018,121.0300,28
41405019578959,11:30:05.019,121.0000,173
41405019614339,11:30:05.019,121.0000,27
41405026101301,11:30:05.026,121.0000,100
41405027023357,11:30:05.027,121.0000,56
41405027023357,11:30:05.027,121.0000,44
41405027088079,11:30:05.027,121.0000,56
41405027095506,11:30:05.027,120.9900,100
41408003464028,11:30:08.003,120.9100,8
41490720097484,11:31:30.720,121.0800,10
41490720114673,11:31:30.720,121.0900,9
41490720114673,11:31:30.720,121.0900,100
41490720236838,11:31:30.720,121.1000,100
41490720236838,11:31:30.720,121.1000,100
41490720247091,11:31:30.720,121.1000,85
41490720267198,11:31:30.720,121.1000,9
41490720495797,11:31:30.720,121.1000,6
41493285750239,11:31:33.285,121.1800,100
41493285750239,11:31:33.285,121.1900,100
41493285782724,11:31:33.285,121.1900,100
41493287412720,11:31:33.287,121.2800,100
41493288049823,11:31:33.288,121.2900,100
41493289106584,11:31:33.289,121.3100,100
41493289198918,11:31:33.289,121.3200,100
41493720074315,11:31:33.720,121.3600,1
41494820449774,11:31:34.820,121.4100,1
41498527402867,11:31:38.527,121.3100,100
41498527402867,11:31:38.527,121.3100,12
41498530791655,11:31:38.530,121.2100,92
41553704505613,11:32:33.704,121.3300,2
41553704558416,11:32:33.704,121.2900,75
41553704583832,11:32:33.704,121.2900,25
41560816150882,11:32:40.816,121.2800,100
41561799484273,11:32:41.799,121.2800,100
41562887991658,11:32:42.887,121.2200,100
41568740010453,11:32:48.740,121.2200,32
41568740010453,11:32:48.740,121.2200,50
41568740010453,11:32:48.740,121.2100,18
41568740047858,11:32:48.740,121.2100,82
41570584521633,11:32:50.584,121.3200,200
41570584579906,11:32:50.584,121.3300,100
41583312516053,11:33:03.312,121.4300,9
41583312536555,11:33:03.312,121.4400,25
41583312539149,11:33:03.312,121.4400,59
41583312552722,11:33:03.312,121.4400,16
41605847391783,11:33:25.847,121.5500,100
41615010832753,11:33:35.010,121.4700,1
41624299105174,11:33:44.299,121.4100,50
41624299105174,11:33:44.299,121.4000,50
41624299142531,11:33:44.299,121.4000,50
41624299142531,11:33:44.299,121.4000,1
41624299183830,11:33:44.299,121.3900,3
41624299183830,11:33:44.299,121.3800,43
41624299208649,11:33:44.299,121.3800,57
41624320122532,11:33:44.320,121.3600,100
41624323081223,11:33:44.323,121.3200,100
41624323081223,11:33:44.323,121.2700,100
41624324027497,11:33:44.324,121.2800,1
41624324731641,11:33:44.324,121.2800,99
41624324731641,11:33:44.324,121.2700,100
41624324731641,11:33:44.324,121.2700,100
41624324731641,11:33:44.324,121.2600,1
41624325955566,11:33:44.325,121.2800,15
41646033229010,11:34:06.033,121.4500,50
41646033229010,11:34:06.033,121.4600,50
41646033229010,11:34:06.033,121.4600,109
41646033387862,11:34:06.033,121.4700,100
41646033387862,11:34:06.033,121.4700,100
41646033418250,11:34:06.033,121.4700,9
41646033484933,11:34:06.033,121.4700,100
41646033925153,11:34:06.033,121.4700,50
41646034683686,11:34:06.034,121.4700,100
41646720843643,11:34:06.720,121.4600,100
41673748724573,11:34:33.748,121.4200,100
41673748725122,11:34:33.748,121.4200,100
41673748748608,11:34:33.748,121.4200,100
41679550616908,11:34:39.550,121.4300,100
41679551001604,11:34:39.551,121.4400,15
41681078479643,11:34:41.078,121.5000,200
41681078513467,11:34:41.078,121.5000,100
41681739913429,11:34:41.739,121.5000,100
41681739939356,11:34:41.739,121.5000,100
41681739979776,11:34:41.739,121.5000,100
41681740986958,11:34:41.740,121.5000,100
41681741014981,11:34:41.741,121.5000,100
41681741720304,11:34:41.741,121.5000,200
41684086526711,11:34:44.086,121.4900,100
41684743315264,11:34:44.743,121.4300,100
41684743691559,11:34:44.743,121.4300,100
41684744019586,11:34:44.744,121.4300,100
41684744172574,11:34:44.744,121.4300,100
41684744769950,11:34:44.744,121.4300,100
41685871958974,11:34:45.871,121.4500,100
41710811322631,11:35:10.811,121.4400,9
41710811647226,11:35:10.811,121.4400,198
41721303157060,11:35:21.303,121.4300,55
41721303186365,11:35:21.303,121.4300,45
41721303186365,11:35:21.303,121.4300,100
41721303546626,11:35:21.303,121.4300,5
41728606482368,11:35:28.606,121.4300,5
41761175800249,11:36:01.175,121.4300,9
41761175835759,11:36:01.175,121.4300,9
41762919595526,11:36:02.919,121.4300,17
41762919635495,11:36:02.919,121.4300,55
41762919635495,11:36:02.919,121.4300,45
41762919678024,11:36:02.919,121.4300,55
41762919697990,11:36:02.919,121.4300,17
41762919747696,11:36:02.919,121.4300,83
41762920081043,11:36:02.920,121.4300,1
41762920734490,11:36:02.920,121.4300,9
41762920776644,11:36:02.920,121.4300,9
41801011546625,11:36:41.011,121.4400,1
41809387117285,11:36:49.387,121.4300,15
41842896555934,11:37:22.896,121.3700,100
41842896555934,11:37:22.896,121.3700,38
41842896555934,11:37:22.896,121.3700,100
41861795402942,11:37:41.795,121.4200,50
41861795402942,11:37:41.795,121.4200,50
41948658822103,11:39:08.658,121.3900,1
41950031217098,11:39:10.031,121.3700,1
41968226870480,11:39:28.226,121.4800,50
41968226870480,11:39:28.226,121.4900,100
41968226870480,11:39:28.226,121.4900,50
41968226899227,11:39:28.226,121.4900,50
41987621464112,11:39:47.621,121.4600,1
41989499840396,11:39:49.499,121.4600,1
41992234821957,11:39:52.234,121.5500,100
41992234821957,11:39:52.234,121.5500,10
41995001799928,11:39:55.001,121.5600,48
41995001826325,11:39:55.001,121.5600,52
41995001826325,11:39:55.001,121.5600,10
41995002343401,11:39:55.002,121.6000,100
42052268368456,11:40:52.268,121.6500,95
42052268397589,11:40:52.268,121.6500,5
42052268397589,11:40:52.268,121.6500,10
42052268397589,11:40:52.268,121.6500,100
42053056400212,11:40:53.056,121.7500,100
42053056400212,11:40:53.056,121.7500,100
42053057379117,11:40:53.057,121.7800,66
42053057379117,11:40:53.057,121.7400,34
42054055251308,11:40:54.055,121.8000,1
42057758193674,11:40:57.758,121.8000,100
42111027762883,11:41:51.027,121.7300,1
42165564090045,11:42:45.564,121.8900,100
42165564118009,11:42:45.564,121.8900,400
42165564118009,11:42:45.564,121.8900,100
42165564118009,11:42:45.564,121.8900,10
42170827600944,11:42:50.827,121.9400,1
42170827600944,11:42:50.827,121.9200,49
42170828032429,11:42:50.828,121.9100,73
42170828060247,11:42:50.828,121.9100,27
42170828462352,11:42:50.828,121.9100,5
42173297670511,11:42:53.297,121.9700,100
42173297670511,11:42:53.297,121.9800,100
42173794456546,11:42:53.794,121.9800,100
42173794491835,11:42:53.794,121.9800,100
42235320661760,11:43:55.320,121.9800,100
42235320694743,11:43:55.320,121.9800,100
42235320764949,11:43:55.320,121.9800,100
42235321263747,11:43:55.321,121.9800,50
42235322114871,11:43:55.322,121.9800,50
42235322114871,11:43:55.322,121.9800,50
42236223629558,11:43:56.223,121.9700,101
42236287679818,11:43:56.287,121.9700,49
42236287679818,11:43:56.287,121.9700,51
42236397839979,11:43:56.397,121.9800,50
42236397839979,11:43:56.397,121.9800,100
42236397899277,11:43:56.397,121.9800,19
42236397899277,11:43:56.397,121.9900,81
42236397928918,11:43:56.397,121.9900,19
42236398284628,11:43:56.398,121.9900,1
42236398287407,11:43:56.398,122.0000,115
42236398294402,11:43:56.398,122.0000,135
42236399278093,11:43:56.399,122.0400,249
42236399278567,11:43:56.399,122.0400,176
42236399293893,11:43:56.399,122.0400,100
42236399306513,11:43:56.399,122.0400,175
42236399984462,11:43:56.399,122.0300,47
42237043010901,11:43:57.043,122.0500,1
42237099671973,11:43:57.099,121.9600,5
42237099720934,11:43:57.099,121.9600,95
42297008746752,11:44:57.008,121.9600,2
42307014961410,11:45:07.014,121.9600,1
42320359182013,11:45:20.359,122.0000,64
42320359563434,11:45:20.359,122.0000,20
42323302126529,11:45:23.302,122.0700,9
42329362409258,11:45:29.362,122.0700,10
42329362409258,11:45:29.362,122.0700,200
42329363123618,11:45:29.363,122.1000,1
42329407943751,11:45:29.407,122.2100,200
42329407969840,11:45:29.407,122.2100,100
42331826495308,11:45:31.826,122.2500,100
42359035860078,11:45:59.035,122.3400,2
42367162048566,11:46:07.162,122.4500,100
42367162048566,11:46:07.162,122.4500,9
42367162048566,11:46:07.162,122.4500,100
42367162151807,11:46:07.162,122.3500,10
42367164195015,11:46:07.164,122.4500,10
42367164297683,11:46:07.164,122.4500,100
42367164377108,11:46:07.164,122.4500,47
42376398744199,11:46:16.398,122.4900,61
42376398753669,11:46:16.398,122.4900,39
42376398753669,11:46:16.398,122.4900,61
42376398767841,11:46:16.398,122.5000,3800
42376398783659,11:46:16.398,122.4900,39
42376398784218,11:46:16.398,122.4900,39
42376398827709,11:46:16.398,122.4900,8
42376398851591,11:46:16.398,122.5000,10
42376398851591,11:46:16.398,122.4900,42
42376398880127,11:46:16.398,122.4900,50
42376398880127,11:46:16.398,122.4900,42
42376398908281,11:46:16.398,122.4900,100
42376399090858,11:46:16.399,122.6000,25
42376399095363,11:46:16.399,122.6000,50
42376399130847,11:46:16.399,122.4900,5
42376399158201,11:46:16.399,122.6000,25
42376399158201,11:46:16.399,122.6000,25
42376399165561,11:46:16.399,122.4900,70
42376399255708,11:46:16.399,122.5000,25
42376399271339,11:46:16.399,122.5000,10
42376399275380,11:46:16.399,122.5000,65
42377770862658,11:46:17.770,122.6000,75
42394582202946,11:46:34.582,122.7700,5
42394582202946,11:46:34.582,122.8300,41
42394582202946,11:46:34.582,122.8300,20
42394582202946,11:46:34.582,122.8500,34
42418460219163,11:46:58.460,122.8500,150
42418460219163,11:46:58.460,122.8600,100
42418460219163,11:46:58.460,122.8600,50
42418460256476,11:46:58.460,122.8600,50
42418460256476,11:46:58.460,122.8600,100
42418461469423,11:46:58.461,122.8700,100
42418461480728,11:46:58.461,122.8900,50
42419408682462,11:46:59.408,122.8900,50
42421010196960,11:47:01.010,122.8900,2
42421010196960,11:47:01.010,122.8900,2
42421010277664,11:47:01.010,122.8900,8
42427084492788,11:47:07.084,122.9000,53
42427084595039,11:47:07.084,122.8900,1
42427087470851,11:47:07.087,122.9000,32
42428890189450,11:47:08.890,122.7900,3
42428890232994,11:47:08.890,122.7900,97
42428891226520,11:47:08.891,122.7700,100
42428895103932,11:47:08.895,122.8600,10
42443723745250,11:47:23.723,122.8200,10
42443723745250,11:47:23.723,122.8500,90
42483020307550,11:48:03.020,122.7700,1
42483020686718,11:48:03.020,122.7200,50
42483020686718,11:48:03.020,122.7100,3
42483020686718,11:48:03.020,122.7100,100
42483020686718,11:48:03.020,122.7100,100
42483020686718,11:48:03.020,122.7100,100
42483020686718,11:48:03.020,122.7100,50
42483020719052,11:48:03.020,122.7100,50
42500818506053,11:48:20.818,122.6300,100
42500818866636,11:48:20.818,122.5900,9
42500818983622,11:48:20.818,122.5900,9
42500819032557,11:48:20.819,122.5900,9
42500819117001,11:48:20.819,122.5900,9
42500819250381,11:48:20.819,122.5900,20
42500819258730,11:48:20.819,122.5900,9
42500819282843,11:48:20.819,122.5900,35
42500819282843,11:48:20.819,122.5900,82
42500819297190,11:48:20.819,122.5900,18
42504693760133,11:48:24.693,122.5600,100
42504693877932,11:48:24.693,122.5500,54
42504693911642,11:48:24.693,122.5500,46
42538214064310,11:48:58.214,122.4700,71
42538214077437,11:48:58.214,122.4700,28
42538214078752,11:48:58.214,122.4700,2
42569602808422,11:49:29.602,122.5400,100
42569602907056,11:49:29.602,122.6000,5
42569602907056,11:49:29.602,122.6200,95
42569602933561,11:49:29.602,122.6200,5
42600803817589,11:50:00.803,122.4800,44
42600803842999,11:50:00.803,122.4800,56
42636770659136,11:50:36.770,122.5600,10
42636770659136,11:50:36.770,122.7100,1
42670023342744,11:51:10.023,122.6600,1
42675017594482,11:51:15.017,122.6100,1
42690525568378,11:51:30.525,122.6200,1
42761026998924,11:52:41.026,122.6700,1
42761028368766,11:52:41.028,122.6700,99
42761028368766,11:52:41.028,122.6700,100
42761028368766,11:52:41.028,122.6800,150
42774155022943,11:52:54.155,122.6900,100
42774155063234,11:52:54.155,122.6900,100
42774155063234,11:52:54.155,122.6900,10
42774155063234,11:52:54.155,122.6900,1
42783524174208,11:53:03.524,122.7000,1
42783524746939,11:53:03.524,122.6500,100
42783524746939,11:53:03.524,122.6500,1
42783524833578,11:53:03.524,122.6400,15
42783547066109,11:53:03.547,122.6400,185
42795334378729,11:53:15.334,122.7100,100
42796667961992,11:53:16.667,122.7500,100
42796667990570,11:53:16.667,122.7500,100
42798196696508,11:53:18.196,122.8600,100
42798197538510,11:53:18.197,122.8600,51
42798197544593,11:53:18.197,122.8800,100
42798197544593,11:53:18.197,122.8800,200
42798197581792,11:53:18.197,122.8700,10
42798197950431,11:53:18.197,122.8600,10
42798197959880,11:53:18.197,122.8900,89
42798197981427,11:53:18.197,122.8600,10
42798197985419,11:53:18.197,122.8900,411
42798198055856,11:53:18.198,122.9200,89
42798198126039,11:53:18.198,122.9200,89
42798198636043,11:53:18.198,122.9200,22
42801807742867,11:53:21.807,122.8600,100
42801975967298,11:53:21.975,122.8600,100
42802535274615,11:53:22.535,122.9900,100
42802537047101,11:53:22.537,122.9900,100
42802999194360,11:53:22.999,123.0000,50
42802999194360,11:53:22.999,123.0000,5
42802999194360,11:53:22.999,123.0000,100
42802999194360,11:53:22.999,123.0000,145
42803001755404,11:53:23.001,123.0000,15
42803001755404,11:53:23.001,123.0000,200
42803001755404,11:53:23.001,123.0000,85
42803001788970,11:53:23.001,123.0000,15
42803001788970,11:53:23.001,123.0000,50
42803129440409,11:53:23.129,123.0000,200
42803140791594,11:53:23.140,123.0000,100
42814182698829,11:53:34.182,122.9100,100
42814976479842,11:53:34.976,122.9100,50
42816451606248,11:53:36.451,123.0000,100
42816577559970,11:53:36.577,123.0000,100
42816577559970,11:53:36.577,123.0000,100
42818507313133,11:53:38.507,123.1200,100
42818507313133,11:53:38.507,123.1300,100
42818507313133,11:53:38.507,123.1300,100
42818507359026,11:53:38.507,123.1300,100
42818507359026,11:53:38.507,123.1400,100
42818507359026,11:53:38.507,123.1400,79
42818507370742,11:53:38.507,123.1300,21
42818507632834,11:53:38.507,123.0800,10
42818508677578,11:53:38.508,123.1300,10
42818508677578,11:53:38.508,123.1300,10
42818508677578,11:53:38.508,123.1400,21
42818508677578,11:53:38.508,123.1400,100
42818508677578,11:53:38.508,123.1400,80
42818510390213,11:53:38.510,123.0800,100
42819054799254,11:53:39.054,123.1400,20
42821125554813,11:53:41.125,123.1400,100
42821125554813,11:53:41.125,123.2000,100
42821125794266,11:53:41.125,123.2000,50
42821125972804,11:53:41.125,123.2500,500
42821790829403,11:53:41.790,123.2100,100
42821892564849,11:53:41.892,123.2150,100
42823060600521,11:53:43.060,123.3500,1
42823060600521,11:53:43.060,123.3700,26
42823060600521,11:53:43.060,123.3800,73
42823060704194,11:53:43.060,123.2900,10
42823130307685,11:53:43.130,123.2200,300
42823130336142,11:53:43.130,123.2100,1
42828327910418,11:53:48.327,123.3100,10
42828327910418,11:53:48.327,123.3100,40
42828328159887,11:53:48.328,123.3100,50
42828328248178,11:53:48.328,123.3100,50
42828328462527,11:53:48.328,123.2200,10
42828328468900,11:53:48.328,123.2200,10
42828328511503,11:53:48.328,123.2200,10
42828339897479,11:53:48.339,123.2500,10
42860191999226,11:54:20.191,123.4300,11
42860191999226,11:54:20.191,123.4400,89
42860193310502,11:54:20.193,123.4500,200
42864894871525,11:54:24.894,123.5000,50
42864894871525,11:54:24.894,123.4900,1
42864894871525,11:54:24.894,123.4600,30
42864894871525,11:54:24.894,123.4600,20
42864894871525,11:54:24.894,123.4300,40
42864894871525,11:54:24.894,123.3900,34
42864895041977,11:54:24.895,123.3800,66
42864902543167,11:54:24.902,123.3400,200
42864902568633,11:54:24.902,123.3400,30
42864902568633,11:54:24.902,123.3400,25
42864902568633,11:54:24.902,123.3400,20
42870107589412,11:54:30.107,123.3000,100
42870107661331,11:54:30.107,123.3000,100
42870107661331,11:54:30.107,123.2900,100
42870107690865,11:54:30.107,123.2900,100
42870108416479,11:54:30.108,123.2800,17
42870108723951,11:54:30.108,123.2800,100
42870109045308,11:54:30.109,123.2800,40
42870109075756,11:54:30.109,123.2800,27
42870109107196,11:54:30.109,123.2800,89
42870109553362,11:54:30.109,123.2800,27
42870109553362,11:54:30.109,123.2400,38
42870109626641,11:54:30.109,123.2400,62
42870120006256,11:54:30.120,123.2700,300
42870120054414,11:54:30.120,123.2300,100
42911703104400,11:55:11.703,123.2800,50
42911703104400,11:55:11.703,123.2500,40
42911703104400,11:55:11.703,123.2500,50
42911703104400,11:55:11.703,123.2400,74
42911703104400,11:55:11.703,123.2400,86
42911703304067,11:55:11.703,123.2300,100
42911703304067,11:55:11.703,123.2300,100
42911703304067,11:55:11.703,123.2300,100
42911703448002,11:55:11.703,123.2200,95
42911703455958,11:55:11.703,123.2200,5
42923675161081,11:55:23.675,123.2100,10
42923675161081,11:55:23.675,123.2600,150
42923675161081,11:55:23.675,123.2800,100
42923675161081,11:55:23.675,123.2800,100
42923675161081,11:55:23.675,123.2800,40
42924688401882,11:55:24.688,123.2900,100
42924688401882,11:55:24.688,123.2900,5
42926446517407,11:55:26.446,123.5100,40
42933781940199,11:55:33.781,123.5100,26
42933782408762,11:55:33.782,123.5100,26
42933782494441,11:55:33.782,123.5100,26
42933782769882,11:55:33.782,123.5100,26
42933782836390,11:55:33.782,123.5100,26
42934775252481,11:55:34.775,123.4300,64
42934814653845,11:55:34.814,123.4000,100
42934815062257,11:55:34.815,123.3300,2
42934815079087,11:55:34.815,123.3300,59
42934815086078,11:55:34.815,123.3300,43
42934815091198,11:55:34.815,123.3300,39
42934815095356,11:55:34.815,123.3300,117
42934815109026,11:55:34.815,123.3300,40
42934815109026,11:55:34.815,123.3300,199
42934815113146,11:55:34.815,123.3300,100
42934815116723,11:55:34.815,123.3300,1
42977122201480,11:56:17.122,123.4500,100
42980022258927,11:56:20.022,123.3800,1
42980023118354,11:56:20.023,123.4200,10
42985493149472,11:56:25.493,123.4500,11
42985493223347,11:56:25.493,123.4100,10
42986855941964,11:56:26.855,123.5000,100
42986856046799,11:56:26.856,123.5200,100
43001007602118,11:56:41.007,123.6100,1
43001007602118,11:56:41.007,123.6100,4
43001007608328,11:56:41.007,123.6100,1
43001007633125,11:56:41.007,123.6100,5
43021015309767,11:57:01.015,123.5400,1
43026226649433,11:57:06.226,123.6500,10
43026226649433,11:57:06.226,123.6600,100
43026226649433,11:57:06.226,123.6700,33
43026226649433,11:57:06.226,123.6700,257
43026351690797,11:57:06.351,123.6700,43
43026351690797,11:57:06.351,123.6700,100
43026351690797,11:57:06.351,123.6700,100
43041008623852,11:57:21.008,123.7100,1
43053836829376,11:57:33.836,123.7100,200
43053837232768,11:57:33.837,123.7000,101
43053837319263,11:57:33.837,123.7000,101
43053837405224,11:57:33.837,123.7000,100
43053837420163,11:57:33.837,123.6100,1
43053837434056,11:57:33.837,123.6100,9
43053837446853,11:57:33.837,123.6100,91
43053837446853,11:57:33.837,123.6100,9
43053837458770,11:57:33.837,123.6100,5
43053837499520,11:57:33.837,123.6100,46
43053837541738,11:57:33.837,123.6900,100
43053837617537,11:57:33.837,123.6100,40
43053837688134,11:57:33.837,123.6900,98
43053838012118,11:57:33.838,123.6100,20
43053838063728,11:57:33.838,123.6100,100
43056897787196,11:57:36.897,123.7600,100
43056897787196,11:57:36.897,123.7700,100
43056897787196,11:57:36.897,123.7700,100
43056900440823,11:57:36.900,123.8000,12
43056900440823,11:57:36.900,123.8100,150
43056900440823,11:57:36.900,123.8100,100
43056900440823,11:57:36.900,123.8100,38
43056900481879,11:57:36.900,123.8100,62
43056900481879,11:57:36.900,123.8100,22
43056900518118,11:57:36.900,123.8200,22
43057420204772,11:57:37.420,123.7000,50
43058135655828,11:57:38.135,123.8800,100
43059240327996,11:57:39.240,123.8400,100
43059240327996,11:57:39.240,123.8500,100
43059240327996,11:57:39.240,123.8500,100
43059394845822,11:57:39.394,123.8500,100
43059394845822,11:57:39.394,123.8500,100
43060887926651,11:57:40.887,123.8800,100
43094442158967,11:58:14.442,123.8800,100
43094442191237,11:58:14.442,123.8900,100
43094442191237,11:58:14.442,123.8900,11
43094442191237,11:58:14.442,123.8900,100
43094442240330,11:58:14.442,123.9000,5
43094443644434,11:58:14.443,123.9100,90
43094443680279,11:58:14.443,123.9100,10
43094446124411,11:58:14.446,124.0000,5
43094446150586,11:58:14.446,124.0000,105
43094446150586,11:58:14.446,124.0000,12
43094446150586,11:58:14.446,124.0000,100
43094446150586,11:58:14.446,124.0000,30
43094446150586,11:58:14.446,124.0000,100
43094446150586,11:58:14.446,124.0000,165
43094446175135,11:58:14.446,124.0000,100
43094446189850,11:58:14.446,124.0000,10
43094446194039,11:58:14.446,124.0000,94
43094446206310,11:58:14.446,124.0000,100
43094446223452,11:58:14.446,124.0000,100
43094446238046,11:58:14.446,124.0000,20
43094446240619,11:58:14.446,124.0000,100
43094446290419,11:58:14.446,124.0000,311
43094446704624,11:58:14.446,124.0400,84
43094446721285,11:58:14.446,124.0400,16
43094446752525,11:58:14.446,124.0800,16
43094447372920,11:58:14.447,124.1600,100
43094447438985,11:58:14.447,124.1700,40
43094449661726,11:58:14.449,123.9800,100
43094509774879,11:58:14.509,124.1700,60
43094509786915,11:58:14.509,124.2000,77
43096649766726,11:58:16.649,124.2000,100
43104416310811,11:58:24.416,124.1700,150
43104416310811,11:58:24.416,124.1600,1
43104416825197,11:58:24.416,124.1200,8
43104416853284,11:58:24.416,124.1200,92
43104416853284,11:58:24.416,124.1100,8
43104416873549,11:58:24.416,124.1100,92
43104417241970,11:58:24.417,124.0500,11
43104417241970,11:58:24.417,124.0200,3
43104417241970,11:58:24.417,124.0200,20
43104417580973,11:58:24.417,124.0200,1
43104417992329,11:58:24.417,124.0200,79
43132613979542,11:58:52.613,123.9300,100
43133646530308,11:58:53.646,123.9300,1
43133646530308,11:58:53.646,123.9300,150
43133646530308,11:58:53.646,123.9400,49
43136031308318,11:58:56.031,123.8600,48
43155330142226,11:59:15.330,124.0000,4
43155330143572,11:59:15.330,124.0000,96
43161875364080,11:59:21.875,123.8800,300
43161875364080,11:59:21.875,123.7700,100
43161875364080,11:59:21.875,123.7600,1
43161875364080,11:59:21.875,123.7600,1
43161875454802,11:59:21.875,123.7600,48
43161876311049,11:59:21.876,123.7600,100
43161876311580,11:59:21.876,123.7600,100
43161876667452,11:59:21.876,123.7600,100
43161876702179,11:59:21.876,123.7600,100
43161877254567,11:59:21.877,123.7500,100
43162397569941,11:59:22.397,123.7500,2
43164848431068,11:59:24.848,123.9200,150
43164848431068,11:59:24.848,123.9400,100
43164848431068,11:59:24.848,123.9500,50
43234327253365,12:00:34.327,123.7600,100
43234327253365,12:00:34.327,123.7600,100
43234327326350,12:00:34.327,123.7500,4
43234327332702,12:00:34.327,123.7400,51
43234327346183,12:00:34.327,123.7400,25
43234327356047,12:00:34.327,123.7400,24
43234327586776,12:00:34.327,123.7600,100
43234327808643,12:00:34.327,123.7500,100
43234327808643,12:00:34.327,123.7400,100
43234327835283,12:00:34.327,123.7400,100
43234327854149,12:00:34.327,123.7400,10
43234327861555,12:00:34.327,123.7400,110
43234328194419,12:00:34.328,123.7400,3
43234328196899,12:00:34.328,123.8400,100
43234328324043,12:00:34.328,123.8500,100
43234328374943,12:00:34.328,123.7700,13
43234328935285,12:00:34.328,123.8600,1
43251079967791,12:00:51.079,123.9300,100
43251079967791,12:00:51.079,123.9300,100
43251079967791,12:00:51.079,123.9300,100
43251080293142,12:00:51.080,123.9600,100
43251080337976,12:00:51.080,123.9700,100
43251080337976,12:00:51.080,123.9700,40
43251080343720,12:00:51.080,123.9700,60
43251080394660,12:00:51.080,124.0000,40
43251080424647,12:00:51.080,124.0000,60
43251080429951,12:00:51.080,124.0000,5
43251080458007,12:00:51.080,124.0000,40
43251080492620,12:00:51.080,124.0000,60
43251080526427,12:00:51.080,124.0000,40
43251080549526,12:00:51.080,124.0000,60
43251080578019,12:00:51.080,124.0000,40
43251080587715,12:00:51.080,124.0000,110
43251080611687,12:00:51.080,124.0000,60
43251080639858,12:00:51.080,124.0000,40
43251080672360,12:00:51.080,124.0000,60
43251080727114,12:00:51.080,124.0000,235
43251081950443,12:00:51.081,124.0700,100
43251082579523,12:00:51.082,124.0000,100
43251082751587,12:00:51.082,124.0000,100
43253254200496,12:00:53.254,123.9900,150
43253254200496,12:00:53.254,124.0000,200
43253254200496,12:00:53.254,124.0000,11
43255363943213,12:00:55.363,124.0000,100
43281846875599,12:01:21.846,124.0000,100
43284524689778,12:01:24.524,123.9800,84
43290537817620,12:01:30.537,124.0500,1
43290537824490,12:01:30.537,124.0500,1
43290537856165,12:01:30.537,124.0500,50
43290537858143,12:01:30.537,124.0500,46
43344132830241,12:02:24.132,123.9400,100
43344132842848,12:02:24.132,123.9400,1
43344132860172,12:02:24.132,123.9400,10
43360706638421,12:02:40.706,124.0000,200
43363240336799,12:02:43.240,124.1800,10
43378073166033,12:02:58.073,124.0400,101
43379241711282,12:02:59.241,124.0500,1
43379242334735,12:02:59.242,124.0100,100
43381141725913,12:03:01.141,123.9300,150
43381141725913,12:03:01.141,123.9300,15
43381141818623,12:03:01.141,123.9200,6
43381141848064,12:03:01.141,123.9200,94
43381141848064,12:03:01.141,123.9200,65
43407401005422,12:03:27.401,123.9400,2
43415007878814,12:03:35.007,123.9400,100
43415007949891,12:03:35.007,123.9400,48
43415007949891,12:03:35.007,123.9500,2
43415007949891,12:03:35.007,123.9500,50
43415008027005,12:03:35.008,123.9400,100
43415080490979,12:03:35.080,123.8600,100
43415080490979,12:03:35.080,123.8500,100
43415080490979,12:03:35.080,123.8500,100
43415080571070,12:03:35.080,123.8400,2
43415452847414,12:03:35.452,123.8400,100
43470513185868,12:04:30.513,123.7500,1
43470513185868,12:04:30.513,123.7500,2
43491155079621,12:04:51.155,123.7100,1
43491155079621,12:04:51.155,123.7200,99
43491155111788,12:04:51.155,123.7200,1
43549769131846,12:05:49.769,123.7900,1
43563139779101,12:06:03.139,123.7000,1
43612441648836,12:06:52.441,123.6400,50
43612441648836,12:06:52.441,123.6400,14
43616016370599,12:06:56.016,123.7000,1
43616016907371,12:06:56.016,123.6300,1
43616016955924,12:06:56.016,123.6200,100
43616016984077,12:06:56.016,123.6200,200
43616016987829,12:06:56.016,123.6200,100
43616017000146,12:06:56.017,123.6100,98
43616017826877,12:06:56.017,123.6100,2
43616017826877,12:06:56.017,123.6100,100
43616017865523,12:06:56.017,123.6000,39
43616018164933,12:06:56.018,123.6000,2
43616018191130,12:06:56.018,123.6000,59
43616130585829,12:06:56.130,123.5600,80
43626020264075,12:07:06.020,123.6700,100
43626020264075,12:07:06.020,123.6700,100
43632682012324,12:07:12.682,123.7200,11
43632682012324,12:07:12.682,123.7200,89
43632682081403,12:07:12.682,123.7200,11
43688683878275,12:08:08.683,123.7600,100
43688716536205,12:08:08.716,123.7800,11
43693127801555,12:08:13.127,123.8100,1
43695031879454,12:08:15.031,123.8700,100
43695031879454,12:08:15.031,123.8900,200
43697199581923,12:08:17.199,123.8400,100
43735014678079,12:08:55.014,123.8800,100
43736016819311,12:08:56.016,123.9100,2
43736017070049,12:08:56.017,123.9200,10
43736017365159,12:08:56.017,123.9300,1
43736017641209,12:08:56.017,123.9400,5
43736017641209,12:08:56.017,123.9400,15
43737015066866,12:08:57.015,123.9200,1
43737015096216,12:08:57.015,123.8900,23
43744931606857,12:09:04.931,123.9600,10
43744931606857,12:09:04.931,123.9600,190
43744931635816,12:09:04.931,123.9600,10
43744931692884,12:09:04.931,123.9700,10
43744932292962,12:09:04.932,123.9700,100
43744932329139,12:09:04.932,123.9800,10
43744933727434,12:09:04.933,123.9900,10
43744934227910,12:09:04.934,124.0000,133
43744934265107,12:09:04.934,124.0000,115
43744934378133,12:09:04.934,124.0000,102
43744934378133,12:09:04.934,124.0000,10
43744934850953,12:09:04.934,124.0100,5
43744934853925,12:09:04.934,124.0200,10
43744935152361,12:09:04.935,124.0300,10
43744935190511,12:09:04.935,124.0400,20
43744935225202,12:09:04.935,124.0500,2
43744935264442,12:09:04.935,124.0700,10
43744935557459,12:09:04.935,124.0800,10
43746567313116,12:09:06.567,124.0900,10
43749824730945,12:09:09.824,124.0100,100
43749825234529,12:09:09.825,124.0000,100
43774491168029,12:09:34.491,123.8900,100
43774491205520,12:09:34.491,123.8900,100
43774491291380,12:09:34.491,123.8900,100
43854017648666,12:10:54.017,123.8800,1
43928154164147,12:12:08.154,123.9200,1
43928184519951,12:12:08.184,123.9000,105
43928184711170,12:12:08.184,123.8900,44
43928185387848,12:12:08.185,123.8700,6
43928185775722,12:12:08.185,123.8700,20
43938441885216,12:12:18.441,123.8700,74
43938441885216,12:12:18.441,123.8700,300
43938444767837,12:12:18.444,123.8700,100
43938444797017,12:12:18.444,123.8600,300
43938513084929,12:12:18.513,123.9400,100
43938513132876,12:12:18.513,123.9700,100
43938513148753,12:12:18.513,123.9700,10
43938513148753,12:12:18.513,123.9700,71
43948812680951,12:12:28.812,123.9100,4
43948812680951,12:12:28.812,123.9100,1
43950117969609,12:12:30.117,123.9100,99
43950156720096,12:12:30.156,123.9100,89
43963153064896,12:12:43.153,124.0000,50
43963156217549,12:12:43.156,124.0700,100
44019212709541,12:13:39.212,124.0100,100
44019212802203,12:13:39.212,124.0700,100
44019214738856,12:13:39.214,124.0800,100
44019214766363,12:13:39.214,124.0800,100
44019214923158,12:13:39.214,124.1000,10
44019215433859,12:13:39.215,124.1100,2
44019215714350,12:13:39.215,124.1200,10
44019215998975,12:13:39.215,124.1300,10
44019216284001,12:13:39.216,124.1400,1
44019216568721,12:13:39.216,124.1700,10
44019216840672,12:13:39.216,124.1800,10
44021347629522,12:13:41.347,124.1900,3
44021347643049,12:13:41.347,124.1900,197
44021347643049,12:13:41.347,124.2000,3
44021347654499,12:13:41.347,124.2100,55
44021347659766,12:13:41.347,124.2100,145
44021347659766,12:13:41.347,124.2100,75
44021347667733,12:13:41.347,124.2100,55
44021351164299,12:13:41.351,124.2100,470
44021351214510,12:13:41.351,124.2300,10
44021351214510,12:13:41.351,124.2400,10
44021371530485,12:13:41.371,124.2600,10
44021375984429,12:13:41.375,124.2800,10
44021375984429,12:13:41.375,124.2800,1
44021376274678,12:13:41.376,124.2900,10
44021376549150,12:13:41.376,124.3000,10
44021376820582,12:13:41.376,124.3400,10
44066998408764,12:14:26.998,124.2400,137
44071612744909,12:14:31.612,124.1600,23
44071612744909,12:14:31.612,124.1500,1
44071612744909,12:14:31.612,124.1500,1
44071612744909,12:14:31.612,124.1500,75
44071612778847,12:14:31.612,124.1500,25
44071613379400,12:14:31.613,124.1900,100
44071613379400,12:14:31.613,124.2000,37
44071614197697,12:14:31.614,124.1400,150
44071614197697,12:14:31.614,124.1400,50
44073179520875,12:14:33.179,124.1900,100
44073180985838,12:14:33.180,124.2000,11
44073180985838,12:14:33.180,124.2000,89
44073773051928,12:14:33.773,124.2000,100
44073890547697,12:14:33.890,124.2400,100
44073892183296,12:14:33.892,124.2900,200
44075781098594,12:14:35.781,124.2900,100
44076538932494,12:14:36.538,124.2900,100
44076538961582,12:14:36.538,124.2900,100
44076662761263,12:14:36.662,124.3600,2
44076662761263,12:14:36.662,124.3600,98
44091380206074,12:14:51.380,124.3400,100
44092149569830,12:14:52.149,124.3400,100
44092796594769,12:14:52.796,124.3400,100
44093459484498,12:14:53.459,124.3400,100
44094243455385,12:14:54.243,124.3400,100
44097030163521,12:14:57.030,124.3400,32
44107624313735,12:15:07.624,124.3400,50
44107643214652,12:15:07.643,124.3100,10
44107643226447,12:15:07.643,124.3100,10
44107643229170,12:15:07.643,124.3100,10
44107643252810,12:15:07.643,124.3100,10
44107643384822,12:15:07.643,124.3100,10
44107643421489,12:15:07.643,124.3100,150
44107747869805,12:15:07.747,124.2400,100
44107747894741,12:15:07.747,124.2400,100
44107747946277,12:15:07.747,124.2100,98
44107747950893,12:15:07.747,124.2100,2
44107747956237,12:15:07.747,124.2100,5
44107747978937,12:15:07.747,124.2100,100
44107748768880,12:15:07.748,124.2100,100
44110019170635,12:15:10.019,124.2100,50
44110019199608,12:15:10.019,124.2100,50
44110019234631,12:15:10.019,124.2100,27
44110662096580,12:15:10.662,124.2100,300
44125541809876,12:15:25.541,124.2300,10
44125541809876,12:15:25.541,124.2300,100
44125541809876,12:15:25.541,124.2300,90
44138909372438,12:15:38.909,124.1200,100
44138909400911,12:15:38.909,124.1200,300
44138909478856,12:15:38.909,124.1100,3
44138909478856,12:15:38.909,124.1100,23
44138909905144,12:15:38.909,124.1100,39
44138909915636,12:15:38.909,124.1100,64
44138910066464,12:15:38.910,124.1100,5
44138910117181,12:15:38.910,124.1100,69
44139300939125,12:15:39.300,124.0850,100
44139305622070,12:15:39.305,124.0850,200
44139310637769,12:15:39.310,124.1200,5
44145056994279,12:15:45.056,124.0400,100
44145058444958,12:15:45.058,124.0300,12
44145058471153,12:15:45.058,124.0300,88
44145058471153,12:15:45.058,124.0300,100
44145058586044,12:15:45.058,123.9900,29
44145089392081,12:15:45.089,123.9900,16
44145157480661,12:15:45.157,124.1300,11
44147269889133,12:15:47.269,124.0500,40
44147269889133,12:15:47.269,124.0500,45
44147269889133,12:15:47.269,124.0300,50
44147269889133,12:15:47.269,124.0300,65
44147898820410,12:15:47.898,124.1300,100
44147899739829,12:15:47.899,124.1400,100
44147899739829,12:15:47.899,124.1400,100
44147899768264,12:15:47.899,124.1400,100
44157849308457,12:15:57.849,124.1700,100
44157850751372,12:15:57.850,124.2300,100
44158144299894,12:15:58.144,124.2300,5
44158145485853,12:15:58.145,124.3100,100
44173777769190,12:16:13.777,124.3300,100
44173777812149,12:16:13.777,124.3300,11
44173777823402,12:16:13.777,124.3600,10
44173777823402,12:16:13.777,124.3600,93
44173777830615,12:16:13.777,124.3600,7
44173778306149,12:16:13.778,124.3700,20
44173794955725,12:16:13.794,124.3900,5
44173795228373,12:16:13.795,124.4000,5
44173795512341,12:16:13.795,124.4200,100
44183751237893,12:16:23.751,124.3800,100
44205641161623,12:16:45.641,124.3900,100
44205641239092,12:16:45.641,124.3800,50
44205641239092,12:16:45.641,124.3700,50
44205641243984,12:16:45.641,124.3700,50
44205641576962,12:16:45.641,124.3900,150
44205671329524,12:16:45.671,124.3600,100
44205671329524,12:16:45.671,124.3600,200
44205671359762,12:16:45.671,124.3600,100
44205671359762,12:16:45.671,124.3600,200
44205671363571,12:16:45.671,124.3600,300
44205671369148,12:16:45.671,124.3600,21
44205671377643,12:16:45.671,124.3600,100
44205671377643,12:16:45.671,124.3600,100
44205671380451,12:16:45.671,124.3600,300
44205671391471,12:16:45.671,124.3600,28
44205671416503,12:16:45.671,124.3600,96
44205671437735,12:16:45.671,124.3600,40
44217657574242,12:16:57.657,124.4500,5
44217658103985,12:16:57.658,124.4700,10
44217658848595,12:16:57.658,124.4800,10
44217658848595,12:16:57.658,124.5000,10
44217658848595,12:16:57.658,124.5000,27
44217658848595,12:16:57.658,124.5000,90
44217659042184,12:16:57.659,124.5000,10
44218996218770,12:16:58.996,124.4300,135
44218996218770,12:16:58.996,124.4300,15
44231675741399,12:17:11.675,124.3900,100
44231675769158,12:17:11.675,124.3900,100
44231675769158,12:17:11.675,124.3900,300
44231675780995,12:17:11.675,124.3900,150
44231675796265,12:17:11.675,124.3900,55
44231675798688,12:17:11.675,124.3900,105
44231675816062,12:17:11.675,124.3900,400
44231675817688,12:17:11.675,124.3900,300
44231675817688,12:17:11.675,124.3900,100
44231675819731,12:17:11.675,124.3900,27
44231675847372,12:17:11.675,124.3900,263
44231686249875,12:17:11.686,124.3900,100
44246754663621,12:17:26.754,124.3900,100
44248774219440,12:17:28.774,124.5000,100
44248774631037,12:17:28.774,124.5000,100
44248774659863,12:17:28.774,124.5100,10
44248779274564,12:17:28.779,124.5200,2
44248779274564,12:17:28.779,124.5300,250
44248779274564,12:17:28.779,124.5300,10
44248779274564,12:17:28.779,124.5300,98
44248779334570,12:17:28.779,124.5300,2
44248779385049,12:17:28.779,124.5400,5
44248779763064,12:17:28.779,124.5300,100
44248779848214,12:17:28.779,124.5500,10
44248780519068,12:17:28.780,124.5600,10
44258255464278,12:17:38.255,124.5800,2
44264374599237,12:17:44.374,124.6000,10
44266867304255,12:17:46.867,124.5800,25
44272066469706,12:17:52.066,124.6100,10
44272066469706,12:17:52.066,124.6100,90
44272066512275,12:17:52.066,124.6100,10
44280214715311,12:18:00.214,124.6200,10
44280214806057,12:18:00.214,124.6300,10
44280214820626,12:18:00.214,124.5900,10
44280215055031,12:18:00.215,124.6300,10
44280215092230,12:18:00.215,124.6300,2
44282254057461,12:18:02.254,124.5900,100
44282254453862,12:18:02.254,124.5700,50
44282254453862,12:18:02.254,124.5600,50
44282254480584,12:18:02.254,124.5600,50
44284190413198,12:18:04.190,124.5500,100
44284255585479,12:18:04.255,124.5000,200
44284256019658,12:18:04.256,124.4900,15
44284256036335,12:18:04.256,124.4900,55
44284256036970,12:18:04.256,124.4900,175
44284256047680,12:18:04.256,124.4900,155
44284280482789,12:18:04.280,124.5000,100
44284280507556,12:18:04.280,124.5000,100
44304233645295,12:18:24.233,124.4900,26
44304233671281,12:18:24.233,124.4900,24
44311677601915,12:18:31.677,124.5700,100
44311677601915,12:18:31.677,124.5700,198
44313558527433,12:18:33.558,124.5700,100
44313565987469,12:18:33.565,124.6400,2
44316258443224,12:18:36.258,124.6500,2
44316258458839,12:18:36.258,124.6700,10
44316258458839,12:18:36.258,124.6800,10
44316258458839,12:18:36.258,124.6900,2
44316258514414,12:18:36.258,124.7100,10
44316258552399,12:18:36.258,124.7300,10
44316258598518,12:18:36.258,124.7300,2
44316259050086,12:18:36.259,124.6700,50
44317965262035,12:18:37.965,124.5300,100
44317965346451,12:18:37.965,124.5200,100
44317965496385,12:18:37.965,124.5200,100
44317965496385,12:18:37.965,124.5200,100
44317965638815,12:18:37.965,124.5200,100
44317965852160,12:18:37.965,124.5200,100
44317966916604,12:18:37.966,124.5300,177
44317966916604,12:18:37.966,124.5300,23
44321041822861,12:18:41.041,124.5200,100
44321041837789,12:18:41.041,124.5000,165
44321041877185,12:18:41.041,124.5000,10
44321041904845,12:18:41.041,124.5000,225
44321041949821,12:18:41.041,124.4900,15
44321041956499,12:18:41.041,124.4900,185
44368071691511,12:19:28.071,124.5700,100
44368071691511,12:19:28.071,124.5800,100
44368071691511,12:19:28.071,124.5800,11
44368071709061,12:19:28.071,124.5800,89
44368071709061,12:19:28.071,124.5800,11
44368071709061,12:19:28.071,124.5800,111
44368071724000,12:19:28.071,124.5800,66
44368072599853,12:19:28.072,124.5700,100
44368072599853,12:19:28.072,124.5800,100
44368083372749,12:19:28.083,124.5100,40
44368084656972,12:19:28.084,124.5000,100
44368084735384,12:19:28.084,124.6200,10
44368085010181,12:19:28.085,124.5000,10
44368098973171,12:19:28.098,124.5900,20
44374930279952,12:19:34.930,124.5400,100
44374932424358,12:19:34.932,124.5500,100
44380634948238,12:19:40.634,124.5300,100
44402563364210,12:20:02.563,124.5200,60
44402564975951,12:20:02.564,124.5400,100
44402836811167,12:20:02.836,124.5400,20
44441454497872,12:20:41.454,124.5300,150
44441454497872,12:20:41.454,124.5200,112
44441454558751,12:20:41.454,124.5200,46
44441454585415,12:20:41.454,124.5200,42
44449035573374,12:20:49.035,124.4600,150
44449035573374,12:20:49.035,124.4600,50
44464527547368,12:21:04.527,124.6200,11
44464528829147,12:21:04.528,124.6600,20
44487944169519,12:21:27.944,124.5600,83
44487944198983,12:21:27.944,124.5600,17
44487944308168,12:21:27.944,124.5500,5
44487944342946,12:21:27.944,124.5500,95
44487944342946,12:21:27.944,124.5500,6
44487944377406,12:21:27.944,124.5500,107
44487944462983,12:21:27.944,124.5500,80
44487944477222,12:21:27.944,124.5500,144
44487944490820,12:21:27.944,124.5500,263
44487944834196,12:21:27.944,124.4900,90
44490034847493,12:21:30.034,124.4900,48
44490034872310,12:21:30.034,124.4900,242
44490034872310,12:21:30.034,124.4900,200
44526339974571,12:22:06.339,124.4700,25
44534195260623,12:22:14.195,124.5400,63
44535118872831,12:22:15.118,124.5400,37
44542583974060,12:22:22.583,124.6000,100
44542583974060,12:22:22.583,124.6000,100
44542584004133,12:22:22.584,124.6000,11
44542584103142,12:22:22.584,124.6300,100
44542584499993,12:22:22.584,124.6300,100
44547243480235,12:22:27.243,124.7100,100
44547247534963,12:22:27.247,124.7400,2
44548228666176,12:22:28.228,124.7500,10
44548838063428,12:22:28.838,124.7600,5
44548838166848,12:22:28.838,124.7700,10
44548839350635,12:22:28.839,124.7800,10
44548905782830,12:22:28.905,124.7900,10
44548905909110,12:22:28.905,124.8000,10
44548905909110,12:22:28.905,124.8000,200
44548906260587,12:22:28.906,124.8100,5
44548909455858,12:22:28.909,124.8000,150
44548909455858,12:22:28.909,124.8200,48
44548910274368,12:22:28.910,124.8000,150
44548911348213,12:22:28.911,124.7800,100
44549032412130,12:22:29.032,124.7300,100
44549474841697,12:22:29.474,124.7400,50
44549474841697,12:22:29.474,124.7500,50
44552432382395,12:22:32.432,124.7200,2
44552432458218,12:22:32.432,124.7000,100
44575083952998,12:22:55.083,124.6300,26
44575083952998,12:22:55.083,124.6300,24
44575084034237,12:22:55.084,124.6300,50
44575084520586,12:22:55.084,124.6100,46
44575084546599,12:22:55.084,124.6100,154
44588485542538,12:23:08.485,124.6500,35
44588485542538,12:23:08.485,124.6600,150
44588485542538,12:23:08.485,124.6600,15
44607252772979,12:23:27.252,124.6100,100
44610674798550,12:23:30.674,124.7100,20
44610675213109,12:23:30.675,124.7500,100
44610689038980,12:23:30.689,124.7250,300
44610795496173,12:23:30.795,124.8000,300
44610800080504,12:23:30.800,124.8000,100
44616269913840,12:23:36.269,124.7900,2
44626012881218,12:23:46.012,124.7800,2
44626015393298,12:23:46.015,124.8400,5
44626015393298,12:23:46.015,124.8500,200
44626015462511,12:23:46.015,124.8500,5
44626015607179,12:23:46.015,124.8600,5
44626015795095,12:23:46.015,124.8700,5
44626016394943,12:23:46.016,124.8800,5
44626016440709,12:23:46.016,124.8900,10
44626045773747,12:23:46.045,124.9000,10
44626045776304,12:23:46.045,124.9000,10
44626045972511,12:23:46.045,124.8800,10
44627009273524,12:23:47.009,124.8800,2
44627010094378,12:23:47.010,124.8000,100
44627010094378,12:23:47.010,124.8000,52
44627010122159,12:23:47.010,124.8000,37
44627010155399,12:23:47.010,124.8100,100
44627010155399,12:23:47.010,124.8000,311
44627010164567,12:23:47.010,124.8800,10
44666475965426,12:24:26.475,124.8200,50
44666475965426,12:24:26.475,124.8200,50
44666476080390,12:24:26.476,124.8100,500
44666476559928,12:24:26.476,124.8000,7
44666476574632,12:24:26.476,124.8000,200
44666476591895,12:24:26.476,124.8000,157
44666476729907,12:24:26.476,124.8500,10
44666476807137,12:24:26.476,124.8100,10
44666476807137,12:24:26.476,124.8000,12
44666476885063,12:24:26.476,124.8000,2
44666476912351,12:24:26.476,124.8000,22
44666481881980,12:24:26.481,124.8400,10
44666482232608,12:24:26.482,124.8200,10
44666527518266,12:24:26.527,124.9000,5
44667110666203,12:24:27.110,124.9000,85
44667111697691,12:24:27.111,124.9100,5
44667112988183,12:24:27.112,124.9400,5
44667112988183,12:24:27.112,124.9400,100
44667114738863,12:24:27.114,124.9500,10
44676123252045,12:24:36.123,124.9000,100
44694810850015,12:24:54.810,124.8200,100
44694813159090,12:24:54.813,124.8100,10
44694813682341,12:24:54.813,124.8000,15
44694813709014,12:24:54.813,124.8000,247
44694813733713,12:24:54.813,124.8000,138
44694814482770,12:24:54.814,124.7900,22
44694814509160,12:24:54.814,124.7900,74
44694814511033,12:24:54.814,124.7900,104
44722924824237,12:25:22.924,124.8000,100
44722925198585,12:25:22.925,124.8600,11
44722925198585,12:25:22.925,124.8600,100
44728581595397,12:25:28.581,124.8500,50
44728581595397,12:25:28.581,124.8300,150
44728581743205,12:25:28.581,124.8300,50
44728581743205,12:25:28.581,124.8200,100
44728581743205,12:25:28.581,124.8100,50
44728581774338,12:25:28.581,124.8100,50
44728581774338,12:25:28.581,124.8100,100
44732006071854,12:25:32.006,124.9000,100
44752417032509,12:25:52.417,124.9600,3
44752417957721,12:25:52.417,124.9600,2
44752417957721,12:25:52.417,124.9600,100
44752419756541,12:25:52.419,124.9700,5
44770032542516,12:26:10.032,124.9500,100
44770032542516,12:26:10.032,124.9500,11
44770032574427,12:26:10.032,124.9600,100
44770032594182,12:26:10.032,124.9100,1
44771475048642,12:26:11.475,124.9600,1
44771475048642,12:26:11.475,124.9800,2
44771475048642,12:26:11.475,124.9900,5
44771475048642,12:26:11.475,125.0000,5
44771475048642,12:26:11.475,125.0000,87
44771475399994,12:26:11.475,125.0000,13
44771475399994,12:26:11.475,125.0000,20
44771475399994,12:26:11.475,125.0000,20
44771475399994,12:26:11.475,125.0000,72
44771475399994,12:26:11.475,125.0000,20
44771475399994,12:26:11.475,125.0000,100
44771475399994,12:26:11.475,125.0000,50
44771475399994,12:26:11.475,125.0000,128
44771475399994,12:26:11.475,125.0000,100
44771475399994,12:26:11.475,125.0000,1
44771475399994,12:26:11.475,125.0000,10
44771475399994,12:26:11.475,125.0000,1
44771475399994,12:26:11.475,125.0000,200
44771475399994,12:26:11.475,125.0000,100
44771475469427,12:26:11.475,125.0300,1
44771475504047,12:26:11.475,125.0400,1
44771477033133,12:26:11.477,125.0500,1
44771477044362,12:26:11.477,125.0600,10
44771477078838,12:26:11.477,125.0700,5
44771479622574,12:26:11.479,125.1000,2
44773039204032,12:26:13.039,125.1200,20
44773039220841,12:26:13.039,125.0600,100
44773039220841,12:26:13.039,125.1300,2
44773039220841,12:26:13.039,125.1400,10
44773039229538,12:26:13.039,125.1400,46
44773039243133,12:26:13.039,125.1400,2
44773039409203,12:26:13.039,125.0800,100
44773039504854,12:26:13.039,125.0800,100
44773039718247,12:26:13.039,125.1400,52
44773040050790,12:26:13.040,125.1500,1
44773040488572,12:26:13.040,125.1800,1
44773040914981,12:26:13.040,125.1900,10
44773041325016,12:26:13.041,125.2000,5
44773041432843,12:26:13.041,125.2100,10
44773041432843,12:26:13.041,125.2100,200
44773042262716,12:26:13.042,125.2100,1
44774032346081,12:26:14.032,125.1700,1
44774032358550,12:26:14.032,125.2300,1
44777159097060,12:26:17.159,125.2400,5
44777159186914,12:26:17.159,125.2500,300
44777159186914,12:26:17.159,125.2500,2
44777159186914,12:26:17.159,125.2500,100
44777160253552,12:26:17.160,125.2600,2
44782141374732,12:26:22.141,125.2800,5
44782141374732,12:26:22.141,125.2900,5
44782141374732,12:26:22.141,125.3100,2
44782141374732,12:26:22.141,125.3200,5
44782141374732,12:26:22.141,125.3300,83
44782141617681,12:26:22.141,125.3300,1497
44782141617681,12:26:22.141,125.3300,10
44782141647119,12:26:22.141,125.3400,5
44782141657776,12:26:22.141,125.3500,2
44782141657776,12:26:22.141,125.4000,5
44782141657776,12:26:22.141,125.4100,10
44782141675094,12:26:22.141,125.4200,10
44782141675094,12:26:22.141,125.4300,5
44782141675094,12:26:22.141,125.4400,10
44782141685560,12:26:22.141,125.4500,5
44790497619794,12:26:30.497,125.4000,1
44800408403855,12:26:40.408,125.2800,100
44800408484805,12:26:40.408,125.2800,26
44800408484805,12:26:40.408,125.2800,100
44800408484805,12:26:40.408,125.2600,50
44800408484805,12:26:40.408,125.2500,24
44800408531946,12:26:40.408,125.2500,76
44800408531946,12:26:40.408,125.2500,100
44800409131156,12:26:40.409,125.2500,100
44800409131156,12:26:40.409,125.2400,78
44800409220713,12:26:40.409,125.2400,6
44802098095209,12:26:42.098,125.2500,27
44802098166397,12:26:42.098,125.2400,100
44802098166397,12:26:42.098,125.2400,200
44802098208257,12:26:42.098,125.2400,91
44802098268840,12:26:42.098,125.2400,9
44802098679176,12:26:42.098,125.2300,100
44815778137435,12:26:55.778,125.0900,100
44815808248563,12:26:55.808,125.0800,100
44825246112595,12:27:05.246,125.0500,1
44825246700809,12:27:05.246,125.0100,4
44825246700809,12:27:05.246,125.0100,95
44855741481254,12:27:35.741,124.8800,17
44855741534137,12:27:35.741,124.8800,63
44855741534137,12:27:35.741,124.8700,537
44855741561821,12:27:35.741,124.8700,63
44855741565927,12:27:35.741,124.8700,63
44855741573604,12:27:35.741,124.8700,63
44855741579966,12:27:35.741,124.8700,22
44855741629629,12:27:35.741,124.8700,45
44855741927971,12:27:35.741,124.8700,63
44855746112336,12:27:35.746,124.8700,492
44855746148515,12:27:35.746,124.8700,22
44855777751371,12:27:35.777,124.8700,50
44870095838348,12:27:50.095,124.8200,42
44870095838348,12:27:50.095,124.8100,58
44870511616074,12:27:50.511,124.8000,50
44870511642957,12:27:50.511,124.8000,350
44870511642957,12:27:50.511,124.8000,100
44870511642957,12:27:50.511,124.8000,100
44870511642957,12:27:50.511,124.8000,100
44870511684997,12:27:50.511,124.7900,22
44870511687933,12:27:50.511,124.7900,163
44870511700838,12:27:50.511,124.7900,15
44915013391153,12:28:35.013,124.7400,1
44915713943881,12:28:35.713,124.6800,35
44915713943881,12:28:35.713,124.6800,15
44915713943881,12:28:35.713,124.6600,100
44915713943881,12:28:35.713,124.6500,150
44915713974948,12:28:35.713,124.6500,250
44927069395860,12:28:47.069,124.7300,2
44932344805712,12:28:52.344,124.6700,15
44932344805712,12:28:52.344,124.6700,35
44932344805712,12:28:52.344,124.6700,50
44937459179750,12:28:57.459,124.7500,1
44937464170211,12:28:57.464,124.7800,100
44937464170211,12:28:57.464,124.7800,200
44937464170211,12:28:57.464,124.7800,100
44937464201211,12:28:57.464,124.7800,100
44937464208178,12:28:57.464,124.7800,55
44937464232753,12:28:57.464,124.7800,45
44937464232753,12:28:57.464,124.7800,55
44937464267914,12:28:57.464,124.7800,18
44937464355711,12:28:57.464,124.7800,27
44937464444450,12:28:57.464,124.7800,100
44937465002123,12:28:57.465,124.8000,18
44953025587717,12:29:13.025,124.9000,2
44977011256548,12:29:37.011,124.8800,1
44977011739363,12:29:37.011,124.8100,100
44977011770401,12:29:37.011,124.8000,200
44977011770401,12:29:37.011,124.8000,300
44977011813657,12:29:37.011,124.8000,129
44977011852372,12:29:37.011,124.8000,36
44977011879255,12:29:37.011,124.8000,264
44977011955820,12:29:37.011,124.8000,300
44977011955820,12:29:37.011,124.8000,200
44977012220338,12:29:37.012,124.8000,200
44977012266877,12:29:37.012,124.8000,71
44994124347218,12:29:54.124,124.9200,100
44999012769731,12:29:59.012,124.9300,200
44999012769731,12:29:59.012,124.9300,11
44999012823169,12:29:59.012,124.9400,2
44999016390819,12:29:59.016,124.9700,20
45011129147457,12:30:11.129,124.9600,1
45012084502076,12:30:12.084,124.9900,1
45012092191357,12:30:12.092,125.0000,200
45012092219340,12:30:12.092,125.0000,33
45012092239106,12:30:12.092,125.0100,10
45012092239106,12:30:12.092,125.0100,46
45012092243158,12:30:12.092,125.0100,24
45012092243158,12:30:12.092,125.0100,1
45012092278217,12:30:12.092,125.0300,10
45012092311489,12:30:12.092,125.0400,5
45028941092830,12:30:28.941,125.0500,5
45028941092830,12:30:28.941,125.0600,2
45028941092830,12:30:28.941,125.0800,10
45028941092830,12:30:28.941,125.0900,5
45028941092830,12:30:28.941,125.0900,78
45028941151962,12:30:28.941,125.0900,22
45028941249129,12:30:28.941,125.1100,10
45049086249788,12:30:49.086,125.0400,2
45049728642382,12:30:49.728,125.1000,100
45049728642382,12:30:49.728,125.1000,50
45049728642382,12:30:49.728,125.1000,11
45050017740769,12:30:50.017,125.1100,2
45050018213947,12:30:50.018,125.1100,10
45067686686966,12:31:07.686,125.0600,100
45067686756599,12:31:07.686,125.0300,100
45067687829952,12:31:07.687,125.0200,100
45067687829952,12:31:07.687,125.0200,26
45067717107792,12:31:07.717,125.0000,10
45099477674854,12:31:39.477,124.9300,5
45099477758231,12:31:39.477,124.8800,100
45099477758231,12:31:39.477,124.8700,97
45100911469477,12:31:40.911,124.8700,200
45103610479128,12:31:43.610,124.8700,42
45103610481992,12:31:43.610,124.8700,100
45103610636698,12:31:43.610,124.8700,100
45103610793848,12:31:43.610,124.8700,100
45103610868288,12:31:43.610,124.8700,100
45122158035323,12:32:02.158,124.9900,100
45122158157575,12:32:02.158,124.9900,100
45122158173483,12:32:02.158,124.9900,25
45133865956533,12:32:13.865,124.9900,100
45136202611484,12:32:16.202,124.9500,1
45136202638287,12:32:16.202,124.9500,100
45136202638287,12:32:16.202,124.9500,100
45137337399402,12:32:17.337,124.8900,1
45137337399402,12:32:17.337,124.8900,13
45137342507613,12:32:17.342,124.8600,100
45137533460966,12:32:17.533,124.8100,100
45137533460966,12:32:17.533,124.8000,300
45137533490178,12:32:17.533,124.8000,100
45137533513370,12:32:17.533,124.7900,102
45137533520443,12:32:17.533,124.7900,98
45137797844729,12:32:17.797,124.8200,50
45137797844729,12:32:17.797,124.8200,21
45137797844729,12:32:17.797,124.8300,11
45137797844729,12:32:17.797,124.8400,18
45146777532830,12:32:26.777,124.8600,11
45146777532830,12:32:26.777,124.8700,89
45146777616198,12:32:26.777,124.8700,11
45152122358879,12:32:32.122,124.8300,100
45152122387350,12:32:32.122,124.8200,100
45152123006598,12:32:32.123,124.8000,3
