timestamp,time,price,volume
34195024944746,09:29:55.024,49.5800,100
34195024944746,09:29:55.024,49.6900,300
34200343199587,09:30:00.343,0.0000,0
34220857023084,09:30:20.857,49.6900,11
34220857023084,09:30:20.857,49.6900,100
34220857366086,09:30:20.857,49.7000,100
34220868109833,09:30:20.868,49.7400,100
34223401439803,09:30:23.401,49.7300,11
34229937604245,09:30:29.937,49.7800,11
34231103494105,09:30:31.103,49.8300,11
34231103494105,09:30:31.103,49.8400,78
34231103752612,09:30:31.103,49.8400,22
34231103752612,09:30:31.103,49.8400,51
34231103780623,09:30:31.103,49.8400,100
34231103780623,09:30:31.103,49.8400,100
34231103780623,09:30:31.103,49.8400,100
34231103780623,09:30:31.103,49.8400,100
34231961403506,09:30:31.961,49.7100,100
34231961482378,09:30:31.961,49.7500,100
34231961790720,09:30:31.961,49.7200,100
34231961790720,09:30:31.961,49.7200,100
34231961954273,09:30:31.961,49.7000,100
34231963394395,09:30:31.963,49.6800,55
34232097020195,09:30:32.097,49.6300,4
34233011003294,09:30:33.011,49.3800,100
34233014578494,09:30:33.014,49.3800,100
34285195771086,09:31:25.195,49.3400,100
34285196097146,09:31:25.196,49.3200,2
34285210408145,09:31:25.210,49.3200,100
34285211009464,09:31:25.211,49.3200,100
34285211738326,09:31:25.211,49.3200,100
34285212822491,09:31:25.212,49.3300,100
34285212834055,09:31:25.212,49.3300,100
34285213203697,09:31:25.213,49.3400,100
34285214227245,09:31:25.214,49.3500,96
34286000426340,09:31:26.000,49.3800,100
34286308387696,09:31:26.308,49.3300,100
34288402679644,09:31:28.402,49.3600,100
34288402679644,09:31:28.402,49.3800,100
34288402679644,09:31:28.402,49.3800,100
34288404579056,09:31:28.404,49.3300,100
34288404579056,09:31:28.404,49.3200,100
34288404647634,09:31:28.404,49.3500,100
34288404779225,09:31:28.404,49.3600,100
34288419599254,09:31:28.419,49.3300,100
34288419599254,09:31:28.419,49.3300,10
34288419599254,09:31:28.419,49.3300,100
34300503526153,09:31:40.503,49.4400,100
34300503526153,09:31:40.503,49.4400,200
34301103604024,09:31:41.103,49.4600,100
34301103604024,09:31:41.103,49.4800,200
34301103604024,09:31:41.103,49.4800,100
34301503676287,09:31:41.503,49.4900,100
34500134066377,09:35:00.134,49.5600,100
34500658499595,09:35:00.658,49.5600,100
34506755434754,09:35:06.755,49.5600,100
34506755718313,09:35:06.755,49.5600,100
34516695529627,09:35:16.695,49.5600,100
34516695757573,09:35:16.695,49.5600,100
34516779228396,09:35:16.779,49.5100,100
34516779485510,09:35:16.779,49.5200,50
34516779687838,09:35:16.779,49.5300,200
34516779710781,09:35:16.779,49.5100,5
34516779710781,09:35:16.779,49.5100,45
34516822122285,09:35:16.822,49.5300,5
34516822122285,09:35:16.822,49.5300,100
34516823264673,09:35:16.823,49.5400,200
34516824107131,09:35:16.824,49.5400,200
34516831576244,09:35:16.831,49.5400,100
34516838877192,09:35:16.838,49.5400,100
34517222057631,09:35:17.222,49.5500,100
34517222057631,09:35:17.222,49.5500,2
34517222057631,09:35:17.222,49.5500,100
34517222057631,09:35:17.222,49.5500,98
34521453364080,09:35:21.453,49.5500,100
34521453364080,09:35:21.453,49.5500,93
34531371273617,09:35:31.371,49.5600,100
34537226713102,09:35:37.226,49.5500,100
34537226713102,09:35:37.226,49.5500,500
34537226763648,09:35:37.226,49.5500,30
34537227040279,09:35:37.227,49.5700,100
34537227583807,09:35:37.227,49.5600,100
34537227583807,09:35:37.227,49.5700,100
34537227652663,09:35:37.227,49.5700,100
34537227663391,09:35:37.227,49.5500,10
34537227663391,09:35:37.227,49.5500,10
34537227663391,09:35:37.227,49.5500,10
34537227663391,09:35:37.227,49.5400,100
34537227663391,09:35:37.227,49.5400,70
34537623479390,09:35:37.623,49.5800,100
34538723650448,09:35:38.723,49.5900,11
34538723650448,09:35:38.723,49.5900,89
34541897266952,09:35:41.897,49.5800,100
34541897266952,09:35:41.897,49.5800,100
34555044814311,09:35:55.044,49.5000,100
34556929821223,09:35:56.929,49.5350,100
34589134373895,09:36:29.134,49.5000,2
34589134373895,09:36:29.134,49.4600,98
34589134607167,09:36:29.134,49.4600,2
34651185095548,09:37:31.185,49.3700,100
34652574773891,09:37:32.574,49.3700,100
34655827272652,09:37:35.827,49.3200,100
34684093896938,09:38:04.093,49.2200,90
34684093896938,09:38:04.093,49.2200,100
34684093896938,09:38:04.093,49.2300,100
34684093896938,09:38:04.093,49.2300,10
34684093915934,09:38:04.093,49.2300,68
34684093923264,09:38:04.093,49.2300,100
34684093941104,09:38:04.093,49.2300,22
34685059481502,09:38:05.059,49.2700,100
34685060871549,09:38:05.060,49.2600,100
34685357571555,09:38:05.357,49.2700,100
34685357665583,09:38:05.357,49.2700,100
34685357763033,09:38:05.357,49.2700,100
34685357795671,09:38:05.357,49.2700,100
34685357795671,09:38:05.357,49.2800,100
34685757710098,09:38:05.757,49.2800,100
34685759231363,09:38:05.759,49.2900,31
34685759325202,09:38:05.759,49.2900,31
34792419773522,09:39:52.419,49.4000,51
34792419773522,09:39:52.419,49.4000,49
34792419799054,09:39:52.419,49.4000,151
34802765407951,09:40:02.765,49.4400,100
34802964480084,09:40:02.964,49.4500,100
34802964480084,09:40:02.964,49.4500,100
34802964597913,09:40:02.964,49.4500,100
34981208260264,09:43:01.208,49.4700,100
34989409656579,09:43:09.409,49.4800,100
34989410441465,09:43:09.410,49.5100,6
34989418805688,09:43:09.418,49.5100,94
34989419065857,09:43:09.419,49.5200,93
34989419083021,09:43:09.419,49.5200,7
34989853818499,09:43:09.853,49.5700,100
35036158281255,09:43:56.158,49.5400,100
35036158392573,09:43:56.158,49.5400,17
35036158403864,09:43:56.158,49.5400,73
35036158549154,09:43:56.158,49.5400,100
35036158549720,09:43:56.158,49.5400,10
35036158549720,09:43:56.158,49.5300,90
35036158551503,09:43:56.158,49.5300,10
35036159895882,09:43:56.159,49.5400,100
35036159946340,09:43:56.159,49.5500,100
35036161042444,09:43:56.161,49.5400,11
35045861394821,09:44:05.861,49.5600,100
35045863439101,09:44:05.863,49.5600,100
35046892981660,09:44:06.892,49.5600,11
35046892981660,09:44:06.892,49.5600,100
35046892981660,09:44:06.892,49.5600,89
35046982389266,09:44:06.982,49.5700,100
35046983524799,09:44:06.983,49.5700,100
35047382113602,09:44:07.382,49.5700,100
35047882157412,09:44:07.882,49.5800,100
35134443771279,09:45:34.443,49.5100,100
35210025161480,09:46:50.025,49.5400,100
35242605258608,09:47:22.605,49.5400,90
35254316271438,09:47:34.316,49.5100,100
35330557904814,09:48:50.557,49.3700,100
35330557904814,09:48:50.557,49.3700,100
35426891786367,09:50:26.891,49.3000,60
35426891786367,09:50:26.891,49.2800,30
35426911350826,09:50:26.911,49.3000,100
35426954451167,09:50:26.954,49.3400,100
35457015135671,09:50:57.015,49.2800,70
35515318934023,09:51:55.318,49.2600,100
35549078050264,09:52:29.078,49.2300,100
35662404526776,09:54:22.404,49.2900,42
35662404551988,09:54:22.404,49.2900,58
35662404551988,09:54:22.404,49.2900,87
35662404554304,09:54:22.404,49.2900,113
35662404554304,09:54:22.404,49.2900,187
35662404576453,09:54:22.404,49.2900,13
35664714393950,09:54:24.714,49.2900,1
35664714398243,09:54:24.714,49.2900,1
35664714398760,09:54:24.714,49.2900,1
35664714401506,09:54:24.714,49.2900,1
35664714403047,09:54:24.714,49.2900,1
35664714403537,09:54:24.714,49.2900,1
35762261119661,09:56:02.261,49.2800,100
35762261495212,09:56:02.261,49.2600,11
35772265559969,09:56:12.265,49.2100,11
35775530094552,09:56:15.530,49.2400,100
35848335720763,09:57:28.335,49.2450,1
35848335720763,09:57:28.335,49.2450,1
35848335720763,09:57:28.335,49.2450,1
35848335720763,09:57:28.335,49.2450,1
35848335720763,09:57:28.335,49.2450,1
35848335720763,09:57:28.335,49.2450,1
35848335720763,09:57:28.335,49.2450,1
35848335720763,09:57:28.335,49.2450,1
35848335720763,09:57:28.335,49.2450,1
35848335720763,09:57:28.335,49.2450,1
35848335720763,09:57:28.335,49.2450,1
35876609740337,09:57:56.609,49.1900,11
36067583739990,10:01:07.583,49.3300,100
36137616238310,10:02:17.616,49.3500,9
36137616238310,10:02:17.616,49.3500,7
36137616238310,10:02:17.616,49.3500,19
36137616282603,10:02:17.616,49.3500,65
36157367408422,10:02:37.367,49.3200,100
36157367408422,10:02:37.367,49.3200,9
36157367478305,10:02:37.367,49.3200,1
36157367478305,10:02:37.367,49.3200,4
36157367487478,10:02:37.367,49.3200,5
36157367562671,10:02:37.367,49.3200,52
36157367637072,10:02:37.367,49.3200,8
36157368158471,10:02:37.368,49.3100,52
36157368646642,10:02:37.368,49.3100,48
36157370379447,10:02:37.370,49.3000,100
36157370379447,10:02:37.370,49.3000,100
36157370379447,10:02:37.370,49.3000,100
36157372472906,10:02:37.372,49.3000,38
36157372474292,10:02:37.372,49.3000,62
36165411031080,10:02:45.411,49.3200,100
36166706715067,10:02:46.706,49.2900,98
36166706926854,10:02:46.706,49.2900,2
36166706926854,10:02:46.706,49.2900,10
36166915353013,10:02:46.915,49.3000,100
36196188238296,10:03:16.188,49.2700,100
36196189713051,10:03:16.189,49.2600,100
36197498719892,10:03:17.498,49.2400,85
36254161687214,10:04:14.161,49.3100,75
36264599228539,10:04:24.599,49.2800,100
36269020252054,10:04:29.020,49.2600,21
36269020280228,10:04:29.020,49.2600,79
36269020280228,10:04:29.020,49.2600,9
36269020280228,10:04:29.020,49.2600,3
36303620083999,10:05:03.620,49.2750,1
36303620083999,10:05:03.620,49.2750,1
36303620083999,10:05:03.620,49.2750,1
36303620083999,10:05:03.620,49.2750,1
36303620083999,10:05:03.620,49.2750,1
36303620083999,10:05:03.620,49.2750,1
36303620083999,10:05:03.620,49.2750,1
36303620083999,10:05:03.620,49.2750,1
36303620083999,10:05:03.620,49.2750,1
36303620083999,10:05:03.620,49.2750,1
36303620083999,10:05:03.620,49.2750,1
36303620083999,10:05:03.620,49.2750,1
36310190545929,10:05:10.190,49.2700,300
36310190565094,10:05:10.190,49.2700,1
36310190720003,10:05:10.190,49.2700,167
36310190738847,10:05:10.190,49.2700,69
36310190746037,10:05:10.190,49.2700,64
36310190746037,10:05:10.190,49.2700,69
36310190747561,10:05:10.190,49.2700,133
36310190761263,10:05:10.190,49.2700,133
36310190805364,10:05:10.190,49.2700,133
36310190922904,10:05:10.190,49.2700,216
36310190953460,10:05:10.190,49.2700,95
36310195594897,10:05:10.195,49.2700,40
36310629899348,10:05:10.629,49.2600,90
36310629926067,10:05:10.629,49.2600,10
36310631519514,10:05:10.631,49.2600,1
36311802878429,10:05:11.802,49.2600,100
36311802878429,10:05:11.802,49.2600,100
36311815663744,10:05:11.815,49.2700,122
36313013422454,10:05:13.013,49.2700,138
36313013422454,10:05:13.013,49.2700,62
36316904275913,10:05:16.904,49.2800,100
36316904275913,10:05:16.904,49.2800,100
36318000430967,10:05:18.000,49.2600,100
36322842620961,10:05:22.842,49.2400,15
36322842620961,10:05:22.842,49.2400,100
36322842620961,10:05:22.842,49.2400,100
36322843385178,10:05:22.843,49.2300,100
36322844029897,10:05:22.844,49.2300,11
36350737215056,10:05:50.737,49.2000,10
36350737215056,10:05:50.737,49.2000,14
36376450487995,10:06:16.450,49.1800,5
36376450487995,10:06:16.450,49.1800,95
36408386709872,10:06:48.386,49.1900,100
36408386763604,10:06:48.386,49.1900,5
36408386828919,10:06:48.386,49.1800,100
36417202733014,10:06:57.202,49.1900,100
36417203040392,10:06:57.203,49.1900,100
36417204004699,10:06:57.204,49.1900,100
36417204004699,10:06:57.204,49.1900,100
36417204004699,10:06:57.204,49.1900,100
36448996841074,10:07:28.996,49.1800,100
36448998088598,10:07:28.998,49.1800,100
36452397974946,10:07:32.397,49.1600,11
36479339553533,10:07:59.339,49.1500,100
36479340489365,10:07:59.340,49.1400,1
36479340489919,10:07:59.340,49.1400,1
36479340568939,10:07:59.340,49.1400,1
36479340925199,10:07:59.340,49.1400,1
36479480648292,10:07:59.480,49.1300,100
36491782113496,10:08:11.782,49.1000,11
36491782113496,10:08:11.782,49.1000,7
36491782578344,10:08:11.782,49.0800,1
36491782581520,10:08:11.782,49.0800,1
36491783052150,10:08:11.783,49.0800,1
36506233513945,10:08:26.233,49.1100,100
36506233583014,10:08:26.233,49.1100,100
36506256249208,10:08:26.256,49.1100,83
36506381640157,10:08:26.381,49.1200,23
36506381697756,10:08:26.381,49.1200,77
36506381697756,10:08:26.381,49.1200,15
36506381875677,10:08:26.381,49.1200,155
36506381893808,10:08:26.381,49.1200,30
36507162124413,10:08:27.162,49.1300,100
36511170803947,10:08:31.170,49.1200,30
36526201523380,10:08:46.201,49.1100,317
36526201523380,10:08:46.201,49.1100,100
36527273450237,10:08:47.273,49.1300,100
36527275051960,10:08:47.275,49.1400,100
36527275051960,10:08:47.275,49.1400,100
36527275051960,10:08:47.275,49.1400,100
36527275356186,10:08:47.275,49.1400,100
36527275598380,10:08:47.275,49.1400,100
36527292650961,10:08:47.292,49.1400,100
36527292808098,10:08:47.292,49.1400,100
36527294413478,10:08:47.294,49.1500,100
36527294468402,10:08:47.294,49.1500,100
36527295975159,10:08:47.295,49.1500,100
36553376801754,10:09:13.376,49.1200,100
36559685033164,10:09:19.685,49.1000,100
36595148027993,10:09:55.148,49.1300,100
36595148699654,10:09:55.148,49.1400,100
36595149695740,10:09:55.149,49.1400,15
36595149695740,10:09:55.149,49.1400,100
36595151167326,10:09:55.151,49.1500,100
36595288896200,10:09:55.288,49.1600,100
36595289065248,10:09:55.289,49.1600,100
36595289065248,10:09:55.289,49.1600,100
36595289429822,10:09:55.289,49.1600,100
36595289429822,10:09:55.289,49.1700,100
36595289429822,10:09:55.289,49.1700,100
36595289429822,10:09:55.289,49.1700,100
36598914761596,10:09:58.914,49.1600,100
36613366001993,10:10:13.366,49.1900,40
36613366017293,10:10:13.366,49.1900,60
36613366340563,10:10:13.366,49.2000,49
36630380222409,10:10:30.380,49.1700,100
36654138932429,10:10:54.138,49.1600,100
36657927792571,10:10:57.927,49.1600,7
36657927792571,10:10:57.927,49.1600,93
36657927824471,10:10:57.927,49.1600,7
36657927825940,10:10:57.927,49.1600,7
36657927853497,10:10:57.927,49.1600,100
36657927892627,10:10:57.927,49.1600,7
36657928242349,10:10:57.928,49.1600,7
36662341632005,10:11:02.341,49.1800,200
36665106417191,10:11:05.106,49.2000,100
36666772683749,10:11:06.772,49.1800,100
36667413579189,10:11:07.413,49.2000,4
36672135587261,10:11:12.135,49.2000,47
36690855930789,10:11:30.855,49.2200,100
36691527464006,10:11:31.527,49.2100,1
36799936651845,10:13:19.936,49.2300,100
36799936651845,10:13:19.936,49.2300,5
36804199919812,10:13:24.199,49.2200,100
36806868998322,10:13:26.868,49.2200,100
36819467785809,10:13:39.467,49.2200,100
36819468092392,10:13:39.468,49.2200,100
36819468111777,10:13:39.468,49.2100,100
36819493635881,10:13:39.493,49.2200,90
36819493635881,10:13:39.493,49.2200,10
36820700063712,10:13:40.700,49.2300,100
36825795247821,10:13:45.795,49.2300,90
36825795247821,10:13:45.795,49.2300,10
36832720881784,10:13:52.720,49.2500,100
36832723128551,10:13:52.723,49.2700,100
36832723128551,10:13:52.723,49.2700,100
36832723128551,10:13:52.723,49.2700,100
36832725787780,10:13:52.725,49.2900,100
36839566872823,10:13:59.566,49.2800,10
36839566872823,10:13:59.566,49.2700,90
36871244192339,10:14:31.244,49.2700,100
36871244192339,10:14:31.244,49.2700,2
36871244239083,10:14:31.244,49.2500,8
36871244295851,10:14:31.244,49.2500,10
36873656446308,10:14:33.656,49.2500,100
36934104133887,10:15:34.104,49.1900,51
36934104133887,10:15:34.104,49.1600,49
36934104161039,10:15:34.104,49.1600,51
36969759225359,10:16:09.759,49.1600,100
36982500962116,10:16:22.500,49.1900,100
37068072978740,10:17:48.072,49.1700,100
37068072978740,10:17:48.072,49.1700,3
37068072978740,10:17:48.072,49.1700,100
37068072978740,10:17:48.072,49.1700,100
37068072978740,10:17:48.072,49.1700,10
37068073033972,10:17:48.073,49.1700,10
37078689198756,10:17:58.689,49.1700,62
37078689198756,10:17:58.689,49.1400,38
37093460583225,10:18:13.460,49.1400,3
37110232688357,10:18:30.232,49.1200,100
37110463457478,10:18:30.463,49.1100,600
37110463481890,10:18:30.463,49.1100,900
37110463483167,10:18:30.463,49.1100,900
37110463493538,10:18:30.463,49.1100,600
37110465240512,10:18:30.465,49.1200,100
37110466158254,10:18:30.466,49.1000,100
37110466185577,10:18:30.466,49.1000,100
37110466185577,10:18:30.466,49.1000,100
37125721556088,10:18:45.721,49.1200,100
37125721556088,10:18:45.721,49.1200,100
37126501114205,10:18:46.501,49.1400,100
37126804043802,10:18:46.804,49.1500,100
37126804069081,10:18:46.804,49.1500,100
37139989030233,10:18:59.989,49.1300,700
37140565226585,10:19:00.565,49.1400,300
37148175569962,10:19:08.175,49.1600,100
37148175574405,10:19:08.175,49.1600,100
37154573961979,10:19:14.573,49.1700,100
37174143117691,10:19:34.143,49.1800,100
37174143117691,10:19:34.143,49.1800,62
37174143144504,10:19:34.143,49.1800,38
37193252089019,10:19:53.252,49.2000,100
37195016678600,10:19:55.016,49.2100,100
37217041113982,10:20:17.041,49.2700,100
37248987924364,10:20:48.987,49.2500,1
37260950803336,10:21:00.950,49.2900,100
37260951152577,10:21:00.951,49.2900,100
37266791823753,10:21:06.791,49.2700,2
37266791823753,10:21:06.791,49.2700,100
37266791823753,10:21:06.791,49.2700,37
37266791824793,10:21:06.791,49.2700,99
37266791824793,10:21:06.791,49.2700,40
37266791875001,10:21:06.791,49.2700,100
37266792061916,10:21:06.792,49.2700,139
37267071288252,10:21:07.071,49.2600,10
37271095370729,10:21:11.095,49.2600,100
37271095396197,10:21:11.095,49.2600,100
37271095980076,10:21:11.095,49.2700,100
37271095980076,10:21:11.095,49.2700,100
37278829563438,10:21:18.829,49.2900,100
37278829698498,10:21:18.829,49.2900,100
37280130263339,10:21:20.130,49.3200,100
37280132605546,10:21:20.132,49.3300,100
37280132689806,10:21:20.132,49.3300,100
37287361615553,10:21:27.361,49.3500,100
37300589997725,10:21:40.589,49.3200,62
37300590197453,10:21:40.590,49.3200,38
37300590197453,10:21:40.590,49.3200,100
37300590197453,10:21:40.590,49.3200,12
37300590204479,10:21:40.590,49.3200,70
37300590227276,10:21:40.590,49.3200,18
37315919881785,10:21:55.919,49.2900,43
37319301399031,10:21:59.301,49.2700,100
37331057550952,10:22:11.057,49.2700,100
37331058038827,10:22:11.058,49.2600,100
37331058038827,10:22:11.058,49.2600,100
37331058454235,10:22:11.058,49.2700,300
37331058454235,10:22:11.058,49.2700,100
37331058454235,10:22:11.058,49.2700,100
37331058575990,10:22:11.058,49.2700,100
37331058575990,10:22:11.058,49.2800,200
37331058603663,10:22:11.058,49.2800,100
37331058911095,10:22:11.058,49.2800,100
37331058911095,10:22:11.058,49.2800,10
37331058911095,10:22:11.058,49.2800,100
37331058911095,10:22:11.058,49.2800,10
37331058911095,10:22:11.058,49.2700,90
37333160881762,10:22:13.160,49.3000,100
37335754011891,10:22:15.754,49.3100,100
37375944230270,10:22:55.944,49.2600,10
37375944748329,10:22:55.944,49.2500,1
37375946946621,10:22:55.946,49.2500,1
37381507745982,10:23:01.507,49.2500,97
37381507745982,10:23:01.507,49.2500,3
37381508083208,10:23:01.508,49.2500,97
37391600255908,10:23:11.600,49.2400,100
37393341720952,10:23:13.341,49.2300,100
37406166508721,10:23:26.166,49.2200,3
37406339194375,10:23:26.339,49.2200,97
37425593538010,10:23:45.593,49.2000,100
37428679933075,10:23:48.679,49.2300,100
37428981506891,10:23:48.981,49.2300,2
37428981506891,10:23:48.981,49.2400,98
37428981652664,10:23:48.981,49.2400,2
37428982624401,10:23:48.982,49.2600,100
37428982624401,10:23:48.982,49.2600,100
37428982624401,10:23:48.982,49.2600,100
37432762350401,10:23:52.762,49.2700,100
37447371525065,10:24:07.371,49.2700,100
37470608129426,10:24:30.608,49.2500,100
37473812317376,10:24:33.812,49.2500,2
37473812317376,10:24:33.812,49.2500,68
37490705770669,10:24:50.705,49.1900,100
37493863541662,10:24:53.863,49.1900,100
37499356236949,10:24:59.356,49.1900,100
37502693194286,10:25:02.693,49.1900,100
37502811156897,10:25:02.811,49.1800,100
37503104969664,10:25:03.104,49.1700,60
37503104975460,10:25:03.104,49.1700,40
37503104980931,10:25:03.104,49.1600,30
37503104982207,10:25:03.104,49.1600,70
37512140829191,10:25:12.140,49.1800,100
37559287122314,10:25:59.287,49.2000,100
37559287669876,10:25:59.287,49.2000,200
37559287690899,10:25:59.287,49.2100,14
37559287708223,10:25:59.287,49.2100,86
37569592163346,10:26:09.592,49.2400,100
37569592163346,10:26:09.592,49.2400,100
37591923322677,10:26:31.923,49.2200,100
37591923322677,10:26:31.923,49.2200,100
37591923322677,10:26:31.923,49.2200,100
37591923342991,10:26:31.923,49.2200,84
37610097691882,10:26:50.097,49.2000,1
37618608490924,10:26:58.608,49.2300,100
37628752757571,10:27:08.752,49.2100,100
37632499603491,10:27:12.499,49.2100,99
37632499603491,10:27:12.499,49.2100,4
37632499603491,10:27:12.499,49.2100,100
37632499603491,10:27:12.499,49.2100,100
37659415571000,10:27:39.415,49.2300,100
37659434433777,10:27:39.434,49.2300,34
37662432946909,10:27:42.432,49.2200,100
37693813860969,10:28:13.813,49.2300,8
37693813861460,10:28:13.813,49.2300,70
37693813893135,10:28:13.813,49.2300,22
37693822542722,10:28:13.822,49.2400,100
37693822542722,10:28:13.822,49.2400,100
37693823093936,10:28:13.823,49.2400,100
37694004444302,10:28:14.004,49.2500,100
37694004470150,10:28:14.004,49.2500,100
37697955303730,10:28:17.955,49.2900,100
37697955383611,10:28:17.955,49.2800,100
37697955383611,10:28:17.955,49.2800,100
37697955383611,10:28:17.955,49.2800,100
37720609103199,10:28:40.609,49.2700,100
37720609163261,10:28:40.609,49.2700,6
37737109926988,10:28:57.109,49.2900,10
37737109926988,10:28:57.109,49.2900,9
37765907851400,10:29:25.907,49.2700,75
37765907851400,10:29:25.907,49.2600,100
37765907851400,10:29:25.907,49.2600,25
37765907991744,10:29:25.907,49.2600,75
37765908951222,10:29:25.908,49.2600,15
37772013926079,10:29:32.013,49.2900,91
37779731767831,10:29:39.731,49.3100,100
37794160199090,10:29:54.160,49.3100,3
37800041751767,10:30:00.041,49.2900,100
37812267492577,10:30:12.267,49.2900,100
37812290402079,10:30:12.290,49.2900,100
37832415496047,10:30:32.415,49.2900,5
37847765403526,10:30:47.765,49.2800,2
37847765403526,10:30:47.765,49.2800,98
37943637934583,10:32:23.637,49.3100,100
37943637934583,10:32:23.637,49.3100,100
37943773252339,10:32:23.773,49.3300,100
37943774827236,10:32:23.774,49.3400,26
37943774829743,10:32:23.774,49.3400,66
37943774851483,10:32:23.774,49.3400,8
37943774851483,10:32:23.774,49.3400,100
37957430472873,10:32:37.430,49.3800,100
37966308676136,10:32:46.308,49.3700,100
37968266882444,10:32:48.266,49.3600,100
37968269183087,10:32:48.269,49.3600,4
38052085666368,10:34:12.085,49.3500,80
38052085666368,10:34:12.085,49.3500,53
38052085667183,10:34:12.085,49.3500,47
38052085678558,10:34:12.085,49.3400,19
38052086906440,10:34:12.086,49.3400,3
38052086906440,10:34:12.086,49.3300,37
38052099141663,10:34:12.099,49.3800,5
38068427067559,10:34:28.427,49.3400,100
38068427097509,10:34:28.427,49.3400,100
38088244481760,10:34:48.244,49.3200,100
38106658695409,10:35:06.658,49.3300,1
38106658695409,10:35:06.658,49.3300,1
38106658695409,10:35:06.658,49.3300,1
38106658695409,10:35:06.658,49.3300,1
38106658695409,10:35:06.658,49.3500,100
38106659090804,10:35:06.659,49.3500,100
38106661994987,10:35:06.661,49.3600,100
38106661994987,10:35:06.661,49.3600,100
38106766548340,10:35:06.766,49.3700,100
38106779520760,10:35:06.779,49.3800,100
38106779520760,10:35:06.779,49.3800,100
38106779520760,10:35:06.779,49.3800,100
38106779790667,10:35:06.779,49.3800,100
38106779790667,10:35:06.779,49.3800,100
38107039249782,10:35:07.039,49.3800,100
38107230709352,10:35:07.230,49.3900,100
38126148771225,10:35:26.148,49.4000,39
38126148798899,10:35:26.148,49.4000,61
38126148798899,10:35:26.148,49.4000,4
38128342954608,10:35:28.342,49.4200,100
38131276870605,10:35:31.276,49.4800,100
38131276870605,10:35:31.276,49.4900,100
38131276937110,10:35:31.276,49.4900,96
38145933417595,10:35:45.933,49.5100,100
38145933508779,10:35:45.933,49.5100,200
38145933526078,10:35:45.933,49.5100,59
38145933530835,10:35:45.933,49.5100,841
38145933530835,10:35:45.933,49.5100,259
38145933538326,10:35:45.933,49.5100,900
38145933558736,10:35:45.933,49.5100,259
38146051297451,10:35:46.051,49.5000,382
38146051362503,10:35:46.051,49.4900,20
38160653663785,10:36:00.653,49.4700,100
38173143392739,10:36:13.143,49.4600,42
38173143816387,10:36:13.143,49.4600,58
38173144251591,10:36:13.144,49.4600,1
38173144253331,10:36:13.144,49.4600,1
38268135199371,10:37:48.135,49.4500,1
38268135202859,10:37:48.135,49.4500,1
38268135204397,10:37:48.135,49.4500,1
38268135227176,10:37:48.135,49.4500,97
38268135227176,10:37:48.135,49.4500,100
38268135227176,10:37:48.135,49.4500,14
38268135227176,10:37:48.135,49.4500,184
38268135227176,10:37:48.135,49.4500,2
38299609882986,10:38:19.609,49.4800,200
38299609882986,10:38:19.609,49.4800,100
38299609887889,10:38:19.609,49.4800,100
38317155866687,10:38:37.155,49.5100,100
38317156536419,10:38:37.156,49.5200,100
38325619622305,10:38:45.619,49.5000,100
38325623997361,10:38:45.623,49.4900,1
38333089083755,10:38:53.089,49.4900,99
38333089083755,10:38:53.089,49.4900,1
38333089114542,10:38:53.089,49.4900,99
38335151001335,10:38:55.151,49.4800,100
38343138749333,10:39:03.138,49.4700,100
38350263924800,10:39:10.263,49.4600,100
38350263926020,10:39:10.263,49.4600,100
38352743270180,10:39:12.743,49.4500,100
38361317726635,10:39:21.317,49.4100,1
38363248933742,10:39:23.248,49.3800,100
38396523674607,10:39:56.523,49.3700,100
38406839813893,10:40:06.839,49.3600,100
38406839870588,10:40:06.839,49.3600,4
38412513117622,10:40:12.513,49.3600,57
38412513117622,10:40:12.513,49.3500,43
38412513553118,10:40:12.513,49.3500,33
38425920079397,10:40:25.920,49.3400,100
38427270475723,10:40:27.270,49.3200,100
38450232849112,10:40:50.232,49.3400,100
38450232849112,10:40:50.232,49.3400,100
38450232925559,10:40:50.232,49.3400,100
38450233281908,10:40:50.233,49.3400,43
38450233302823,10:40:50.233,49.3400,56
38450238005220,10:40:50.238,49.3400,100
38452401478837,10:40:52.401,49.3600,100
38452401478837,10:40:52.401,49.3700,100
38452401546256,10:40:52.401,49.3700,100
38452401546256,10:40:52.401,49.3700,100
38452401920300,10:40:52.401,49.3700,44
38464657908221,10:41:04.657,49.3500,100
38468899090612,10:41:08.899,49.3350,1
38468899090612,10:41:08.899,49.3350,1
38468899090612,10:41:08.899,49.3350,1
38468899090612,10:41:08.899,49.3350,1
38468899090612,10:41:08.899,49.3350,1
38468899090612,10:41:08.899,49.3600,4
38468899122980,10:41:08.899,49.3600,96
38480305575647,10:41:20.305,49.3300,100
38480305590414,10:41:20.305,49.3300,46
38480305590414,10:41:20.305,49.3300,20
38497609050647,10:41:37.609,49.3300,80
38531259461817,10:42:11.259,49.3500,100
38533531122740,10:42:13.531,49.3400,200
38534262363416,10:42:14.262,49.3700,100
38546640040551,10:42:26.640,49.3500,2
38546640040551,10:42:26.640,49.3500,13
38546640040551,10:42:26.640,49.3500,2
38546640040551,10:42:26.640,49.3300,83
38556531361551,10:42:36.531,49.3300,17
38556531361551,10:42:36.531,49.3300,8
38556531361551,10:42:36.531,49.3300,175
38568877775452,10:42:48.877,49.3300,25
38568878402173,10:42:48.878,49.3300,100
38568878402173,10:42:48.878,49.3300,100
38568878454686,10:42:48.878,49.3300,175
38569120963281,10:42:49.120,49.3600,100
38569154740356,10:42:49.154,49.3700,100
38569154830898,10:42:49.154,49.3800,46
38569154953558,10:42:49.154,49.3800,32
38569155034999,10:42:49.155,49.3800,22
38569155711628,10:42:49.155,49.3800,10
38569155751569,10:42:49.155,49.3800,10
38577787854595,10:42:57.787,49.3700,100
38590169904171,10:43:10.169,49.3600,100
38605662184668,10:43:25.662,49.3500,100
38638653548107,10:43:58.653,49.3300,100
38644880246621,10:44:04.880,49.3600,100
38644880351805,10:44:04.880,49.3600,100
38683348263927,10:44:43.348,49.3700,100
38685702756311,10:44:45.702,49.3500,100
38718128577070,10:45:18.128,49.3500,8
38723137242371,10:45:23.137,49.3500,73
38736049126495,10:45:36.049,49.3800,100
38736052820813,10:45:36.052,49.3900,100
38738493768645,10:45:38.493,49.3900,100
38738493768645,10:45:38.493,49.3900,100
38743498917338,10:45:43.498,49.3900,78
38745657697062,10:45:45.657,49.3900,22
38745657697062,10:45:45.657,49.3900,78
38745657728411,10:45:45.657,49.3900,22
38781763570335,10:46:21.763,49.3600,8
38781763570335,10:46:21.763,49.3600,92
38783784929826,10:46:23.784,49.3600,8
38783784935768,10:46:23.784,49.3600,8
38800247249793,10:46:40.247,49.3600,80
38810119154405,10:46:50.119,49.3600,10
38810119154405,10:46:50.119,49.3500,90
38817044284767,10:46:57.044,49.3500,110
38817211042721,10:46:57.211,49.3600,100
38818904727459,10:46:58.904,49.3600,100
38818904727459,10:46:58.904,49.3600,100
38822648798748,10:47:02.648,49.3500,1
38868017202365,10:47:48.017,49.3400,13
38868017202365,10:47:48.017,49.3300,10
38868017202365,10:47:48.017,49.3300,87
38870595307510,10:47:50.595,49.3200,100
38898475939880,10:48:18.475,49.3000,100
38899182163085,10:48:19.182,49.3000,10
38929432955633,10:48:49.432,49.2900,100
38949754598786,10:49:09.754,49.2900,100
38952536087596,10:49:12.536,49.2900,77
38952536087596,10:49:12.536,49.2800,23
38959811564742,10:49:19.811,49.3100,100
38959811564742,10:49:19.811,49.3100,100
38959812546877,10:49:19.812,49.3200,100
38959812572416,10:49:19.812,49.3200,100
38959812572416,10:49:19.812,49.3200,100
38960331428840,10:49:20.331,49.3400,100
38960331428840,10:49:20.331,49.3400,100
38960331583104,10:49:20.331,49.3400,100
38974775756255,10:49:34.775,49.3300,100
38974776249867,10:49:34.776,49.3200,15
38974776249867,10:49:34.776,49.3200,200
38988743176354,10:49:48.743,49.3400,100
38992084417474,10:49:52.084,49.3400,2
38992084417474,10:49:52.084,49.3400,2
38992084417474,10:49:52.084,49.3300,96
39005061790362,10:50:05.061,49.3600,100
39005061801016,10:50:05.061,49.3900,100
39005061801016,10:50:05.061,49.3900,100
39005061801016,10:50:05.061,49.3900,100
39005061963513,10:50:05.061,49.3600,100
39005061979859,10:50:05.061,49.3600,100
39005062032422,10:50:05.062,49.3500,100
39005062243335,10:50:05.062,49.3500,15
39005062243335,10:50:05.062,49.3500,52
39005062244917,10:50:05.062,49.3500,48
39005062244917,10:50:05.062,49.3400,52
39005062245962,10:50:05.062,49.3400,48
39005062245962,10:50:05.062,49.3400,52
39005062249197,10:50:05.062,49.3400,48
39005062249197,10:50:05.062,49.3400,152
39005062753772,10:50:05.062,49.3900,2
39005062762238,10:50:05.062,49.3500,56
39005063190907,10:50:05.063,49.3500,44
39005063252897,10:50:05.063,49.3900,85
39005063477175,10:50:05.063,49.3900,15
39005063477175,10:50:05.063,49.3900,85
39005063525091,10:50:05.063,49.3900,15
39005063723819,10:50:05.063,49.4100,100
39005063727943,10:50:05.063,49.4200,100
39005063727943,10:50:05.063,49.4200,100
39005063786871,10:50:05.063,49.4200,47
39005063833871,10:50:05.063,49.4200,53
39005064195238,10:50:05.064,49.4300,100
39005064627591,10:50:05.064,49.4400,15
39005065027955,10:50:05.065,49.4400,85
39005065158580,10:50:05.065,49.4500,40
39005065158580,10:50:05.065,49.4500,60
39005065242125,10:50:05.065,49.4500,100
39005065291220,10:50:05.065,49.4500,40
39005075416543,10:50:05.075,49.4500,100
39007126682659,10:50:07.126,49.4800,100
39007143227036,10:50:07.143,49.4900,100
39010533397480,10:50:10.533,49.4700,100
39015597412668,10:50:15.597,49.5100,100
39020569406616,10:50:20.569,49.5100,200
39020569579628,10:50:20.569,49.5100,463
39020569579628,10:50:20.569,49.5100,15
39051504671527,10:50:51.504,49.4900,100
39083094928134,10:51:23.094,49.4850,1
39083095061974,10:51:23.095,49.4850,1
39083095177096,10:51:23.095,49.4850,1
39083095292924,10:51:23.095,49.4850,1
39152123121863,10:52:32.123,49.5200,100
39152125123189,10:52:32.125,49.5400,100
39152125123189,10:52:32.125,49.5400,100
39152260132323,10:52:32.260,49.5500,100
39154186705364,10:52:34.186,49.5700,1
39158771600314,10:52:38.771,49.5700,100
39163384616546,10:52:43.384,49.5700,100
39170123437034,10:52:50.123,49.5700,100
39180220082577,10:53:00.220,49.5800,200
39180220137506,10:53:00.220,49.5800,100
39180220172298,10:53:00.220,49.5800,100
39180220195795,10:53:00.220,49.5800,1000
39180220195795,10:53:00.220,49.5800,39
39180220195795,10:53:00.220,49.5800,61
39180220218217,10:53:00.220,49.5800,100
39180220244561,10:53:00.220,49.5800,39
39180220291084,10:53:00.220,49.5800,699
39180220404783,10:53:00.220,49.5800,1100
39180220434270,10:53:00.220,49.5800,100
39180220434270,10:53:00.220,49.5800,100
39180220434270,10:53:00.220,49.5800,100
39180221558802,10:53:00.221,49.5800,564
39180222221208,10:53:00.222,49.5900,100
39180525212559,10:53:00.525,49.5900,100
39180525212559,10:53:00.525,49.5900,100
39180525640791,10:53:00.525,49.5800,1
39180525642205,10:53:00.525,49.5800,1
39180525650477,10:53:00.525,49.5800,1
39180525652942,10:53:00.525,49.5800,1
39180525653902,10:53:00.525,49.5800,1
39180525804475,10:53:00.525,49.5900,96
39182868048425,10:53:02.868,49.5800,400
39182868856251,10:53:02.868,49.6000,100
39182868856251,10:53:02.868,49.6000,100
39183565303805,10:53:03.565,49.6000,18
39185933803425,10:53:05.933,49.6000,82
39198405948599,10:53:18.405,49.5800,77
39198406155937,10:53:18.406,49.5800,77
39201039283324,10:53:21.039,49.5700,1
39208205772262,10:53:28.205,49.5700,500
39208205806893,10:53:28.205,49.5700,100
39208207122800,10:53:28.207,49.5700,21
39208207213568,10:53:28.207,49.5700,400
39208207259792,10:53:28.207,49.5700,79
39210230291919,10:53:30.230,49.5700,100
39210711362776,10:53:30.711,49.5700,100
39212579839572,10:53:32.579,49.5800,100
39215225541939,10:53:35.225,49.5700,100
39215226246673,10:53:35.226,49.5800,100
39215226246673,10:53:35.226,49.5800,100
39215245683506,10:53:35.245,49.5800,100
39242177560712,10:54:02.177,49.5800,64
39242177560712,10:54:02.177,49.5800,36
39242177587940,10:54:02.177,49.5800,64
39242177587940,10:54:02.177,49.5800,100
39252578686873,10:54:12.578,49.5800,3
39252578686873,10:54:12.578,49.5800,8
39252578764791,10:54:12.578,49.5800,92
39254709696695,10:54:14.709,49.5900,100
39286907731429,10:54:46.907,49.5600,1
39286907732737,10:54:46.907,49.5600,1
39286907734153,10:54:46.907,49.5600,1
39286907757376,10:54:46.907,49.5600,397
39286908953028,10:54:46.908,49.5600,10
39286912640246,10:54:46.912,49.5600,10
39289493649741,10:54:49.493,49.5400,100
39289493925770,10:54:49.493,49.5400,100
39297870046649,10:54:57.870,49.5200,10
39297870046649,10:54:57.870,49.5200,90
39322833014248,10:55:22.833,49.5200,10
39322833014248,10:55:22.833,49.5200,4
39322833014248,10:55:22.833,49.5200,86
39323860369012,10:55:23.860,49.5200,14
39344831643965,10:55:44.831,49.5000,100
39346724468324,10:55:46.724,49.5000,100
39346725467631,10:55:46.725,49.5100,100
39346725467631,10:55:46.725,49.5100,100
39346741278746,10:55:46.741,49.5000,400
39347041372691,10:55:47.041,49.5100,10
39352339097393,10:55:52.339,49.5200,100
39363689322066,10:56:03.689,49.5000,1
39363689770434,10:56:03.689,49.4800,1
39363692100940,10:56:03.692,49.4800,1
39363692216351,10:56:03.692,49.4800,1
39407556079212,10:56:47.556,49.4900,100
39407556202909,10:56:47.556,49.4900,100
39407556227174,10:56:47.556,49.4900,34
39407556268985,10:56:47.556,49.4900,100
39413388692023,10:56:53.388,49.4800,100
39444278007067,10:57:24.278,49.4900,100
39453298837801,10:57:33.298,49.4800,100
39454381851961,10:57:34.381,49.4900,100
39470003716975,10:57:50.003,49.4500,100
39495229178608,10:58:15.229,49.4700,100
39495230422091,10:58:15.230,49.4800,100
39495230422091,10:58:15.230,49.4800,100
39495464170099,10:58:15.464,49.4900,1
39495464197041,10:58:15.464,49.4900,99
39495464207120,10:58:15.464,49.4900,100
39495464614946,10:58:15.464,49.5000,100
39495464614946,10:58:15.464,49.5000,100
39501861834126,10:58:21.861,49.5000,132
39501861834126,10:58:21.861,49.5000,2
39501861934127,10:58:21.861,49.5100,100
39501862066719,10:58:21.862,49.5000,100
39511864599423,10:58:31.864,49.5000,1
39511864698652,10:58:31.864,49.5000,99
39516804300129,10:58:36.804,49.4900,4
39516804390883,10:58:36.804,49.4900,96
39516804390883,10:58:36.804,49.4900,100
39516804390883,10:58:36.804,49.4900,100
39516804419375,10:58:36.804,49.4900,65
39516804574174,10:58:36.804,49.4900,1
39530158827673,10:58:50.158,49.4700,100
39555117458915,10:59:15.117,49.4400,100
39555119314477,10:59:15.119,49.4500,100
39555119373852,10:59:15.119,49.4500,100
39555119422016,10:59:15.119,49.4500,25
39555119422016,10:59:15.119,49.4500,75
39555119471995,10:59:15.119,49.4500,25
39555119471995,10:59:15.119,49.4500,10
39586753851820,10:59:46.753,49.4600,100
39586754391828,10:59:46.754,49.4700,100
39587442793899,10:59:47.442,49.4700,100
39599810924661,10:59:59.810,49.4500,100
39601019169488,11:00:01.019,49.4600,100
39608762458703,11:00:08.762,49.4800,100
39608763532493,11:00:08.763,49.4900,100
39616261924271,11:00:16.261,49.4700,100
39617975052867,11:00:17.975,49.4600,100
39620159214869,11:00:20.159,49.4700,61
39652136612415,11:00:52.136,49.4500,100
39652136612415,11:00:52.136,49.4500,5
39652136612415,11:00:52.136,49.4500,100
39652136651949,11:00:52.136,49.4500,100
39659194209119,11:00:59.194,49.4500,100
39659196322159,11:00:59.196,49.4500,100
39662826292241,11:01:02.826,49.4600,99
39662826598263,11:01:02.826,49.4600,1
39663045361720,11:01:03.045,49.4700,39
39663045361720,11:01:03.045,49.4700,100
39663045361720,11:01:03.045,49.4700,61
39663045368969,11:01:03.045,49.4700,39
39663045368969,11:01:03.045,49.4700,100
39663045368969,11:01:03.045,49.4700,100
39663513057161,11:01:03.513,49.4800,100
39663513057161,11:01:03.513,49.4800,100
39663730314258,11:01:03.730,49.4800,100
39667415822013,11:01:07.415,49.4800,2
39671373287694,11:01:11.373,49.4800,100
39671373312252,11:01:11.373,49.4800,12
39687660507475,11:01:27.660,49.4400,100
39704167472383,11:01:44.167,49.4500,100
39712891330592,11:01:52.891,49.4300,100
39716899077131,11:01:56.899,49.4200,75
39722742157665,11:02:02.742,49.4400,100
39727460513097,11:02:07.460,49.4400,100
39727460935532,11:02:07.460,49.4400,100
39733425399573,11:02:13.425,49.4200,8
39733425399573,11:02:13.425,49.4200,100
39733425994944,11:02:13.425,49.4200,4
39733425996308,11:02:13.425,49.4200,12
39735795030365,11:02:15.795,49.4200,100
39735795030365,11:02:15.795,49.4200,100
39735873889533,11:02:15.873,49.4300,100
39735873952047,11:02:15.873,49.4300,100
39735873952047,11:02:15.873,49.4300,100
39735873952047,11:02:15.873,49.4300,100
39742715099680,11:02:22.715,49.4200,82
39742715157877,11:02:22.715,49.4200,18
39742738763450,11:02:22.738,49.4200,10
39742941213245,11:02:22.941,49.4200,100
39767230908882,11:02:47.230,49.4000,100
39769328734785,11:02:49.328,49.4200,100
39769328734785,11:02:49.328,49.4200,100
39769628815646,11:02:49.628,49.4300,100
39769628815646,11:02:49.628,49.4300,100
39769628815646,11:02:49.628,49.4300,100
39769628815646,11:02:49.628,49.4300,100
39769628815646,11:02:49.628,49.4300,100
39769628815646,11:02:49.628,49.4300,100
39790588810367,11:03:10.588,49.4400,100
39790588810367,11:03:10.588,49.4400,72
39790589383249,11:03:10.589,49.4400,28
39801290660459,11:03:21.290,49.4300,10
39801971491994,11:03:21.971,49.4200,100
39801972597430,11:03:21.972,49.4000,1
39801975851345,11:03:21.975,49.4000,1
39827849586301,11:03:47.849,49.3900,17
39833093710646,11:03:53.093,49.3900,83
39833093710646,11:03:53.093,49.3900,1
39833093710646,11:03:53.093,49.3900,100
39833093710646,11:03:53.093,49.3900,16
39833094208324,11:03:53.094,49.3900,84
39834324491263,11:03:54.324,49.3800,100
39845407357507,11:04:05.407,49.3700,10
39868595050211,11:04:28.595,49.3600,10
39868595050211,11:04:28.595,49.3600,2
39868595214616,11:04:28.595,49.3500,1
39873145848614,11:04:33.145,49.3600,100
39876749223199,11:04:36.749,49.3900,100
39877501918014,11:04:37.501,49.4000,100
39877501918014,11:04:37.501,49.4000,3
39877552440182,11:04:37.552,49.4100,100
39877864684099,11:04:37.864,49.4200,100
39877864684099,11:04:37.864,49.4200,100
39886749818405,11:04:46.749,49.4400,100
39893725972245,11:04:53.725,49.4300,1
39899961736890,11:04:59.961,49.4200,10
39899961736890,11:04:59.961,49.4200,90
39899961825759,11:04:59.961,49.4200,10
39899963191283,11:04:59.963,49.4100,2
39915326060428,11:05:15.326,49.4100,1
39915326060428,11:05:15.326,49.4100,16
39922356085072,11:05:22.356,49.4100,43
39922356085072,11:05:22.356,49.4000,57
39947705766022,11:05:47.705,49.4000,43
39947705766022,11:05:47.705,49.4000,57
39949073803532,11:05:49.073,49.4000,100
39979294005841,11:06:19.294,49.3800,9
39979294005841,11:06:19.294,49.3800,11
39979295309886,11:06:19.295,49.3600,80
39984367731236,11:06:24.367,49.4000,100
39984368105541,11:06:24.368,49.4100,100
39984368105541,11:06:24.368,49.4100,100
39984379727320,11:06:24.379,49.4200,100
39985422823013,11:06:25.422,49.4300,100
39985423131177,11:06:25.423,49.4400,46
39985423175307,11:06:25.423,49.4400,54
39989636723582,11:06:29.636,49.4400,100
39995392891244,11:06:35.392,49.4300,100
40000583492740,11:06:40.583,49.4200,2
40000583492740,11:06:40.583,49.4200,1
40000583492740,11:06:40.583,49.4200,97
40000583538531,11:06:40.583,49.4200,3
40033328468065,11:07:13.328,49.3900,100
40036219615174,11:07:16.219,49.3900,2
40038156697619,11:07:18.156,49.4000,100
40047168622037,11:07:27.168,49.5300,100
40047169694037,11:07:27.169,49.5300,100
40047515865350,11:07:27.515,49.5300,100
40049185689452,11:07:29.185,49.5500,200
40049185689452,11:07:29.185,49.5500,100
40050434742586,11:07:30.434,49.5600,4
40050435015205,11:07:30.435,49.5600,2
40050435223094,11:07:30.435,49.5600,98
40051201619388,11:07:31.201,49.5600,200
40051201619388,11:07:31.201,49.5700,100
40051201619388,11:07:31.201,49.5700,100
40051201656993,11:07:31.201,49.5700,100
40051202015961,11:07:31.202,49.5600,2
40051204082863,11:07:31.204,49.5600,100
40054914361667,11:07:34.914,49.5400,1
40054914361667,11:07:34.914,49.5300,1
40054914361667,11:07:34.914,49.5300,9
40054914451098,11:07:34.914,49.5300,89
40054914916392,11:07:34.914,49.5400,100
40054914916392,11:07:34.914,49.5400,100
40054914916392,11:07:34.914,49.5400,100
40054914916392,11:07:34.914,49.5400,100
40054914916392,11:07:34.914,49.5400,100
40054914916392,11:07:34.914,49.5400,200
40054915188040,11:07:34.915,49.5400,100
40057090308506,11:07:37.090,49.5300,100
40060595989812,11:07:40.595,49.5300,100
40064131014608,11:07:44.131,49.5500,100
40064131636561,11:07:44.131,49.5500,100
40064131661888,11:07:44.131,49.5500,100
40064131661888,11:07:44.131,49.5500,100
40064131665933,11:07:44.131,49.5500,2
40080375937848,11:08:00.375,49.5500,100
40080375966627,11:08:00.375,49.5500,10
40135283684777,11:08:55.283,49.5400,100
40141248541328,11:09:01.248,49.5400,1
40197613205499,11:09:57.613,49.5300,100
40202186815775,11:10:02.186,49.5200,1
40202186815775,11:10:02.186,49.5200,100
40206861284915,11:10:06.861,49.5100,100
40206861339214,11:10:06.861,49.5100,2
40206861339214,11:10:06.861,49.5100,2
40206861339214,11:10:06.861,49.5100,1
40206861387113,11:10:06.861,49.5100,5
40206861723390,11:10:06.861,49.5100,5
40210479374611,11:10:10.479,49.5100,90
40210479374611,11:10:10.479,49.5100,10
40210479607258,11:10:10.479,49.5100,90
40210963195457,11:10:10.963,49.5100,100
40211779800307,11:10:11.779,49.5200,100
40211779800307,11:10:11.779,49.5200,100
40211779911904,11:10:11.779,49.5200,100
40225843312510,11:10:25.843,49.5100,10
40225843312510,11:10:25.843,49.5100,90
40261078641575,11:11:01.078,49.5200,30
40261078641575,11:11:01.078,49.5300,70
40261078668145,11:11:01.078,49.5300,30
40263314005509,11:11:03.314,49.5200,100
40267095206468,11:11:07.095,49.5300,100
40267395289006,11:11:07.395,49.5400,100
40267395289006,11:11:07.395,49.5400,100
40267395667085,11:11:07.395,49.5400,100
40267618873948,11:11:07.618,49.5500,100
40270036814027,11:11:10.036,49.5500,98
40280984698134,11:11:20.984,49.5600,100
40281274310739,11:11:21.274,49.5500,100
40281274310739,11:11:21.274,49.5500,100
40290657116673,11:11:30.657,49.5200,1
40311230570034,11:11:51.230,49.5100,100
40352352735039,11:12:32.352,49.5300,2
40352352735039,11:12:32.352,49.5300,100
40352352735039,11:12:32.352,49.5300,98
40352352766194,11:12:32.352,49.5300,2
40370155236728,11:12:50.155,49.5400,100
40370155311140,11:12:50.155,49.5400,100
40370155616876,11:12:50.155,49.5400,30
40370155617394,11:12:50.155,49.5400,30
40370155646182,11:12:50.155,49.5400,70
40370155646182,11:12:50.155,49.5400,8
40370155777266,11:12:50.155,49.5300,100
40375873305602,11:12:55.873,49.5100,5
40375873334686,11:12:55.873,49.5100,95
40375873334686,11:12:55.873,49.5100,100
40375875444222,11:12:55.875,49.5100,100
40424211108225,11:13:44.211,49.4900,100
40424214504978,11:13:44.214,49.4800,1
40437010301473,11:13:57.010,49.4800,100
40437010328287,11:13:57.010,49.4800,100
40448854840615,11:14:08.854,49.4700,1
40448854840615,11:14:08.854,49.4700,99
40448856273333,11:14:08.856,49.4800,20
40458129354259,11:14:18.129,49.4700,1
40458129366337,11:14:18.129,49.4600,100
40465574529516,11:14:25.574,49.4700,100
40465574959359,11:14:25.574,49.4800,100
40465574959359,11:14:25.574,49.4800,1
40465585449444,11:14:25.585,49.4900,64
40465585472982,11:14:25.585,49.4900,36
40468178128872,11:14:28.178,49.4900,100
40496683309071,11:14:56.683,49.4800,10
40496683787176,11:14:56.683,49.4800,1
40496683790847,11:14:56.683,49.4800,1
40496683796281,11:14:56.683,49.4800,1
40496683798695,11:14:56.683,49.4800,1
40496684196070,11:14:56.684,49.4800,1
40496684350683,11:14:56.684,49.4800,1
40496684650801,11:14:56.684,49.4800,1
40496687436174,11:14:56.687,49.4800,1
40496687459203,11:14:56.687,49.4900,100
40496880421177,11:14:56.880,49.5000,100
40496880421177,11:14:56.880,49.5000,100
40496930992659,11:14:56.930,49.5000,1
40499251397045,11:14:59.251,49.5000,1
40499251397045,11:14:59.251,49.4900,99
40508892312585,11:15:08.892,49.4700,100
40531659786309,11:15:31.659,49.4700,100
40555689791669,11:15:55.689,49.4500,100
40555689817453,11:15:55.689,49.4500,100
40556434918171,11:15:56.434,49.4600,100
40556434918171,11:15:56.434,49.4600,100
40556434918171,11:15:56.434,49.4600,200
40556434944565,11:15:56.434,49.4600,300
40558478647398,11:15:58.478,49.4700,4
40568480108404,11:16:08.480,49.4800,100
40571124971924,11:16:11.124,49.4900,1
40571124971924,11:16:11.124,49.4800,1
40571124971924,11:16:11.124,49.4800,5
40572455881272,11:16:12.455,49.4800,1
40572463269894,11:16:12.463,49.4700,92
40572463269894,11:16:12.463,49.4900,6
40580790666501,11:16:20.790,49.4800,6
40580790666501,11:16:20.790,49.4800,1
40584458870598,11:16:24.458,49.4400,100
40591429500941,11:16:31.429,49.4300,100
40591430429587,11:16:31.430,49.4300,1
40595793608960,11:16:35.793,49.4300,99
40597118671230,11:16:37.118,49.4300,1
40600940362706,11:16:40.940,49.4500,100
40600940362706,11:16:40.940,49.4500,100
40601499697371,11:16:41.499,49.4600,100
40601500911023,11:16:41.500,49.4600,100
40601500911023,11:16:41.500,49.4600,10
40601501017272,11:16:41.501,49.4500,1
40601982287987,11:16:41.982,49.4500,100
40603957084355,11:16:43.957,49.4400,100
40632097926495,11:17:12.097,49.4400,100
40632126737757,11:17:12.126,49.4500,15
40633154089485,11:17:13.154,49.4500,85
40639424632972,11:17:19.424,49.4500,100
40639424632972,11:17:19.424,49.4500,100
40639425068169,11:17:19.425,49.4400,1
40644180914931,11:17:24.180,49.4400,2
40657207193823,11:17:37.207,49.4400,1
40657207193823,11:17:37.207,49.4400,1
40657207193823,11:17:37.207,49.4400,1
40657207193823,11:17:37.207,49.4500,100
40657207193823,11:17:37.207,49.4500,97
40660256151535,11:17:40.256,49.4400,1
40661436211234,11:17:41.436,49.4500,3
40662063116875,11:17:42.063,49.4400,100
40662063840117,11:17:42.063,49.4300,100
40662067488504,11:17:42.067,49.4300,1
40662067488504,11:17:42.067,49.4300,100
40673581099837,11:17:53.581,49.4200,100
40679881762164,11:17:59.881,49.4100,197
40679881762164,11:17:59.881,49.4100,1
40679881762164,11:17:59.881,49.4100,100
40679882055281,11:17:59.882,49.4100,100
40679883584203,11:17:59.883,49.4100,100
40682076278148,11:18:02.076,49.4300,100
40682076725223,11:18:02.076,49.4400,100
40682076725223,11:18:02.076,49.4400,100
40682076725223,11:18:02.076,49.4400,100
40682076725223,11:18:02.076,49.4400,100
40697540259123,11:18:17.540,49.4500,100
40697570652263,11:18:17.570,49.4600,100
40697570795068,11:18:17.570,49.4600,12
40697570821083,11:18:17.570,49.4600,88
40697570821083,11:18:17.570,49.4600,100
40697570966414,11:18:17.570,49.4600,100
40697570966414,11:18:17.570,49.4600,100
40697572412085,11:18:17.572,49.4600,100
40698897232374,11:18:18.897,49.4500,100
40698897283137,11:18:18.897,49.4500,2
40702035413908,11:18:22.035,49.4400,1
40702035413908,11:18:22.035,49.4400,1
40702035413908,11:18:22.035,49.4400,98
40702035444825,11:18:22.035,49.4400,2
40703317382487,11:18:23.317,49.4400,100
40713622373709,11:18:33.622,49.4300,100
40718696510265,11:18:38.696,49.4100,100
40726169698172,11:18:46.169,49.4000,2
40726338878568,11:18:46.338,49.3900,100
40738658988841,11:18:58.658,49.3800,2
40743892386141,11:19:03.892,49.3700,2
40743892386141,11:19:03.892,49.3700,98
40748045190936,11:19:08.045,49.4000,100
40748045190936,11:19:08.045,49.4000,100
40748045484798,11:19:08.045,49.3900,100
40748045484798,11:19:08.045,49.3900,200
40748047585168,11:19:08.047,49.4000,100
40767632011102,11:19:27.632,49.3900,1
40771647369647,11:19:31.647,49.3800,82
40771647369647,11:19:31.647,49.3700,18
40774118166602,11:19:34.118,49.3900,100
40785862185117,11:19:45.862,49.4000,100
40785862421842,11:19:45.862,49.4500,28
40785862458501,11:19:45.862,49.4500,62
40785862471597,11:19:45.862,49.4500,10
40785862471597,11:19:45.862,49.4500,40
40785862628483,11:19:45.862,49.4600,100
40785862628483,11:19:45.862,49.4600,100
40785863431255,11:19:45.863,49.4600,100
40785863458228,11:19:45.863,49.4600,100
40785863749426,11:19:45.863,49.4600,100
40785866278426,11:19:45.866,49.4600,1
40785866305164,11:19:45.866,49.4600,19
40787185968238,11:19:47.185,49.4600,80
40787185968238,11:19:47.185,49.4700,20
40789674755985,11:19:49.674,49.4700,83
40789675735576,11:19:49.675,49.4700,17
40789675735576,11:19:49.675,49.4800,100
40794678807252,11:19:54.678,49.4900,100
40802036704301,11:20:02.036,49.4900,100
40808496450672,11:20:08.496,49.5000,23
40808496475997,11:20:08.496,49.5000,77
40808496475997,11:20:08.496,49.5000,2
40808699409866,11:20:08.699,49.5200,100
40828761721681,11:20:28.761,49.5100,100
40828775861017,11:20:28.775,49.5000,1
40832495797061,11:20:32.495,49.4800,1
40832495797713,11:20:32.495,49.4800,1
40840796015208,11:20:40.796,49.4900,1
40853356782918,11:20:53.356,49.5000,100
40853356901416,11:20:53.356,49.5000,118
40853356970757,11:20:53.356,49.5000,499
40861485865797,11:21:01.485,49.5000,1
40861486849926,11:21:01.486,49.4900,99
40880789575106,11:21:20.789,49.4900,2
40895479783196,11:21:35.479,49.5100,100
40895479821925,11:21:35.479,49.5100,24
40895480407320,11:21:35.480,49.5000,1
40895491371935,11:21:35.491,49.5100,10
40895491397323,11:21:35.491,49.5100,90
40895491711352,11:21:35.491,49.5100,100
40898310638618,11:21:38.310,49.5200,100
40912544892120,11:21:52.544,49.5100,100
40978931233364,11:22:58.931,49.4900,4
40978931233364,11:22:58.931,49.4900,100
40989707052513,11:23:09.707,49.5000,100
41024169198568,11:23:44.169,49.4900,100
41024169229076,11:23:44.169,49.4900,100
41028085211297,11:23:48.085,49.5000,62
41028085262153,11:23:48.085,49.5000,38
41028085262153,11:23:48.085,49.5000,100
41031719574252,11:23:51.719,49.5000,69
41031721025481,11:23:51.721,49.5000,31
41031721025481,11:23:51.721,49.5000,2
41039491980481,11:23:59.491,49.4900,1
41039491980481,11:23:59.491,49.4900,1
41046896173819,11:24:06.896,49.4900,99
41046896173819,11:24:06.896,49.4800,1
41046896493875,11:24:06.896,49.4800,99
41046896493875,11:24:06.896,49.4800,1
41046896520746,11:24:06.896,49.4800,74
41046897714435,11:24:06.897,49.4800,25
41046897714435,11:24:06.897,49.4800,75
41049245024612,11:24:09.245,49.4800,25
41049245024612,11:24:09.245,49.4800,75
41069259512798,11:24:29.259,49.4800,1
41071024731032,11:24:31.024,49.4700,182
41071024772626,11:24:31.024,49.4700,6
41071024772626,11:24:31.024,49.4700,100
41071027523275,11:24:31.027,49.4600,13
41072239376857,11:24:32.239,49.4800,72
41075804355821,11:24:35.804,49.4600,1
41085822656463,11:24:45.822,49.4500,4
41107500874883,11:25:07.500,49.4400,100
41107500874883,11:25:07.500,49.4400,36
41107500901918,11:25:07.500,49.4400,64
41116737888096,11:25:16.737,49.4500,100
41123529768749,11:25:23.529,49.4500,2
41123529768749,11:25:23.529,49.4400,98
41144975252526,11:25:44.975,49.4700,100
41144975252526,11:25:44.975,49.4700,100
41144975252526,11:25:44.975,49.4700,21
41144975252526,11:25:44.975,49.4700,100
41145233656620,11:25:45.233,49.4700,10
41145233684389,11:25:45.233,49.4700,100
41145233684389,11:25:45.233,49.4700,100
41145233684389,11:25:45.233,49.4700,100
41145233684389,11:25:45.233,49.4700,100
41145233684389,11:25:45.233,49.4700,100
41145233684389,11:25:45.233,49.4700,100
41145234238460,11:25:45.234,49.4700,100
41145234238460,11:25:45.234,49.4700,100
41145234238460,11:25:45.234,49.4700,100
41145234238460,11:25:45.234,49.4700,100
41145234238460,11:25:45.234,49.4700,100
41146719639404,11:25:46.719,49.4600,85
41151927340611,11:25:51.927,49.4400,100
41154701729519,11:25:54.701,49.4300,100
41161181762716,11:26:01.181,49.4300,100
41161181792611,11:26:01.181,49.4300,100
41161182506154,11:26:01.182,49.4300,100
41161182506154,11:26:01.182,49.4300,100
41167967801370,11:26:07.967,49.4200,100
41167967801370,11:26:07.967,49.4200,20
41168056647851,11:26:08.056,49.4400,100
41229273882911,11:27:09.273,49.4500,100
41229274361751,11:27:09.274,49.4500,22
41280825068490,11:28:00.825,49.4500,100
41284346793686,11:28:04.346,49.4600,60
41284347038904,11:28:04.347,49.4600,40
41284347038904,11:28:04.347,49.4600,2
41285460159448,11:28:05.460,49.4500,2
41285460159448,11:28:05.460,49.4500,100
41318965892732,11:28:38.965,49.4300,2
41318965896755,11:28:38.965,49.4300,2
41336158885940,11:28:56.158,49.4300,2
41343464826831,11:29:03.464,49.4100,98
41343465077617,11:29:03.465,49.4100,2
41356531295993,11:29:16.531,49.4000,100
41356531707401,11:29:16.531,49.4200,100
41425672339199,11:30:25.672,49.4500,100
41425673319045,11:30:25.673,49.4600,100
41426997315345,11:30:26.997,49.4700,100
41426997315345,11:30:26.997,49.4700,100
41426998509988,11:30:26.998,49.4800,100
41430282817611,11:30:30.282,49.4700,90
41432963227842,11:30:32.963,49.4700,1
41432963255411,11:30:32.963,49.4700,99
41432963255411,11:30:32.963,49.4700,1
41438303073707,11:30:38.303,49.4600,22
41438303073707,11:30:38.303,49.4600,100
41438303073707,11:30:38.303,49.4600,78
41453644065475,11:30:53.644,49.4600,100
41455318489432,11:30:55.318,49.4500,100
41455318516452,11:30:55.318,49.4500,100
41455318516452,11:30:55.318,49.4500,3
41455348911823,11:30:55.348,49.4500,100
41455348911823,11:30:55.348,49.4500,100
41456510863607,11:30:56.510,49.4600,100
41457327136726,11:30:57.327,49.4700,100
41474706475098,11:31:14.706,49.4700,1
41484273084698,11:31:24.273,49.4500,100
41531833282197,11:32:11.833,49.4900,10
41531833282197,11:32:11.833,49.4900,100
41531833282197,11:32:11.833,49.4900,2
41574968982730,11:32:54.968,49.4800,2
41574969008995,11:32:54.969,49.4800,98
41574969902428,11:32:54.969,49.4800,100
41577982072841,11:32:57.982,49.4900,100
41582189021142,11:33:02.189,49.4800,4
41582189021142,11:33:02.189,49.4700,96
41589996077791,11:33:09.996,49.4800,100
41589996103308,11:33:09.996,49.4800,100
41604010624771,11:33:24.010,49.4800,100
41666924986149,11:34:26.924,49.4800,100
41666925040714,11:34:26.925,49.4800,100
41666925053766,11:34:26.925,49.4800,10
41694883818771,11:34:54.883,49.5000,2
41694883818771,11:34:54.883,49.5000,100
41694884114035,11:34:54.884,49.5000,2
41694884147931,11:34:54.884,49.5000,98
41694884149199,11:34:54.884,49.5000,98
41694884617144,11:34:54.884,49.5000,2
41694884967526,11:34:54.884,49.5000,98
41694884967526,11:34:54.884,49.5000,100
41694886916969,11:34:54.886,49.5000,100
41712515490368,11:35:12.515,49.4900,2
41713544726653,11:35:13.544,49.4900,100
41713544768213,11:35:13.544,49.4900,100
41713544790362,11:35:13.544,49.4900,100
41713552988910,11:35:13.552,49.4900,100
41713553074223,11:35:13.553,49.4900,100
41713553489516,11:35:13.553,49.4800,100
41713553538698,11:35:13.553,49.4800,100
41713553585934,11:35:13.553,49.4800,100
41713553631827,11:35:13.553,49.4800,100
41713554282227,11:35:13.554,49.4900,15
41713556340891,11:35:13.556,49.4900,100
41715584658522,11:35:15.584,49.4900,100
41715584662592,11:35:15.584,49.4900,100
41715584695780,11:35:15.584,49.4900,100
41715584695780,11:35:15.584,49.4900,95
41715584697418,11:35:15.584,49.4900,5
41715584697418,11:35:15.584,49.4900,1
41728455982648,11:35:28.455,49.4900,1
41728455982648,11:35:28.455,49.4900,10
41728455982648,11:35:28.455,49.4900,87
41728456025909,11:35:28.456,49.4900,13
41752228756474,11:35:52.228,49.4800,1
41789357183033,11:36:29.357,49.5100,100
41789357183033,11:36:29.357,49.5100,100
41789357183033,11:36:29.357,49.5100,2
41789357183033,11:36:29.357,49.5100,1
41789357525522,11:36:29.357,49.5100,16
41789357536951,11:36:29.357,49.5100,84
41789357536951,11:36:29.357,49.5100,16
41789357616184,11:36:29.357,49.5100,84
41789357616184,11:36:29.357,49.5100,100
41789358038823,11:36:29.358,49.5100,80
41789358095914,11:36:29.358,49.5100,20
41789358095914,11:36:29.358,49.5100,100
41789358095914,11:36:29.358,49.5000,80
41789371613236,11:36:29.371,49.5000,1
41789371613236,11:36:29.371,49.5000,99
41789372046001,11:36:29.372,49.5000,1
41789372046001,11:36:29.372,49.5000,18
41789372116186,11:36:29.372,49.5000,10
41789742047963,11:36:29.742,49.5000,100
41798376200944,11:36:38.376,49.5000,1
41798376402103,11:36:38.376,49.5000,10
41798376430682,11:36:38.376,49.5000,85
41798382373340,11:36:38.382,49.5000,5
41798382373340,11:36:38.382,49.5000,2
41820264526703,11:37:00.264,49.4900,13
41847215720523,11:37:27.215,49.4800,1
41847217506616,11:37:27.217,49.4800,100
41847217591148,11:37:27.217,49.4800,16
41847219012900,11:37:27.219,49.4600,100
41847219020259,11:37:27.219,49.4600,100
41847219062532,11:37:27.219,49.4600,100
41847219075944,11:37:27.219,49.4600,100
41847219110586,11:37:27.219,49.4600,100
41847219114068,11:37:27.219,49.4600,100
41847219154368,11:37:27.219,49.4600,100
41847219364786,11:37:27.219,49.4700,100
41848247506892,11:37:28.247,49.4700,82
41903253007130,11:38:23.253,49.4700,100
41903253007130,11:38:23.253,49.4700,100
41903253063360,11:38:23.253,49.4700,100
41903253116697,11:38:23.253,49.4700,2
41903253116697,11:38:23.253,49.4700,98
41903253153897,11:38:23.253,49.4700,2
41903253598201,11:38:23.253,49.4600,1
41948677449036,11:39:08.677,49.4400,1
41948677449036,11:39:08.677,49.4400,100
41966922899330,11:39:26.922,49.4550,1
41966922899330,11:39:26.922,49.4550,1
41966922899330,11:39:26.922,49.4550,1
41966922899330,11:39:26.922,49.4550,1
41966922899330,11:39:26.922,49.4550,1
41966922899330,11:39:26.922,49.4550,1
41966922899330,11:39:26.922,49.4550,1
41966922899330,11:39:26.922,49.4550,1
41966922899330,11:39:26.922,49.4700,16
41966922899330,11:39:26.922,49.4700,10
41966922971953,11:39:26.922,49.4700,90
41966922971953,11:39:26.922,49.4700,2
41966923659807,11:39:26.923,49.4700,100
41966928654334,11:39:26.928,49.4700,100
41967229517340,11:39:27.229,49.4700,100
42000500326854,11:40:00.500,49.4600,100
42000500838349,11:40:00.500,49.4600,100
42032079669266,11:40:32.079,49.4600,100
42032079669266,11:40:32.079,49.4600,85
42032079669266,11:40:32.079,49.4600,15
42032203052843,11:40:32.203,49.4500,100
42032203052843,11:40:32.203,49.4500,100
42032203052843,11:40:32.203,49.4500,100
42032203052843,11:40:32.203,49.4500,84
42032203108783,11:40:32.203,49.4500,16
42032204823270,11:40:32.204,49.4600,100
42108705171147,11:41:48.705,49.4500,100
42131250973177,11:42:11.250,49.4700,100
42131251037190,11:42:11.251,49.4700,91
42131251053123,11:42:11.251,49.4700,9
42132432416922,11:42:12.432,49.4800,27
42133073103674,11:42:13.073,49.4800,73
42133073103674,11:42:13.073,49.4800,100
42183913128379,11:43:03.913,49.4700,10
42183913128379,11:43:03.913,49.4700,90
42183913182497,11:43:03.913,49.4700,10
42183913182497,11:43:03.913,49.4700,90
42183913197078,11:43:03.913,49.4700,10
42186935398710,11:43:06.935,49.4700,100
42187938818121,11:43:07.938,49.4700,83
42187938818121,11:43:07.938,49.4700,100
42188940613653,11:43:08.940,49.4700,2
42188943161242,11:43:08.943,49.4650,400
42188943209167,11:43:08.943,49.4700,13
42188943236812,11:43:08.943,49.4700,87
42188943236812,11:43:08.943,49.4700,83
42197268083099,11:43:17.268,49.4600,1
42197268083099,11:43:17.268,49.4600,1
42197268083099,11:43:17.268,49.4600,98
42251409526798,11:44:11.409,49.4500,100
42251409535868,11:44:11.409,49.4500,39
42251409535868,11:44:11.409,49.4500,1
42251409535868,11:44:11.409,49.4500,60
42251409759213,11:44:11.409,49.4500,40
42252602582026,11:44:12.602,49.4500,1
42252602582026,11:44:12.602,49.4500,99
42252602613157,11:44:12.602,49.4500,1
42252604853162,11:44:12.604,49.4600,17
42252605522754,11:44:12.605,49.4700,12
42252605547480,11:44:12.605,49.4700,88
42252605547480,11:44:12.605,49.4700,100
42261315831571,11:44:21.315,49.4700,1
42261316106948,11:44:21.316,49.4600,2
42261316424759,11:44:21.316,49.4500,1
42275454457099,11:44:35.454,49.4600,100
42300843020079,11:45:00.843,49.4650,200
42319882300736,11:45:19.882,49.4500,90
42324649975830,11:45:24.649,49.4800,9
42324649975830,11:45:24.649,49.4800,100
42324700109439,11:45:24.700,49.4800,100
42324700109439,11:45:24.700,49.4800,100
42324700109439,11:45:24.700,49.4800,100
42324700664866,11:45:24.700,49.4800,100
42324700664866,11:45:24.700,49.4800,100
42324701073598,11:45:24.701,49.4900,88
42325346038954,11:45:25.346,49.4800,100
42337250199262,11:45:37.250,49.4700,100
42347626075237,11:45:47.626,49.4500,1
42370759518326,11:46:10.759,49.4700,100
42370760447797,11:46:10.760,49.4700,11
42378974247442,11:46:18.974,49.4400,100
42382844484482,11:46:22.844,49.4300,2
42408305084342,11:46:48.305,49.4200,100
42441997022777,11:47:21.997,49.4400,100
42441997022777,11:47:21.997,49.4400,180
42441997383381,11:47:21.997,49.4400,7
42441997383381,11:47:21.997,49.4400,100
42442447386792,11:47:22.447,49.4500,97
42442450075046,11:47:22.450,49.4600,100
42443097631429,11:47:23.097,49.4600,100
42443098366872,11:47:23.098,49.4600,100
42443098366872,11:47:23.098,49.4600,100
42443099250403,11:47:23.099,49.4600,100
42443099250403,11:47:23.099,49.4600,100
42443099795436,11:47:23.099,49.4600,100
42443099795436,11:47:23.099,49.4600,100
42443565320153,11:47:23.565,49.4600,100
42443815815704,11:47:23.815,49.4600,100
42443815815704,11:47:23.815,49.4600,100
42443815815704,11:47:23.815,49.4600,100
42445096027697,11:47:25.096,49.4600,100
42445096027697,11:47:25.096,49.4600,36
42469773790350,11:47:49.773,49.4600,100
42478228972332,11:47:58.228,49.4600,100
42484565306088,11:48:04.565,49.4700,200
42484565306088,11:48:04.565,49.4700,100
42486203017495,11:48:06.203,49.4700,100
42486405686402,11:48:06.405,49.4900,100
42486405850574,11:48:06.405,49.4900,100
42486409181513,11:48:06.409,49.4800,100
42486409230273,11:48:06.409,49.4800,1
42490025300603,11:48:10.025,49.4700,1
42490025300603,11:48:10.025,49.4700,99
42490025330509,11:48:10.025,49.4700,1
42490029683460,11:48:10.029,49.4700,11
42490703314888,11:48:10.703,49.4700,100
42494825323082,11:48:14.825,49.4700,100
42494825323082,11:48:14.825,49.4700,100
42496011379115,11:48:16.011,49.4700,200
42496012331057,11:48:16.012,49.4800,100
42504040737690,11:48:24.040,49.4800,28
42504040737690,11:48:24.040,49.4800,15
42504040870308,11:48:24.040,49.4900,100
42505024456471,11:48:25.024,49.4800,100
42505024456471,11:48:25.024,49.4800,100
42505024456471,11:48:25.024,49.4800,2
42507187933475,11:48:27.187,49.4900,100
42507188006872,11:48:27.188,49.4900,100
42507188116432,11:48:27.188,49.5100,100
42540566111719,11:49:00.566,49.5300,35
42550011305651,11:49:10.011,49.5400,60
42550011998134,11:49:10.011,49.5400,10
42550012361193,11:49:10.012,49.5400,96
42600320823805,11:50:00.320,49.6200,100
42600320823805,11:50:00.320,49.6200,100
42600321995503,11:50:00.321,49.6100,10
42601112495089,11:50:01.112,49.6500,6
42601112495089,11:50:01.112,49.6500,10
42607124749301,11:50:07.124,49.6700,4
42607124749301,11:50:07.124,49.6700,10
42607124749301,11:50:07.124,49.6700,5
42620406273470,11:50:20.406,49.6900,10
42626950822724,11:50:26.950,49.7100,10
42629114855861,11:50:29.114,49.7000,100
42674097728681,11:51:14.097,49.6800,2
42674103274612,11:51:14.103,49.6800,2
42674103344792,11:51:14.103,49.6800,3
42674103463046,11:51:14.103,49.6800,2
42674103915604,11:51:14.103,49.6800,16
42691525149410,11:51:31.525,49.6500,3
42692788305184,11:51:32.788,49.6400,1
42692788305184,11:51:32.788,49.6400,99
42692788358693,11:51:32.788,49.6400,1
42692789116735,11:51:32.789,49.6400,100
42692789116735,11:51:32.789,49.6400,100
42695671395546,11:51:35.671,49.6500,100
42708010465441,11:51:48.010,49.6200,2
42723577346049,11:52:03.577,49.6100,100
42723577785247,11:52:03.577,49.5900,1
42723579329644,11:52:03.579,49.5900,99
42724842676879,11:52:04.842,49.6200,100
42724843509846,11:52:04.843,49.6200,200
42724845680902,11:52:04.845,49.6200,100
42725457848335,11:52:05.457,49.6100,100
42733910870471,11:52:13.910,49.6000,200
42793400109814,11:53:13.400,49.6000,100
42793402389603,11:53:13.402,49.6100,87
42794711034883,11:53:14.711,49.6000,1
42794711034883,11:53:14.711,49.6000,1
42794746399274,11:53:14.746,49.6000,100
42827861541908,11:53:47.861,49.6100,29
42829182386474,11:53:49.182,49.6000,100
42829182386474,11:53:49.182,49.6000,1
42829182386474,11:53:49.182,49.6000,100
42829330176224,11:53:49.330,49.6000,100
42838565552226,11:53:58.565,49.6000,1
42939265696361,11:55:39.265,49.6100,1
42939265696361,11:55:39.265,49.6100,1
42973273050840,11:56:13.273,49.5900,2
42973273050840,11:56:13.273,49.5900,98
42973273489089,11:56:13.273,49.5900,2
42973274647298,11:56:13.274,49.5800,1
42973274666516,11:56:13.274,49.5800,2
42973274671779,11:56:13.274,49.5800,1
42973274682090,11:56:13.274,49.5800,1
42973274875377,11:56:13.274,49.5800,1
42973274988056,11:56:13.274,49.5800,100
42973275087301,11:56:13.275,49.5800,100
42973275418336,11:56:13.275,49.5800,1
42973324289703,11:56:13.324,49.5900,100
43016263569519,11:56:56.263,49.5800,100
43016264420295,11:56:56.264,49.5800,1
43016264420295,11:56:56.264,49.5800,1
43016265175833,11:56:56.265,49.5700,1
43016410874193,11:56:56.410,49.5800,100
43077724107367,11:57:57.724,49.5900,1
43096273008913,11:58:16.273,49.6100,100
43096273008913,11:58:16.273,49.6100,100
43096273593079,11:58:16.273,49.6100,100
43096282288175,11:58:16.282,49.6200,100
43096282288175,11:58:16.282,49.6200,100
43097063616609,11:58:17.063,49.6300,100
43097063616609,11:58:17.063,49.6300,100
43097063616609,11:58:17.063,49.6300,100
43101243301165,11:58:21.243,49.6300,88
43105464229445,11:58:25.464,49.6300,12
43105464229445,11:58:25.464,49.6200,100
43105464229445,11:58:25.464,49.6200,1
43128912857750,11:58:48.912,49.6100,3
43128912857750,11:58:48.912,49.6100,97
43128912906546,11:58:48.912,49.6100,3
43153895798548,11:59:13.895,49.6000,100
43157792197712,11:59:17.792,49.6000,100
43158577077068,11:59:18.577,49.6200,100
43200233576992,12:00:00.233,49.5900,100
43205051302384,12:00:05.051,49.6100,2
43206548112657,12:00:06.548,49.6100,100
43206548112657,12:00:06.548,49.6100,100
43206549253313,12:00:06.549,49.6100,100
43206549253313,12:00:06.549,49.6100,200
43206549253313,12:00:06.549,49.6100,100
43206551333587,12:00:06.551,49.6100,100
43206551333587,12:00:06.551,49.6100,100
43206551333587,12:00:06.551,49.6100,100
43206554959635,12:00:06.554,49.6200,55
43206555029538,12:00:06.555,49.6200,45
43206850623092,12:00:06.850,49.6100,100
43206850623092,12:00:06.850,49.6100,100
43206850623092,12:00:06.850,49.6100,100
43206850623092,12:00:06.850,49.6100,100
43209694904420,12:00:09.694,49.6000,15
43244682497370,12:00:44.682,49.5900,1
43244682584602,12:00:44.682,49.5800,7
43244682585885,12:00:44.682,49.5800,56
43244682694647,12:00:44.682,49.5800,37
43244682694647,12:00:44.682,49.5800,1
43262743629656,12:01:02.743,49.5700,100
43262743629656,12:01:02.743,49.5700,1
43262743629656,12:01:02.743,49.5700,100
43262747320270,12:01:02.747,49.5500,100
43262932797067,12:01:02.932,49.5500,100
43263043575278,12:01:03.043,49.5500,100
43263043575278,12:01:03.043,49.5500,100
43263043575278,12:01:03.043,49.5500,100
43263043575278,12:01:03.043,49.5500,100
43263043575278,12:01:03.043,49.5500,100
43263043575278,12:01:03.043,49.5500,100
43263044277032,12:01:03.044,49.5400,100
43263044277032,12:01:03.044,49.5400,100
43263044277032,12:01:03.044,49.5400,100
43263044277032,12:01:03.044,49.5400,100
43263044277032,12:01:03.044,49.5400,100
43263099571365,12:01:03.099,49.5400,100
43270005275414,12:01:10.005,49.5500,2
43270136505927,12:01:10.136,49.5500,7
43279714809194,12:01:19.714,49.5300,100
43279721483701,12:01:19.721,49.5300,1
43279745557350,12:01:19.745,49.5100,1
43279745560405,12:01:19.745,49.5100,1
43279745561030,12:01:19.745,49.5100,1
43279745563944,12:01:19.745,49.5100,1
43279745565203,12:01:19.745,49.5100,1
43279745566565,12:01:19.745,49.5100,1
43279745569325,12:01:19.745,49.5100,1
43296547040803,12:01:36.547,49.5100,1
43296547046192,12:01:36.547,49.5100,1
43296547532276,12:01:36.547,49.5000,1
43296547533679,12:01:36.547,49.5000,1
43296547538987,12:01:36.547,49.5000,1
43296547586081,12:01:36.547,49.5000,1
43296547622419,12:01:36.547,49.5000,1
43339733109287,12:02:19.733,49.5200,1
43339733109287,12:02:19.733,49.5200,1
43339733109287,12:02:19.733,49.5200,1
43339733109287,12:02:19.733,49.5400,10
43347528053127,12:02:27.528,49.5600,7
43347528476961,12:02:27.528,49.5600,93
43402954740835,12:03:22.954,49.5900,28
43402954765834,12:03:22.954,49.5900,6
43402954793752,12:03:22.954,49.5900,66
43455260643381,12:04:15.260,49.5700,100
43455260687706,12:04:15.260,49.5700,100
43455260687706,12:04:15.260,49.5700,2
43455260687706,12:04:15.260,49.5700,3
43455260736819,12:04:15.260,49.5700,3
43455260736819,12:04:15.260,49.5700,2
43455260874027,12:04:15.260,49.5700,6
43584278335124,12:06:24.278,49.5600,1
43624420033767,12:07:04.420,49.5750,1
43624420033767,12:07:04.420,49.5750,1
43624420033767,12:07:04.420,49.5750,1
43624420033767,12:07:04.420,49.5900,100
43624420033767,12:07:04.420,49.5900,35
43624420169603,12:07:04.420,49.5900,65
43624420169603,12:07:04.420,49.5900,3
43624420440453,12:07:04.420,49.6000,18
43626470821492,12:07:06.470,49.6100,100
43626476706741,12:07:06.476,49.6200,100
43629919972391,12:07:09.919,49.6200,10
43629920493647,12:07:09.920,49.6200,6
43647176940486,12:07:27.176,49.6000,75
43672517456344,12:07:52.517,49.6200,5
43672517456344,12:07:52.517,49.6200,10
43672517456344,12:07:52.517,49.6200,40
43672517462046,12:07:52.517,49.6200,56
43672517512351,12:07:52.517,49.6200,4
43675860833018,12:07:55.860,49.6300,100
43676817264556,12:07:56.817,49.6500,100
43743510262388,12:09:03.510,49.6700,5
43743580152414,12:09:03.580,49.6700,4
43750936031516,12:09:10.936,49.6800,5
43763637184260,12:09:23.637,49.6500,100
43810697470588,12:10:10.697,49.6800,95
43810697470588,12:10:10.697,49.6800,5
43822248234505,12:10:22.248,49.7000,2
43834247204509,12:10:34.247,49.6850,1
43834247204509,12:10:34.247,49.6850,1
43835970729933,12:10:35.970,49.7000,5
43843734745462,12:10:43.734,49.6800,40
43872538729541,12:11:12.538,49.7100,100
43872538729541,12:11:12.538,49.7100,1
43921249280930,12:12:01.249,49.6900,4
43921249280930,12:12:01.249,49.6900,100
43922144621480,12:12:02.144,49.6800,4
43982947133550,12:13:02.947,49.6500,2
43982947133550,12:13:02.947,49.6400,1
43982947133550,12:13:02.947,49.6400,97
43982947266402,12:13:02.947,49.6400,3
43982948368418,12:13:02.948,49.6300,1
43983860580449,12:13:03.860,49.6200,1
43983860724760,12:13:03.860,49.6100,100
43983862905811,12:13:03.862,49.6100,1
43983862905811,12:13:03.862,49.6100,99
43983864666174,12:13:03.864,49.6100,1
43991531735839,12:13:11.531,49.6200,100
43991531873305,12:13:11.531,49.6200,100
43991533464593,12:13:11.533,49.6200,100
43996224014271,12:13:16.224,49.6000,10
43996224014271,12:13:16.224,49.6000,100
43998869341675,12:13:18.869,49.6100,100
43998870614103,12:13:18.870,49.6100,200
44000024169243,12:13:20.024,49.5900,10
44000024169243,12:13:20.024,49.5900,100
44030147010207,12:13:50.147,49.5800,1
44054523244581,12:14:14.523,49.5800,1
44054523245094,12:14:14.523,49.5800,1
44057716269089,12:14:17.716,49.5800,3
44057716269089,12:14:17.716,49.5700,3
44057716269089,12:14:17.716,49.5700,34
44060779170037,12:14:20.779,49.5700,11
44060779257751,12:14:20.779,49.5700,55
44120387972015,12:15:20.387,49.5900,100
44120387972015,12:15:20.387,49.5900,100
44120387972015,12:15:20.387,49.5900,100
44120387972015,12:15:20.387,49.5900,100
44120388546953,12:15:20.388,49.5900,100
44120678983008,12:15:20.678,49.6100,8
44184828693619,12:16:24.828,49.6100,4
44184828849611,12:16:24.828,49.6100,96
44184829271345,12:16:24.829,49.6100,11
44184829275191,12:16:24.829,49.6100,55
44184829297894,12:16:24.829,49.6100,34
44185407748697,12:16:25.407,49.6100,100
44185407748697,12:16:25.407,49.6100,3
44213467020996,12:16:53.467,49.6000,100
44213467033767,12:16:53.467,49.6000,4
44213468477615,12:16:53.468,49.6000,96
44214086220265,12:16:54.086,49.6000,100
44214086410249,12:16:54.086,49.6000,100
44214086410249,12:16:54.086,49.6000,100
44214086486846,12:16:54.086,49.6000,100
44284246457290,12:18:04.246,49.6000,3
44284247099398,12:18:04.247,49.6000,71
44284247099398,12:18:04.247,49.6000,7
44284247099398,12:18:04.247,49.5900,1
44284247099398,12:18:04.247,49.5900,18
44284247130741,12:18:04.247,49.5900,82
44284247130741,12:18:04.247,49.5900,100
44284247130741,12:18:04.247,49.5900,1
44284247152580,12:18:04.247,49.5900,100
44284248798320,12:18:04.248,49.5900,100
44284248798320,12:18:04.248,49.5900,100
44284268071178,12:18:04.268,49.5900,100
44285451796744,12:18:05.451,49.5800,100
44285451796744,12:18:05.451,49.5800,100
44285451824518,12:18:05.451,49.5800,1
44285453890069,12:18:05.453,49.5800,100
44285453890069,12:18:05.453,49.5800,100
44285453890069,12:18:05.453,49.5800,100
44285453890069,12:18:05.453,49.5800,100
44285453890069,12:18:05.453,49.5800,100
44285529984195,12:18:05.529,49.5900,100
44290274596558,12:18:10.274,49.6100,100
44290274596558,12:18:10.274,49.6100,100
44290274596558,12:18:10.274,49.6100,100
44290274661983,12:18:10.274,49.6100,100
44290275013829,12:18:10.275,49.6100,100
44290864493461,12:18:10.864,49.6000,100
44290864548652,12:18:10.864,49.6000,2
44324874346512,12:18:44.874,49.5850,1
44324874346512,12:18:44.874,49.5850,1
44324874346512,12:18:44.874,49.5850,1
44375425417776,12:19:35.425,49.6000,4
44376337567928,12:19:36.337,49.6000,96
44376337567928,12:19:36.337,49.6000,4
44376337612222,12:19:36.337,49.6000,96
44530243252865,12:22:10.243,49.6100,10
44530243372688,12:22:10.243,49.6100,2
44530243372688,12:22:10.243,49.6100,1
44530739038147,12:22:10.739,49.6200,100
44550279744045,12:22:30.279,49.6100,1
44550279745435,12:22:30.279,49.6100,26
44559271049690,12:22:39.271,49.6000,100
44559271104373,12:22:39.271,49.6000,5
44576139956104,12:22:56.139,49.6000,2
44640108926100,12:24:00.108,49.5900,7
44640108926100,12:24:00.108,49.5900,93
44640108954844,12:24:00.108,49.5900,87
44640108954844,12:24:00.108,49.5900,2
44640165604252,12:24:00.165,49.5800,49
44681532899828,12:24:41.532,49.6000,100
44681532899828,12:24:41.532,49.6000,79
44681532982490,12:24:41.532,49.6000,21
44681532982490,12:24:41.532,49.6000,3
44690939163554,12:24:50.939,49.5900,3
44690939163554,12:24:50.939,49.5900,100
44727902475287,12:25:27.902,49.5900,3
44727902802374,12:25:27.902,49.5900,97
44804183116688,12:26:44.183,49.5950,1
44804183116688,12:26:44.183,49.5800,99
44804183338726,12:26:44.183,49.5800,1
44804183338726,12:26:44.183,49.5800,3
44807136265828,12:26:47.136,49.5700,100
44880659495596,12:28:00.659,49.5800,3
44880659495596,12:28:00.659,49.5800,100
44880750467202,12:28:00.750,49.5700,79
44882067075093,12:28:02.067,49.5900,100
44882067167239,12:28:02.067,49.5900,100
44920787991534,12:28:40.787,49.5800,5
44920788449853,12:28:40.788,49.5800,4
44920788457617,12:28:40.788,49.5800,20
44929451333816,12:28:49.451,49.5600,100
44929451333816,12:28:49.451,49.5600,4
44929451333816,12:28:49.451,49.5600,100
44938601265196,12:28:58.601,49.5600,19
44938601360148,12:28:58.601,49.5600,3
44938601384900,12:28:58.601,49.5600,78
44965876763617,12:29:25.876,49.5800,100
44965876763617,12:29:25.876,49.5800,100
44991962262073,12:29:51.962,49.5900,100
45000626193238,12:30:00.626,49.6000,100
45001126012837,12:30:01.126,49.6050,200
45042079343932,12:30:42.079,49.5900,100
45062125454371,12:31:02.125,49.5800,77
45062125902628,12:31:02.125,49.5800,23
45062125902628,12:31:02.125,49.5800,3
45062125929606,12:31:02.125,49.5800,100
45063362230849,12:31:03.362,49.5900,100
45063362230849,12:31:03.362,49.5900,100
45124254822735,12:32:04.254,49.5800,100
45144762882177,12:32:24.762,49.5800,1
45144762882177,12:32:24.762,49.5800,99
45144763102728,12:32:24.763,49.5800,1
45144763102728,12:32:24.763,49.5800,1
45144763861182,12:32:24.763,49.5700,100
45144763861182,12:32:24.763,49.5700,100
45144763861182,12:32:24.763,49.5700,100
45144763861182,12:32:24.763,49.5700,2
45144773325429,12:32:24.773,49.5600,269
45144773928249,12:32:24.773,49.5600,100
45144773947644,12:32:24.773,49.5600,100
45144773963006,12:32:24.773,49.5600,31
45144773963006,12:32:24.773,49.5600,13
45144773982273,12:32:24.773,49.5600,31
45144774014122,12:32:24.774,49.5600,25
45144774039912,12:32:24.774,49.5600,31
45144774041256,12:32:24.774,49.5600,44
45144774157885,12:32:24.774,49.5600,51
45144774382769,12:32:24.774,49.5600,95
45144775469036,12:32:24.775,49.5600,110
45144778366897,12:32:24.778,49.5600,2
45163855202349,12:32:43.855,49.5700,4
45219258765488,12:33:39.258,49.5500,20
45219258765488,12:33:39.258,49.5400,10
45219258765488,12:33:39.258,49.5400,10
45219258765488,12:33:39.258,49.5400,1
45219258765488,12:33:39.258,49.5300,20
45219258765488,12:33:39.258,49.5300,1
45309216017138,12:35:09.216,49.5600,1
45309216017138,12:35:09.216,49.5600,4
45309216017138,12:35:09.216,49.5600,100
45309224784357,12:35:09.224,49.5700,10
45309224807652,12:35:09.224,49.5700,90
45309224807652,12:35:09.224,49.5700,100
45309224807652,12:35:09.224,49.5700,100
45309224807652,12:35:09.224,49.5700,100
45309224807652,12:35:09.224,49.5700,80
45309224811810,12:35:09.224,49.5700,20
45309225975421,12:35:09.225,49.5800,100
45309226595654,12:35:09.226,49.5800,10
45376336326185,12:36:16.336,49.5800,10
45376336326185,12:36:16.336,49.5800,3
45376336326185,12:36:16.336,49.5800,59
45376336360120,12:36:16.336,49.5800,41
45376336360120,12:36:16.336,49.5800,100
45376336790401,12:36:16.336,49.5700,1
45488630640989,12:38:08.630,49.5900,8
45488630640989,12:38:08.630,49.5900,6
45488630640989,12:38:08.630,49.5900,26
45488630665960,12:38:08.630,49.5900,2
45488630686096,12:38:08.630,49.5900,32
45543153103278,12:39:03.153,49.5900,100
45543153103278,12:39:03.153,49.5900,1
45569159219641,12:39:29.159,49.5900,100
45580007243754,12:39:40.007,49.6000,45
45638350905434,12:40:38.350,49.6000,4
45674352290700,12:41:14.352,49.6000,10
45674391952567,12:41:14.391,49.6000,41
45674391952567,12:41:14.391,49.6000,100
45674391952567,12:41:14.391,49.6000,8
45675653454535,12:41:15.653,49.6100,5
45707073896116,12:41:47.073,49.5900,12
45707073927448,12:41:47.073,49.5900,15
45707074200414,12:41:47.074,49.5900,73
45707074201875,12:41:47.074,49.5800,2
45707074201875,12:41:47.074,49.5800,10
45707074203593,12:41:47.074,49.5800,12
45707074218493,12:41:47.074,49.5800,12
45707074240337,12:41:47.074,49.5800,12
45707074251409,12:41:47.074,49.5800,2
45707074332946,12:41:47.074,49.5800,35
45708479782139,12:41:48.479,49.5800,100
45711282633609,12:41:51.282,49.5700,81
45711282662707,12:41:51.282,49.5700,19
45711282724978,12:41:51.282,49.5700,19
45711282867584,12:41:51.282,49.5700,19
45719391080709,12:41:59.391,49.5900,100
45719391080709,12:41:59.391,49.5900,100
45719391273811,12:41:59.391,49.5900,100
45905019776438,12:45:05.019,49.5800,100
45905019824613,12:45:05.019,49.5800,91
45905135494792,12:45:05.135,49.5800,100
45905135579832,12:45:05.135,49.5800,100
45909071342395,12:45:09.071,49.5800,100
45909372790186,12:45:09.372,49.5900,100
45909372790186,12:45:09.372,49.5900,100
45909372790186,12:45:09.372,49.5900,100
45909372790186,12:45:09.372,49.5900,100
45909485953333,12:45:09.485,49.5900,100
45909485953333,12:45:09.485,49.5900,100
45960809117818,12:46:00.809,49.5800,1
45960811910889,12:46:00.811,49.5700,57
45960811939750,12:46:00.811,49.5700,43
45961403196934,12:46:01.403,49.5600,11
45961403222742,12:46:01.403,49.5600,489
45961403222742,12:46:01.403,49.5600,10
45961403222742,12:46:01.403,49.5600,2
45961432568943,12:46:01.432,49.5500,100
45961432599069,12:46:01.432,49.5500,91
45961432602360,12:46:01.432,49.5500,9
45961432602360,12:46:01.432,49.5500,91
45961432604586,12:46:01.432,49.5500,9
45961433272393,12:46:01.433,49.5500,7
45961433278226,12:46:01.433,49.5500,51
45961433388372,12:46:01.433,49.5500,10
45961433411314,12:46:01.433,49.5500,32
45961433411314,12:46:01.433,49.5500,100
45995003455213,12:46:35.003,49.5400,20
45995003455213,12:46:35.003,49.5400,100
45995003455213,12:46:35.003,49.5400,1
46019990545058,12:46:59.990,49.5600,100
46081565351523,12:48:01.565,49.5500,1
46081565351523,12:48:01.565,49.5500,10
46111041434261,12:48:31.041,49.5600,11
46111041434261,12:48:31.041,49.5600,100
46111041434261,12:48:31.041,49.5600,9
46111041870967,12:48:31.041,49.5700,100
46111041870967,12:48:31.041,49.5700,100
46119404578336,12:48:39.404,49.5900,1
46204379837128,12:50:04.379,49.5900,1
46235397382738,12:50:35.397,49.6000,100
46235397382738,12:50:35.397,49.6000,13
46237349202899,12:50:37.349,49.6000,200
46237349202899,12:50:37.349,49.6000,100
46237352906830,12:50:37.352,49.6100,100
46241506340322,12:50:41.506,49.6400,100
46293277459245,12:51:33.277,49.6400,1
46305271814731,12:51:45.271,49.6200,100
46305272055334,12:51:45.272,49.6200,4
46341031870275,12:52:21.031,49.6200,88
46384246979715,12:53:04.246,49.6200,2
46454019196191,12:54:14.019,49.6100,2
46454019318025,12:54:14.019,49.6100,10
46454019386609,12:54:14.019,49.6100,100
46454019394454,12:54:14.019,49.6100,3
46460131043136,12:54:20.131,49.6100,67
46460131087353,12:54:20.131,49.6100,33
46460783659020,12:54:20.783,49.6100,100
46460783659020,12:54:20.783,49.6100,100
46496784537052,12:54:56.784,49.6200,1
46496785161974,12:54:56.785,49.6200,99
46535028374237,12:55:35.028,49.6300,6
46535028389638,12:55:35.028,49.6300,52
46535028401743,12:55:35.028,49.6300,42
46535028401743,12:55:35.028,49.6300,1
46535028401743,12:55:35.028,49.6300,9
46535028425366,12:55:35.028,49.6300,91
46537071093543,12:55:37.071,49.6200,4
46539064464109,12:55:39.064,49.6200,100
46539064464109,12:55:39.064,49.6200,100
46801399612841,13:00:01.399,49.6100,2
46810239505035,13:00:10.239,49.6200,90
46810239532348,13:00:10.239,49.6200,10
46810239660022,13:00:10.239,49.6300,6
46810239693870,13:00:10.239,49.6300,28
46810239693870,13:00:10.239,49.6300,100
46810239693870,13:00:10.239,49.6300,14
46810407789975,13:00:10.407,49.6400,50
46812217494830,13:00:12.217,49.6500,47
46813293240268,13:00:13.293,49.6600,100
46813293240268,13:00:13.293,49.6600,100
46813341101314,13:00:13.341,49.6600,100
46829213937277,13:00:29.213,49.6600,1
46831216550457,13:00:31.216,49.6600,1
46845215567754,13:00:45.215,49.6600,1
46930503659536,13:02:10.503,49.6700,2
46982236573594,13:03:02.236,49.6700,17
47060229878275,13:04:20.229,49.6900,1
47232974916652,13:07:12.974,49.6900,9
47232974916652,13:07:12.974,49.6900,18
47232974916652,13:07:12.974,49.6900,22
47232974948063,13:07:12.974,49.6900,78
47232974948063,13:07:12.974,49.6900,1
47232975424629,13:07:12.975,49.6900,5
47232975671961,13:07:12.975,49.6900,92
47235065895217,13:07:15.065,49.6800,100
47235065895217,13:07:15.065,49.6800,100
47235067424245,13:07:15.067,49.6800,100
47235067424245,13:07:15.067,49.6800,8
47235067435155,13:07:15.067,49.6800,47
47235072953287,13:07:15.072,49.6900,100
47237919816656,13:07:17.919,49.7000,10
47237919816656,13:07:17.919,49.7000,100
47237919816656,13:07:17.919,49.7000,3
47252696556955,13:07:32.696,49.6900,30
47260438363853,13:07:40.438,49.6900,70
47260438363853,13:07:40.438,49.6900,2
47260438363853,13:07:40.438,49.6900,28
47260438372214,13:07:40.438,49.6900,72
47260438372214,13:07:40.438,49.6900,28
47261395302892,13:07:41.395,49.6900,172
47261395302892,13:07:41.395,49.6900,1
47358489504838,13:09:18.489,49.6800,19
47360138105821,13:09:20.138,49.6700,1
47360138105821,13:09:20.138,49.6700,99
47388540514315,13:09:48.540,49.6700,1
47388540514315,13:09:48.540,49.6700,1
47436393002669,13:10:36.393,49.6700,200
47449933707619,13:10:49.933,49.6600,74
47449933707619,13:10:49.933,49.6600,26
47449934071126,13:10:49.934,49.6600,100
47451415866302,13:10:51.415,49.6500,100
47465329329329,13:11:05.329,49.6400,100
47470118619222,13:11:10.118,49.6400,11
47470119674921,13:11:10.119,49.6400,100
47470119674921,13:11:10.119,49.6400,89
47470119701146,13:11:10.119,49.6400,11
47470119701146,13:11:10.119,49.6400,100
47471354131943,13:11:11.354,49.6400,1
47495724691189,13:11:35.724,49.6200,10
47495724691189,13:11:35.724,49.6200,90
47495724707354,13:11:35.724,49.6200,100
47495724722496,13:11:35.724,49.6200,100
47496372350884,13:11:36.372,49.6200,100
47496791559394,13:11:36.791,49.6200,100
47498360884883,13:11:38.360,49.6200,1
47498360884883,13:11:38.360,49.6200,99
47507767627695,13:11:47.767,49.6100,1
47529220831368,13:12:09.220,49.6000,100
47547334215651,13:12:27.334,49.5900,2
47547334215651,13:12:27.334,49.5800,98
47567378602203,13:12:47.378,49.5900,100
47567378748256,13:12:47.378,49.5900,10
47641756241188,13:14:01.756,49.5800,10
47645259462157,13:14:05.259,49.5800,100
47707190213014,13:15:07.190,49.5400,74
47707190213014,13:15:07.190,49.5400,91
47707190213014,13:15:07.190,49.5400,10
47747395187912,13:15:47.395,49.5200,1
47747395187912,13:15:47.395,49.5200,8
47759822356499,13:15:59.822,49.5500,100
47759822356499,13:15:59.822,49.5500,11
47759822356499,13:15:59.822,49.5500,100
47801742550799,13:16:41.742,49.5700,1
47802820922638,13:16:42.820,49.5700,10
47802820922638,13:16:42.820,49.5700,90
47802820952505,13:16:42.820,49.5700,10
47954907374967,13:19:14.907,49.5700,2
47979565101299,13:19:39.565,49.5500,2
47979565101299,13:19:39.565,49.5500,10
47979565387466,13:19:39.565,49.5400,50
47979565387466,13:19:39.565,49.5400,59
47979565396967,13:19:39.565,49.5400,41
47979565396967,13:19:39.565,49.5400,100
47979566150322,13:19:39.566,49.5300,100
47979566150322,13:19:39.566,49.5300,2
47979566150322,13:19:39.566,49.5300,500
47980011224402,13:19:40.011,49.5400,60
48020734745201,13:20:20.734,49.5400,2
48020734745201,13:20:20.734,49.5400,74
48045847041870,13:20:45.847,49.5300,2
48045963681662,13:20:45.963,49.5300,1
48045963681662,13:20:45.963,49.5300,97
48081355666546,13:21:21.355,49.5500,14
48081355666546,13:21:21.355,49.5500,86
48081355773610,13:21:21.355,49.5500,14
48081355773610,13:21:21.355,49.5500,8
48087708756599,13:21:27.708,49.5300,1
48099175105672,13:21:39.175,49.5500,100
48122248684618,13:22:02.248,49.5500,1
48122248684618,13:22:02.248,49.5400,99
48143079921060,13:22:23.079,49.5400,1
48143827860987,13:22:23.827,49.5300,1
48198879315107,13:23:18.879,49.5100,7
48198879315107,13:23:18.879,49.5100,1
48258609747709,13:24:18.609,49.5200,100
48258609778956,13:24:18.609,49.5200,6
48260669311683,13:24:20.669,49.5300,100
48260669338657,13:24:20.669,49.5300,100
48260669338657,13:24:20.669,49.5300,100
48260824127034,13:24:20.824,49.5200,1
48266524431102,13:24:26.524,49.5000,100
48266524431102,13:24:26.524,49.5000,1
48291975389909,13:24:51.975,49.4900,100
48291975393766,13:24:51.975,49.4900,1
48291975415581,13:24:51.975,49.4900,1
48291975834292,13:24:51.975,49.4900,2
48291977382383,13:24:51.977,49.4900,100
48292990811264,13:24:52.990,49.4900,100
48425929222554,13:27:05.929,49.4900,42
48425929234980,13:27:05.929,49.4900,48
48425929249756,13:27:05.929,49.4900,10
48425929249756,13:27:05.929,49.4900,1
48465959950666,13:27:45.959,49.5000,100
48467121437537,13:27:47.121,49.5100,4
48467121437537,13:27:47.121,49.5100,100
48467121437537,13:27:47.121,49.5100,100
48479010831338,13:27:59.010,49.5100,100
48492771082929,13:28:12.771,49.5100,5
48493173243238,13:28:13.173,49.5100,100
48493173710206,13:28:13.173,49.5100,100
48493173710206,13:28:13.173,49.5100,2
48494874429180,13:28:14.874,49.5100,1
48568259400089,13:29:28.259,49.5200,200
48568259400089,13:29:28.259,49.5200,100
48568261599296,13:29:28.261,49.5200,100
48568263614258,13:29:28.263,49.5200,100
48568263614258,13:29:28.263,49.5200,100
48589819950085,13:29:49.819,49.5300,100
48639124029884,13:30:39.124,49.5300,100
48652415928989,13:30:52.415,49.5200,40
48652415955252,13:30:52.415,49.5200,60
48666274463539,13:31:06.274,49.5300,8
48759252912997,13:32:39.252,49.5100,100
48763875538527,13:32:43.875,49.5000,2
48763878453469,13:32:43.878,49.5000,3
48763878453469,13:32:43.878,49.5000,45
48786030951006,13:33:06.030,49.5100,23
48787784020950,13:33:07.784,49.5100,23
48787784020950,13:33:07.784,49.5100,3
48787784020950,13:33:07.784,49.5100,2
48790390925130,13:33:10.390,49.5100,1
48794625526635,13:33:14.625,49.5000,72
48831506600436,13:33:51.506,49.5000,1
48831506600436,13:33:51.506,49.5000,99
48841261522399,13:34:01.261,49.5000,7
48871319350388,13:34:31.319,49.5100,5
48871319350388,13:34:31.319,49.5100,59
48896395781264,13:34:56.395,49.5000,2
48896395781264,13:34:56.395,49.5000,4
48897922809986,13:34:57.922,49.5000,100
48927436189137,13:35:27.436,49.5000,400
48933437527986,13:35:33.437,49.5000,2
48935947656766,13:35:35.947,49.4900,100
48935949046494,13:35:35.949,49.4900,100
48943491757228,13:35:43.491,49.4800,1
48943491757228,13:35:43.491,49.4800,99
48943492686068,13:35:43.492,49.4800,101
48943737703203,13:35:43.737,49.4700,2
48943737703203,13:35:43.737,49.4700,8
48950841804520,13:35:50.841,49.4700,200
48950841804520,13:35:50.841,49.4700,1
48950841804520,13:35:50.841,49.4700,99
48950841831065,13:35:50.841,49.4700,1
48953788793385,13:35:53.788,49.4600,100
48953788793385,13:35:53.788,49.4600,1
48955192203842,13:35:55.192,49.4500,100
48955192203842,13:35:55.192,49.4500,100
48955193863617,13:35:55.193,49.4500,35
49105502897445,13:38:25.502,49.4300,100
49105502897445,13:38:25.502,49.4300,1
49105502897445,13:38:25.502,49.4300,100
49105502897445,13:38:25.502,49.4300,2
49106347383275,13:38:26.347,49.4200,100
49106347383275,13:38:26.347,49.4200,2
49106347798442,13:38:26.347,49.4200,3
49106347998018,13:38:26.347,49.4100,100
49106600248629,13:38:26.600,49.4000,400
49106600248629,13:38:26.600,49.4000,2
49135175967160,13:38:55.175,49.3700,9
49137008418534,13:38:57.008,49.3700,100
49137008651961,13:38:57.008,49.3700,100
49144229785329,13:39:04.229,49.3600,1
49144229785329,13:39:04.229,49.3600,87
49144229795412,13:39:04.229,49.3600,13
49144229795412,13:39:04.229,49.3600,31
49144229816003,13:39:04.229,49.3600,116
49144230035773,13:39:04.230,49.3500,1
49144230035773,13:39:04.230,49.3500,60
49144246056262,13:39:04.246,49.3500,11
49145370565862,13:39:05.370,49.3600,100
49157527247299,13:39:17.527,49.3600,200
49157527247299,13:39:17.527,49.3600,100
49157527247299,13:39:17.527,49.3600,200
49161586798529,13:39:21.586,49.3500,100
49161586798529,13:39:21.586,49.3500,100
49161589300089,13:39:21.589,49.3500,10
49161589300089,13:39:21.589,49.3500,100
49180008466442,13:39:40.008,49.3600,42
49221537918311,13:40:21.537,49.3700,3
49223759873910,13:40:23.759,49.3800,100
49223759873910,13:40:23.759,49.3800,100
49238325294889,13:40:38.325,49.3800,6
49238325766280,13:40:38.325,49.3700,56
49238325882471,13:40:38.325,49.3700,44
49300682397184,13:41:40.682,49.3600,4
49301961859552,13:41:41.961,49.3700,24
49389688073248,13:43:09.688,49.3600,100
49389688073248,13:43:09.688,49.3600,100
49389688073248,13:43:09.688,49.3600,54
49402163107198,13:43:22.163,49.3600,100
49461793435177,13:44:21.793,49.3600,3
49461793435177,13:44:21.793,49.3600,87
49461793535801,13:44:21.793,49.3600,13
49464036793128,13:44:24.036,49.3500,100
49464036793128,13:44:24.036,49.3500,100
49464036793128,13:44:24.036,49.3500,8
49464036793128,13:44:24.036,49.3500,2
49470699883008,13:44:30.699,49.3400,11
49487923795356,13:44:47.923,49.3400,100
49487923952559,13:44:47.923,49.3400,100
49490244523356,13:44:50.244,49.3500,3
49509653595702,13:45:09.653,49.3300,75
49514678005564,13:45:14.678,49.3200,1
49514678005564,13:45:14.678,49.3200,87
49514678019034,13:45:14.678,49.3200,13
49514886526089,13:45:14.886,49.3200,13
49515648590261,13:45:15.648,49.3200,100
49515648590261,13:45:15.648,49.3200,100
49543699983089,13:45:43.699,49.3100,4
49607539860442,13:46:47.539,49.3200,4
49620025759194,13:47:00.025,49.3300,10
49653194715715,13:47:33.194,49.3300,69
49665683078916,13:47:45.683,49.3300,4
49705677088574,13:48:25.677,49.3300,1
49705677126576,13:48:25.677,49.3300,3
49705677654890,13:48:25.677,49.3400,100
49705677883059,13:48:25.677,49.3400,99
49705677915464,13:48:25.677,49.3400,1
49709165177713,13:48:29.165,49.3400,14
49709165951850,13:48:29.165,49.3400,10
49709166090035,13:48:29.166,49.3400,76
49740661786903,13:49:00.661,49.3300,2
49757260560717,13:49:17.260,49.3100,100
49788578824124,13:49:48.578,49.3100,200
49788683423441,13:49:48.683,49.3100,2
49830268610485,13:50:30.268,49.3100,8
49830268610485,13:50:30.268,49.3000,25
49830268649685,13:50:30.268,49.3000,45
49830268649685,13:50:30.268,49.3000,4
49855299663626,13:50:55.299,49.2900,40
49859607604883,13:50:59.607,49.3000,4
49859607604883,13:50:59.607,49.3000,96
49859607756115,13:50:59.607,49.3000,4
49865501180883,13:51:05.501,49.3000,4
49865501180883,13:51:05.501,49.3000,100
49865501180883,13:51:05.501,49.3000,96
49865501209623,13:51:05.501,49.3000,4
49875085129074,13:51:15.085,49.2900,42
49875085157087,13:51:15.085,49.2900,18
49875085157087,13:51:15.085,49.2900,36
49875085729077,13:51:15.085,49.2900,15
49875086386201,13:51:15.086,49.2900,90
49875086388041,13:51:15.086,49.2900,10
49879090535064,13:51:19.090,49.2900,100
49881292553256,13:51:21.292,49.2900,11
49881292553256,13:51:21.292,49.2900,100
49900242193566,13:51:40.242,49.2800,20
49900242193566,13:51:40.242,49.2800,1
49920455044927,13:52:00.455,49.2800,4
49920455044927,13:52:00.455,49.2800,96
49936003214971,13:52:16.003,49.2800,100
49963905228731,13:52:43.905,49.2800,100
49965168433795,13:52:45.168,49.2800,4
49979634204657,13:52:59.634,49.2900,100
49981138202767,13:53:01.138,49.2900,100
50058832024354,13:54:18.832,49.2900,4
50072286326746,13:54:32.286,49.2900,100
50072286326746,13:54:32.286,49.2900,100
50072286326746,13:54:32.286,49.2900,18
50075330105857,13:54:35.330,49.2800,11
50075330105857,13:54:35.330,49.2800,89
50093380210740,13:54:53.380,49.2800,11
50093380210740,13:54:53.380,49.2800,6
50093380210740,13:54:53.380,49.2800,100
50103475440092,13:55:03.475,49.2700,10
50103475440092,13:55:03.475,49.2700,172
50103475503588,13:55:03.475,49.2700,28
50103475503588,13:55:03.475,49.2700,11
50103475503588,13:55:03.475,49.2700,2
50105744167085,13:55:05.744,49.2650,1
50105744167085,13:55:05.744,49.2650,1
50105744167085,13:55:05.744,49.2650,1
50105982186084,13:55:05.982,49.2600,10
50105982186084,13:55:05.982,49.2600,100
50105983045338,13:55:05.983,49.2600,100
50105983045338,13:55:05.983,49.2500,10
50105983045338,13:55:05.983,49.2500,14
50105983752055,13:55:05.983,49.2500,3
50105983752055,13:55:05.983,49.2500,11
50119034952843,13:55:19.034,49.2600,100
50119035090099,13:55:19.035,49.2600,100
50119035090099,13:55:19.035,49.2600,100
50149199818406,13:55:49.199,49.2600,100
50154994356543,13:55:54.994,49.2500,9
50155000120489,13:55:55.000,49.2500,2
50167267968812,13:56:07.267,49.2600,100
50208139989258,13:56:48.139,49.2600,8
50214680253684,13:56:54.680,49.2600,4
50220774167256,13:57:00.774,49.2800,100
50220774167256,13:57:00.774,49.2800,100
50220774167256,13:57:00.774,49.2800,100
50220774439519,13:57:00.774,49.2800,100
50240908009124,13:57:20.908,49.2800,100
50240908009124,13:57:20.908,49.2800,100
50240908037836,13:57:20.908,49.2800,11
50240908037836,13:57:20.908,49.2800,100
50240908037836,13:57:20.908,49.2800,7
50258376032304,13:57:38.376,49.2800,100
50284728813947,13:58:04.728,49.2800,100
50302576034769,13:58:22.576,49.2700,100
50302576034769,13:58:22.576,49.2700,100
50314506514129,13:58:34.506,49.2700,10
50321130953989,13:58:41.130,49.2700,90
50326431550182,13:58:46.431,49.2600,1
50326431550182,13:58:46.431,49.2600,13
50326431651833,13:58:46.431,49.2600,14
50330775534480,13:58:50.775,49.2600,96
50330775608714,13:58:50.775,49.2600,1
50330775608714,13:58:50.775,49.2600,4
50330775788861,13:58:50.775,49.2600,5
50331667227881,13:58:51.667,49.2600,33
50331667239750,13:58:51.667,49.2600,82
50331667386390,13:58:51.667,49.2600,44
50331668245213,13:58:51.668,49.2600,118
50332203622730,13:58:52.203,49.2500,100
50332203660267,13:58:52.203,49.2500,35
50332203660267,13:58:52.203,49.2500,1
50336552140575,13:58:56.552,49.2500,1
50342574669843,13:59:02.574,49.2400,10
50342574669843,13:59:02.574,49.2400,100
50342574669843,13:59:02.574,49.2400,100
50342575473090,13:59:02.575,49.2300,20
50342577848661,13:59:02.577,49.2200,10
50342580825721,13:59:02.580,49.2100,10
50342580825721,13:59:02.580,49.2100,40
50342582509692,13:59:02.582,49.2100,100
50342582509692,13:59:02.582,49.2000,10
50342584193661,13:59:02.584,49.1900,10
50342587142269,13:59:02.587,49.1700,20
50342587142269,13:59:02.587,49.1700,100
50342690552539,13:59:02.690,49.1700,3
50342800818982,13:59:02.800,49.1700,100
50342800818982,13:59:02.800,49.1700,100
50342800818982,13:59:02.800,49.1700,100
50342801160177,13:59:02.801,49.1600,10
50343332687848,13:59:03.332,49.1500,10
50343332941891,13:59:03.332,49.1400,10
50343332946207,13:59:03.332,49.1300,10
50343332958908,13:59:03.332,49.1200,4
50348039352058,13:59:08.039,49.1700,800
50349237267354,13:59:09.237,49.1700,90
50349237267354,13:59:09.237,49.1700,100
50349237570034,13:59:09.237,49.1600,56
50349286363254,13:59:09.286,49.1700,100
50349286628240,13:59:09.286,49.1800,90
50349286701932,13:59:09.286,49.1800,10
50349286701932,13:59:09.286,49.1800,90
50349286817877,13:59:09.286,49.1800,10
50362580438487,13:59:22.580,49.1900,10
50363898542220,13:59:23.898,49.2100,100
50367155781897,13:59:27.155,49.2300,64
50402752965735,14:00:02.752,49.2300,4
50402937620776,14:00:02.937,49.2600,100
50403514003042,14:00:03.514,49.2700,100
50403514003042,14:00:03.514,49.2700,53
50403514003042,14:00:03.514,49.2700,51
50403514237591,14:00:03.514,49.2700,33
50403514443426,14:00:03.514,49.2700,16
50405718739977,14:00:05.718,49.3000,100
50410703440423,14:00:10.703,49.4000,2
50410704568304,14:00:10.704,49.4000,98
50413018121068,14:00:13.018,49.4100,1
50413029089530,14:00:13.029,49.4100,99
50423321938179,14:00:23.321,49.4600,11
50423322941064,14:00:23.322,49.4600,89
50423337530519,14:00:23.337,49.4500,100
50423337530519,14:00:23.337,49.4500,2
50423337530519,14:00:23.337,49.4500,25
50423342601983,14:00:23.342,49.4400,10
50447167443085,14:00:47.167,49.4500,1
50458940102828,14:00:58.940,49.4800,4
50534953715933,14:02:14.953,49.5200,3
50538288018431,14:02:18.288,49.5000,100
50538288018431,14:02:18.288,49.5000,6
50538288059153,14:02:18.288,49.5000,94
50538288554060,14:02:18.288,49.4900,3
50580681778402,14:03:00.681,49.5300,3
50580681807773,14:03:00.681,49.5300,100
50580682282943,14:03:00.682,49.5200,100
50581018688064,14:03:01.018,49.5000,2
50588047760375,14:03:08.047,49.4900,1
50588050992748,14:03:08.050,49.4800,100
50588051574032,14:03:08.051,49.4700,10
50588052047374,14:03:08.052,49.4600,30
50588300564208,14:03:08.300,49.4600,9
50588300629081,14:03:08.300,49.4600,61
50588300629081,14:03:08.300,49.4600,100
50590218034845,14:03:10.218,49.4600,27
50591334052639,14:03:11.334,49.4600,31
50591334081412,14:03:11.334,49.4600,107
50591334092587,14:03:11.334,49.4600,35
50591334092587,14:03:11.334,49.4600,6
50591334108237,14:03:11.334,49.4600,3
50606120195056,14:03:26.120,49.4700,1
50606120195056,14:03:26.120,49.4700,2
50613547382426,14:03:33.547,49.4700,1
50632776974319,14:03:52.776,49.4600,100
50644023221508,14:04:04.023,49.4900,4
50644024466362,14:04:04.024,49.4900,100
50650644077080,14:04:10.644,49.4700,1
50650644077080,14:04:10.644,49.4700,99
50650645172195,14:04:10.645,49.4700,1
50650645172195,14:04:10.645,49.4600,11
50650700130588,14:04:10.700,49.4300,100
50650701109850,14:04:10.701,49.4200,100
50650701109850,14:04:10.701,49.4200,11
50650701175062,14:04:10.701,49.4300,7
50650701372570,14:04:10.701,49.4300,93
50650701372570,14:04:10.701,49.4300,100
50650701834268,14:04:10.701,49.4300,100
50675462166667,14:04:35.462,49.4700,7
50675462877646,14:04:35.462,49.4700,100
50675462888776,14:04:35.462,49.4700,6
50675462905880,14:04:35.462,49.4700,94
50675513195212,14:04:35.513,49.4600,1
50675513490843,14:04:35.513,49.4500,11
50675513490843,14:04:35.513,49.4500,1
50681843660154,14:04:41.843,49.4600,100
50681844279116,14:04:41.844,49.4700,100
50681844849831,14:04:41.844,49.4700,91
50690780223315,14:04:50.780,49.4700,9
50690780223315,14:04:50.780,49.4700,91
50690780462175,14:04:50.780,49.4700,9
50690780921190,14:04:50.780,49.4700,3
50693258728534,14:04:53.258,49.4700,11
50693259582161,14:04:53.259,49.4600,100
50693260010669,14:04:53.260,49.4500,100
50720739144438,14:05:20.739,49.4800,12
50720743519124,14:05:20.743,49.4800,100
50774424113500,14:06:14.424,49.5200,4
50774424154505,14:06:14.424,49.5200,2
50775003252386,14:06:15.003,49.5200,94
50775003252386,14:06:15.003,49.5200,100
50775003252386,14:06:15.003,49.5200,100
50775003729137,14:06:15.003,49.5100,2
50839314753037,14:07:19.314,49.5300,100
50839314753037,14:07:19.314,49.5300,100
50839314753037,14:07:19.314,49.5300,5
50839315563444,14:07:19.315,49.5200,1
50844059288639,14:07:24.059,49.5400,4
50853846253103,14:07:33.846,49.5400,90
50864911857414,14:07:44.911,49.5400,10
50864911857414,14:07:44.911,49.5400,90
50864911858970,14:07:44.911,49.5400,10
