timestamp,time,price,volume
34200089408686,09:30:00.089,52.5600,500
34200089408686,09:30:00.089,52.5600,2
34200677955367,09:30:00.677,0.0000,0
34200824338559,09:30:00.824,52.5700,100
34215573493302,09:30:15.573,52.5500,2
34411878890952,09:33:31.878,52.7200,100
34483381224809,09:34:43.381,52.7800,2
34483381224809,09:34:43.381,52.7900,5
34483381325346,09:34:43.381,52.7700,100
34483381413885,09:34:43.381,52.7500,100
34483381430034,09:34:43.381,52.7500,100
34483381441264,09:34:43.381,52.7500,100
34483381441264,09:34:43.381,52.7500,100
34483381441264,09:34:43.381,52.7500,100
34483381448158,09:34:43.381,52.7500,100
34483382662733,09:34:43.382,52.7400,100
34489851110798,09:34:49.851,52.7500,100
34490024045179,09:34:50.024,52.7500,200
34490025533347,09:34:50.025,52.7500,100
34509629110579,09:35:09.629,52.7700,7
34509629367309,09:35:09.629,52.7700,93
34509629585125,09:35:09.629,52.7800,4
34559492461588,09:35:59.492,52.8000,100
34559492461588,09:35:59.492,52.8000,99
34559502591748,09:35:59.502,52.7800,100
34559502656661,09:35:59.502,52.7700,100
34561402756422,09:36:01.402,52.7500,56
34561402803565,09:36:01.402,52.7500,60
34561402993427,09:36:01.402,52.7500,84
34561402993427,09:36:01.402,52.7500,60
34561404931987,09:36:01.404,52.7500,240
34561404931987,09:36:01.404,52.7400,12
34561407774463,09:36:01.407,52.7400,40
34561407774463,09:36:01.407,52.7400,36
34561408478954,09:36:01.408,52.7400,100
34561408922662,09:36:01.408,52.7400,64
34567867544987,09:36:07.867,52.7400,100
34567868198039,09:36:07.868,52.7300,100
34567868238079,09:36:07.868,52.7300,100
34568163813838,09:36:08.163,52.7200,100
34568164310594,09:36:08.164,52.7200,1
34568164397179,09:36:08.164,52.7200,99
34568164397179,09:36:08.164,52.7200,100
34568164397179,09:36:08.164,52.7200,100
34568442841335,09:36:08.442,52.7200,18
34568606894340,09:36:08.606,52.7300,100
34755122732223,09:39:15.122,52.6500,80
34755123029252,09:39:15.123,52.6500,20
34755123029252,09:39:15.123,52.6500,200
34755123029252,09:39:15.123,52.6500,100
34755123029252,09:39:15.123,52.6500,100
34755123031442,09:39:15.123,52.6500,100
34755123420785,09:39:15.123,52.6300,100
34755123570206,09:39:15.123,52.6300,100
34755123570206,09:39:15.123,52.6200,23
34755124506430,09:39:15.124,52.6200,30
34760025705007,09:39:20.025,52.6100,5
34760026351999,09:39:20.026,52.6200,3
34830610176735,09:40:30.610,52.5500,200
34830611154075,09:40:30.611,52.5400,10
34830611158478,09:40:30.611,52.5400,190
34830611631834,09:40:30.611,52.5300,100
34830651354260,09:40:30.651,52.5300,200
34838551107753,09:40:38.551,52.5400,100
34860909589297,09:41:00.909,52.5900,100
34867430463726,09:41:07.430,52.6000,100
34867430464963,09:41:07.430,52.6000,100
34867431868688,09:41:07.431,52.5900,100
34867436659178,09:41:07.436,52.5900,100
34870021127209,09:41:10.021,52.6000,100
34870021127209,09:41:10.021,52.6000,100
34870021127998,09:41:10.021,52.6000,100
34875002321989,09:41:15.002,52.6100,100
34875002321989,09:41:15.002,52.6100,100
34888140972076,09:41:28.140,52.6300,100
34901110279442,09:41:41.110,52.6400,100
34901110285610,09:41:41.110,52.6400,100
34901110300173,09:41:41.110,52.6400,100
34902304025923,09:41:42.304,52.6450,200
34902316731199,09:41:42.316,52.6450,100
34902317136025,09:41:42.317,52.6500,100
34902562707118,09:41:42.562,52.6600,4
34902562721583,09:41:42.562,52.6600,96
34905025202971,09:41:45.025,52.6700,82
34905025212825,09:41:45.025,52.6700,18
34905027611814,09:41:45.027,52.6700,18
34905027611814,09:41:45.027,52.6700,82
34905181140526,09:41:45.181,52.6700,100
34911688954918,09:41:51.688,52.6800,23
34911688976693,09:41:51.688,52.6800,210
34911689574610,09:41:51.689,52.6800,67
34911700898139,09:41:51.700,52.6800,100
34911731584115,09:41:51.731,52.6800,100
34916737339711,09:41:56.737,52.6900,100
34923346598722,09:42:03.346,52.7000,16
34923346611401,09:42:03.346,52.7000,1
34923346611401,09:42:03.346,52.7000,83
34925256688497,09:42:05.256,52.6900,100
34925256688497,09:42:05.256,52.6900,100
34925256688497,09:42:05.256,52.6900,200
34954438205833,09:42:34.438,52.6900,17
34954438226883,09:42:34.438,52.6900,83
34954438226883,09:42:34.438,52.6900,17
34954438511437,09:42:34.438,52.6900,20
34954441077165,09:42:34.441,52.7000,100
34954441191713,09:42:34.441,52.6900,63
34954441191713,09:42:34.441,52.6900,37
34954445536604,09:42:34.445,52.6950,63
34954445536604,09:42:34.445,52.6950,37
34954445588455,09:42:34.445,52.6950,20
34954447635832,09:42:34.447,52.7050,43
34954447635832,09:42:34.447,52.7100,33
34954449465502,09:42:34.449,52.7200,44
34954449712638,09:42:34.449,52.7200,56
34954476570804,09:42:34.476,52.7200,41
34955025191864,09:42:35.025,52.7100,100
34955026114138,09:42:35.026,52.7100,100
34955026114138,09:42:35.026,52.7100,300
34960029314785,09:42:40.029,52.7000,100
34987779495202,09:43:07.779,52.7000,100
34987933178792,09:43:07.933,52.7000,100
34990052221745,09:43:10.052,52.7000,100
34990052221745,09:43:10.052,52.7000,100
34994768274825,09:43:14.768,52.7100,100
34994768274825,09:43:14.768,52.7100,100
34994768274825,09:43:14.768,52.7100,100
34994768274825,09:43:14.768,52.7100,100
35000932742683,09:43:20.932,52.7300,100
35005021113527,09:43:25.021,52.7300,100
35021026309767,09:43:41.026,52.7500,100
35021026309767,09:43:41.026,52.7500,100
35044286277451,09:44:04.286,52.7700,100
35044287537142,09:44:04.287,52.7800,100
35044287537142,09:44:04.287,52.7800,100
35045025088553,09:44:05.025,52.8000,100
35045025088553,09:44:05.025,52.8000,100
35045026612170,09:44:05.026,52.8100,100
35046543795628,09:44:06.543,52.8000,100
35046573510996,09:44:06.573,52.8100,100
35046574145191,09:44:06.574,52.8100,100
35046574145191,09:44:06.574,52.8100,100
35046574847461,09:44:06.574,52.8100,200
35046574847461,09:44:06.574,52.8100,100
35046574847461,09:44:06.574,52.8100,100
35048485086289,09:44:08.485,52.8100,100
35050025433981,09:44:10.025,52.8100,300
35054188298064,09:44:14.188,52.8100,100
35055019628913,09:44:15.019,52.8100,100
35070447483334,09:44:30.447,52.8300,100
35073973198799,09:44:33.973,52.8300,100
35074124806433,09:44:34.124,52.8300,100
35074896089135,09:44:34.896,52.8300,100
35078186769834,09:44:38.186,52.8400,100
35093947703065,09:44:53.947,52.8200,100
35093947703065,09:44:53.947,52.8200,100
35093948025383,09:44:53.948,52.8200,100
35093948028888,09:44:53.948,52.8200,100
35102917537674,09:45:02.917,52.8100,20
35102949188060,09:45:02.949,52.8000,100
35115024027186,09:45:15.024,52.8000,10
35115024027186,09:45:15.024,52.8000,90
35115165773908,09:45:15.165,52.8000,200
35122893062851,09:45:22.893,52.7900,100
35128288425354,09:45:28.288,52.7700,100
35130895873185,09:45:30.895,52.7900,200
35130971426560,09:45:30.971,52.7900,100
35145350941499,09:45:45.350,52.7500,100
35145351180260,09:45:45.351,52.7500,100
35152456254776,09:45:52.456,52.7400,200
35159810085226,09:45:59.810,52.7600,100
35180020218634,09:46:20.020,52.7900,100
35180020218634,09:46:20.020,52.7900,100
35183833977703,09:46:23.833,52.7900,100
35192979533395,09:46:32.979,52.7900,100
35209965342402,09:46:49.965,52.7900,100
35218124291299,09:46:58.124,52.7800,100
35218124291299,09:46:58.124,52.7800,100
35218124291299,09:46:58.124,52.7800,4
35218124291299,09:46:58.124,52.7800,96
35218124908200,09:46:58.124,52.7800,4
35218124908200,09:46:58.124,52.7800,100
35222251028580,09:47:02.251,52.7900,10
35222251028580,09:47:02.251,52.7900,90
35228194165172,09:47:08.194,52.7800,100
35228194165172,09:47:08.194,52.7800,100
35228194165172,09:47:08.194,52.7800,100
35228194512663,09:47:08.194,52.7800,100
35229080982996,09:47:09.080,52.7900,100
35231670303462,09:47:11.670,52.7700,100
35232253422176,09:47:12.253,52.7800,100
35232303536499,09:47:12.303,52.7800,23
35241166354361,09:47:21.166,52.7800,100
35241166354361,09:47:21.166,52.7800,100
35243389320539,09:47:23.389,52.7900,100
35262970096718,09:47:42.970,52.8100,100
35262970096718,09:47:42.970,52.8100,10
35268153404214,09:47:48.153,52.8200,100
35288010701324,09:48:08.010,52.8500,91
35288010709463,09:48:08.010,52.8500,9
35295022879844,09:48:15.022,52.8900,100
35295022995565,09:48:15.022,52.8900,100
35303837717652,09:48:23.837,52.8800,100
35303837717652,09:48:23.837,52.8800,100
35305024233031,09:48:25.024,52.8800,200
35305024233031,09:48:25.024,52.8800,100
35305025526914,09:48:25.025,52.8800,200
35306117102540,09:48:26.117,52.8800,100
35307394399187,09:48:27.394,52.8700,200
35307394399187,09:48:27.394,52.8700,100
35307394527922,09:48:27.394,52.8700,200
35307399959616,09:48:27.399,52.8600,100
35307399959616,09:48:27.399,52.8600,52
35307400000792,09:48:27.400,52.8600,48
35307400000792,09:48:27.400,52.8600,62
35307400026942,09:48:27.400,52.8600,138
35307400038382,09:48:27.400,52.8600,28
35307400081652,09:48:27.400,52.8600,44
35307400266190,09:48:27.400,52.8600,28
35307414884288,09:48:27.414,52.8600,100
35307414884288,09:48:27.414,52.8600,100
35307414884288,09:48:27.414,52.8600,100
35307414884288,09:48:27.414,52.8600,100
35307416161102,09:48:27.416,52.8700,100
35307416161102,09:48:27.416,52.8700,100
35309276751327,09:48:29.276,52.8700,100
35312403169303,09:48:32.403,52.8500,100
35315024227035,09:48:35.024,52.8500,100
35315024227035,09:48:35.024,52.8500,100
35315024257519,09:48:35.024,52.8500,100
35316799971380,09:48:36.799,52.8500,100
35330634952489,09:48:50.634,52.8400,100
35332451071534,09:48:52.451,52.8300,100
35332451071534,09:48:52.451,52.8300,101
35332451078842,09:48:52.451,52.8300,99
35335020122090,09:48:55.020,52.8400,100
35341833929587,09:49:01.833,52.8400,4
35344923168176,09:49:04.923,52.8300,100
35370921444099,09:49:30.921,52.8400,100
35370921586680,09:49:30.921,52.8400,100
35370921604080,09:49:30.921,52.8400,100
35370921921139,09:49:30.921,52.8400,102
35370921945044,09:49:30.921,52.8400,98
35370921948947,09:49:30.921,52.8400,1
35378087223464,09:49:38.087,52.8500,100
35398282622317,09:49:58.282,52.8700,100
35413457124808,09:50:13.457,52.8800,200
35414981583861,09:50:14.981,52.8700,100
35414981583861,09:50:14.981,52.8700,55
35414981787947,09:50:14.981,52.8700,100
35414981829073,09:50:14.981,52.8700,100
35414981829073,09:50:14.981,52.8700,100
35414981862725,09:50:14.981,52.8700,100
35421709624402,09:50:21.709,52.8400,100
35423261978013,09:50:23.261,52.8400,100
35424249114292,09:50:24.249,52.8300,100
35424249114292,09:50:24.249,52.8300,20
35424249148738,09:50:24.249,52.8300,80
35424249441536,09:50:24.249,52.8300,80
35424249467851,09:50:24.249,52.8300,20
35424249467851,09:50:24.249,52.8300,100
35425849676830,09:50:25.849,52.8400,300
35425850058571,09:50:25.850,52.8400,100
35487234314436,09:51:27.234,52.8300,100
35491350006149,09:51:31.350,52.8300,100
35500118220901,09:51:40.118,52.8300,100
35530862395496,09:52:10.862,52.8500,4
35531023701209,09:52:11.023,52.8500,100
35539959657754,09:52:19.959,52.8700,100
35542134020240,09:52:22.134,52.8800,100
35548767940157,09:52:28.767,52.8900,100
35559479056010,09:52:39.479,52.9000,100
35559479056010,09:52:39.479,52.9000,100
35605982308447,09:53:25.982,52.9400,78
35635973065747,09:53:55.973,52.9300,51
35635973065747,09:53:55.973,52.9300,249
35635973609476,09:53:55.973,52.9300,51
35635973725636,09:53:55.973,52.9300,100
35635977662066,09:53:55.977,52.9300,100
35647671310495,09:54:07.671,52.9500,100
35647671310495,09:54:07.671,52.9500,100
35647672513868,09:54:07.672,52.9400,100
35647672931108,09:54:07.672,52.9400,100
35647673393168,09:54:07.673,52.9400,100
35647925873359,09:54:07.925,52.9500,100
35647925873359,09:54:07.925,52.9500,100
35647925873359,09:54:07.925,52.9500,32
35647926158762,09:54:07.926,52.9500,100
35647926185566,09:54:07.926,52.9500,100
35647926185566,09:54:07.926,52.9500,100
35647926673240,09:54:07.926,52.9500,100
35647926673240,09:54:07.926,52.9500,100
35647926673240,09:54:07.926,52.9500,100
35647926673240,09:54:07.926,52.9500,100
35647926673240,09:54:07.926,52.9500,100
35647926673240,09:54:07.926,52.9500,100
35647927703913,09:54:07.927,52.9600,100
35647927703913,09:54:07.927,52.9600,100
35647931422938,09:54:07.931,52.9700,100
35647931422938,09:54:07.931,52.9700,100
35647931422938,09:54:07.931,52.9700,100
35647931778111,09:54:07.931,52.9700,100
35647934373119,09:54:07.934,52.9800,200
35647934373119,09:54:07.934,52.9800,100
35647934373119,09:54:07.934,52.9800,100
35647934373119,09:54:07.934,52.9800,100
35647935174213,09:54:07.935,52.9800,100
35647936558091,09:54:07.936,52.9800,100
35647936558091,09:54:07.936,52.9800,100
35647936558091,09:54:07.936,52.9800,100
35647936558091,09:54:07.936,52.9800,100
35647937309953,09:54:07.937,52.9800,100
35647937621908,09:54:07.937,52.9800,100
35647937621908,09:54:07.937,52.9800,100
35647937621908,09:54:07.937,52.9800,100
35647937621908,09:54:07.937,52.9800,100
35647937621908,09:54:07.937,52.9800,100
35647937621908,09:54:07.937,52.9800,100
35648189081949,09:54:08.189,52.9800,100
35648189081949,09:54:08.189,52.9800,100
35648189081949,09:54:08.189,52.9800,100
35648189081949,09:54:08.189,52.9800,100
35648189081949,09:54:08.189,52.9800,100
35648190509185,09:54:08.190,52.9900,100
35648190509185,09:54:08.190,52.9900,100
35648190509185,09:54:08.190,52.9900,300
35648191595954,09:54:08.191,53.0000,100
35648194603638,09:54:08.194,53.0000,100
35648194603638,09:54:08.194,53.0100,100
35648194603638,09:54:08.194,53.0100,100
35648194841611,09:54:08.194,53.0100,100
35648195130461,09:54:08.195,53.0100,100
35648195224649,09:54:08.195,53.0100,200
35648195280470,09:54:08.195,53.0100,100
35648197342815,09:54:08.197,53.0100,100
35648197342815,09:54:08.197,53.0100,200
35648197342815,09:54:08.197,53.0200,100
35648197342815,09:54:08.197,53.0200,100
35648197681116,09:54:08.197,53.0200,100
35648198231793,09:54:08.198,53.0200,100
35648198297565,09:54:08.198,53.0200,100
35648202265485,09:54:08.202,53.0200,100
35648202265485,09:54:08.202,53.0200,300
35648202265485,09:54:08.202,53.0200,100
35648457483538,09:54:08.457,53.0200,200
35648457483538,09:54:08.457,53.0200,100
35648457483538,09:54:08.457,53.0200,1000
35648458939799,09:54:08.458,53.0300,100
35648458939799,09:54:08.458,53.0300,100
35648458983325,09:54:08.458,53.0300,100
35648459920299,09:54:08.459,53.0300,100
35648459920299,09:54:08.459,53.0300,100
35648460485646,09:54:08.460,53.0300,100
35648460485646,09:54:08.460,53.0300,100
35648460485646,09:54:08.460,53.0300,100
35648461880537,09:54:08.461,53.0300,100
35648470238946,09:54:08.470,53.0200,95
35648470597740,09:54:08.470,53.0200,200
35648714977312,09:54:08.714,53.0300,200
35648714977312,09:54:08.714,53.0300,65
35648715134808,09:54:08.715,53.0300,100
35650467265496,09:54:10.467,53.0400,100
35651733410282,09:54:11.733,53.0400,100
35651733410282,09:54:11.733,53.0400,100
35651733435794,09:54:11.733,53.0400,53
35651733489511,09:54:11.733,53.0400,147
35651734740101,09:54:11.734,53.0400,41
35651734777221,09:54:11.734,53.0400,59
35651740282337,09:54:11.740,53.0400,59
35651743841401,09:54:11.743,53.0400,100
35652864696895,09:54:12.864,53.0500,46
35652864816788,09:54:12.864,53.0500,100
35654407126913,09:54:14.407,53.0300,100
35654407163444,09:54:14.407,53.0300,14
35654875748567,09:54:14.875,53.0300,27
35655598987599,09:54:15.598,53.0200,6
35657115189453,09:54:17.115,53.0200,94
35657115189453,09:54:17.115,53.0200,4
35657121920450,09:54:17.121,53.0200,2
35658554372783,09:54:18.554,53.0300,100
35660023020227,09:54:20.023,53.0300,100
35661754989381,09:54:21.754,53.0200,100
35666071333021,09:54:26.071,52.9900,100
35666071333021,09:54:26.071,52.9900,100
35666071333021,09:54:26.071,52.9900,100
35666071333021,09:54:26.071,52.9900,200
35667830613751,09:54:27.830,52.9900,100
35670151241245,09:54:30.151,53.0100,100
35673826849629,09:54:33.826,53.0100,100
35691463749288,09:54:51.463,52.9800,100
35691901922625,09:54:51.901,52.9700,100
35691901922625,09:54:51.901,52.9700,100
35700248350462,09:55:00.248,53.0100,100
35706889996643,09:55:06.889,53.0300,9
35721035759485,09:55:21.035,53.0700,100
35721035918804,09:55:21.035,53.0700,100
35738290058559,09:55:38.290,53.0700,100
35738290058559,09:55:38.290,53.0700,4
35751916172414,09:55:51.916,53.0600,100
35751916172414,09:55:51.916,53.0600,100
35751916280234,09:55:51.916,53.0600,100
35751916367693,09:55:51.916,53.0600,100
35751916449106,09:55:51.916,53.0600,100
35751916527862,09:55:51.916,53.0600,100
35751916607081,09:55:51.916,53.0600,100
35751916686586,09:55:51.916,53.0600,100
35765328030859,09:56:05.328,53.0800,100
35771813783990,09:56:11.813,53.0700,100
35774987603363,09:56:14.987,53.0700,100
35786039720778,09:56:26.039,53.0900,100
35787960971769,09:56:27.960,53.0900,200
35787963368419,09:56:27.963,53.0900,4
35795966039490,09:56:35.966,53.0900,100
35819434509659,09:56:59.434,53.1000,100
35819434534809,09:56:59.434,53.1000,3
35819434574456,09:56:59.434,53.1000,97
35834820092191,09:57:14.820,53.0500,100
35834820092191,09:57:14.820,53.0500,23
35837236181480,09:57:17.236,53.0600,100
35837236181480,09:57:17.236,53.0600,100
35862053896768,09:57:42.053,53.0600,100
35870942208561,09:57:50.942,53.0600,100
35877941586121,09:57:57.941,53.0700,96
35881734414455,09:58:01.734,53.0700,4
35881743358430,09:58:01.743,53.0700,100
35902006339693,09:58:22.006,53.1000,100
35911208048930,09:58:31.208,53.1100,100
35925916973339,09:58:45.916,53.1200,100
35933857773334,09:58:53.857,53.1100,200
35936438679125,09:58:56.438,53.1100,100
35936438679125,09:58:56.438,53.1100,100
35956598622639,09:59:16.598,53.1200,100
35956741751643,09:59:16.741,53.1200,100
35969375179613,09:59:29.375,53.1400,100
35970262563445,09:59:30.262,53.1400,100
35987841865391,09:59:47.841,53.1300,100
35987841865391,09:59:47.841,53.1300,100
36000602146122,10:00:00.602,53.1000,100
36000603032286,10:00:00.603,53.1000,100
36000753847117,10:00:00.753,53.1000,100
36000754280816,10:00:00.754,53.1000,100
36003999518176,10:00:03.999,53.1100,100
36004341289869,10:00:04.341,53.1100,100
36007073615208,10:00:07.073,53.1100,100
36008501385481,10:00:08.501,53.1200,100
36008501720103,10:00:08.501,53.1200,100
36009716873404,10:00:09.716,53.1350,200
36010249014325,10:00:10.249,53.1400,100
36010249044850,10:00:10.249,53.1400,100
36017924717792,10:00:17.924,53.1500,5
36018556684737,10:00:18.556,53.1400,43
36018556743777,10:00:18.556,53.1400,157
36034536257295,10:00:34.536,53.1300,100
36041196174133,10:00:41.196,53.1200,24
36041196174133,10:00:41.196,53.1200,76
36060215190070,10:01:00.215,53.1300,200
36060215190070,10:01:00.215,53.1300,100
36063070482815,10:01:03.070,53.1200,24
36067048565407,10:01:07.048,53.1100,100
36070794935675,10:01:10.794,53.1000,100
36070795004045,10:01:10.795,53.1000,98
36072565803917,10:01:12.565,53.0800,100
36072565803917,10:01:12.565,53.0800,81
36072800972399,10:01:12.800,53.0900,100
36079333499990,10:01:19.333,53.1000,10
36099323293457,10:01:39.323,53.0900,200
36100652428874,10:01:40.652,53.0800,100
36110025378688,10:01:50.025,53.1000,100
36113803927519,10:01:53.803,53.1100,100
36113803927519,10:01:53.803,53.1100,126
36113803927519,10:01:53.803,53.1100,100
36124156247016,10:02:04.156,53.1200,100
36124156247016,10:02:04.156,53.1200,100
36124156247016,10:02:04.156,53.1200,3
36125094434621,10:02:05.094,53.1000,50
36143784138401,10:02:23.784,53.1100,63
36143784138401,10:02:23.784,53.1100,100
36153636258776,10:02:33.636,53.0500,100
36153636258776,10:02:33.636,53.0500,80
36161128726301,10:02:41.128,53.0600,100
36161128726301,10:02:41.128,53.0600,100
36161128756431,10:02:41.128,53.0600,100
36164277759158,10:02:44.277,53.0500,100
36164793925895,10:02:44.793,53.0400,100
36175028661362,10:02:55.028,53.0200,100
36175028686742,10:02:55.028,53.0200,100
36180881096109,10:03:00.881,53.0300,100
36180977983693,10:03:00.977,53.0300,200
36180977983693,10:03:00.977,53.0300,100
36193170205711,10:03:13.170,53.0700,32
36193170260577,10:03:13.170,53.0700,100
36193170282246,10:03:13.170,53.0700,68
36248015060470,10:04:08.015,53.1000,4
36248015060470,10:04:08.015,53.1000,100
36248015060470,10:04:08.015,53.1000,100
36257154579212,10:04:17.154,53.1200,100
36276707171866,10:04:36.707,53.1200,100
36276707171866,10:04:36.707,53.1200,5
36277384974381,10:04:37.384,53.1300,100
36292303359239,10:04:52.303,53.1300,100
36292303401371,10:04:52.303,53.1300,25
36292303796315,10:04:52.303,53.1300,25
36292303834282,10:04:52.303,53.1300,75
36293691069616,10:04:53.691,53.1400,100
36309394437856,10:05:09.394,53.1500,20
36309394471225,10:05:09.394,53.1500,16
36312875406478,10:05:12.875,53.1600,9
36322532128942,10:05:22.532,53.1600,100
36322532128942,10:05:22.532,53.1600,9
36322532128942,10:05:22.532,53.1600,46
36324350989677,10:05:24.350,53.1600,10
36325614620336,10:05:25.614,53.1600,100
36325614669443,10:05:25.614,53.1600,100
36335780855145,10:05:35.780,53.1500,100
36335780855145,10:05:35.780,53.1500,26
36335780886723,10:05:35.780,53.1500,74
36335780886723,10:05:35.780,53.1500,200
36335782266841,10:05:35.782,53.1400,76
36335782427077,10:05:35.782,53.1400,76
36335782484042,10:05:35.782,53.1400,48
36347433521692,10:05:47.433,53.1100,100
36347433521692,10:05:47.433,53.1100,100
36347433521692,10:05:47.433,53.1100,100
36349411510103,10:05:49.411,53.1100,100
36356933846577,10:05:56.933,53.1100,52
36357287702644,10:05:57.287,53.1200,100
36357287702644,10:05:57.287,53.1200,100
36363698924744,10:06:03.698,53.1100,1
36363698924744,10:06:03.698,53.1100,100
36364709926419,10:06:04.709,53.1050,97
36364709926419,10:06:04.709,53.1000,3
36371002119402,10:06:11.002,53.1000,100
36371002119402,10:06:11.002,53.1000,13
36395704653129,10:06:35.704,53.0800,100
36410691595136,10:06:50.691,53.0800,100
36410691595136,10:06:50.691,53.0800,100
36410691595136,10:06:50.691,53.0800,100
36410691595136,10:06:50.691,53.0800,100
36410691817227,10:06:50.691,53.0800,100
36410691819817,10:06:50.691,53.0800,100
36410692010064,10:06:50.692,53.0800,100
36419041274720,10:06:59.041,53.0900,100
36425214031918,10:07:05.214,53.0900,100
36447550984687,10:07:27.550,53.0900,100
36447550984687,10:07:27.550,53.0900,100
36447551024283,10:07:27.551,53.0900,20
36447551192430,10:07:27.551,53.0900,100
36447551192430,10:07:27.551,53.0900,100
36447551217262,10:07:27.551,53.0900,200
36447551384615,10:07:27.551,53.0900,77
36459396803694,10:07:39.396,53.1000,100
36497171063608,10:08:17.171,53.1200,100
36521057920213,10:08:41.057,53.1300,300
36536549512202,10:08:56.549,53.1400,100
36555053949053,10:09:15.053,53.1400,100
36555053979428,10:09:15.053,53.1400,70
36565663237640,10:09:25.663,53.1400,199
36565663288510,10:09:25.663,53.1400,1
36565663288510,10:09:25.663,53.1400,3
36565663368873,10:09:25.663,53.1400,100
36565663434263,10:09:25.663,53.1400,78
36588826177337,10:09:48.826,53.1300,100
36592102474699,10:09:52.102,53.1300,200
36592102474699,10:09:52.102,53.1300,100
36592102474699,10:09:52.102,53.1300,100
36592102474699,10:09:52.102,53.1300,100
36594587154639,10:09:54.587,53.1100,100
36594587154639,10:09:54.587,53.1100,100
36604207949973,10:10:04.207,53.1100,100
36604207949973,10:10:04.207,53.1100,800
36604207949973,10:10:04.207,53.1100,2
36607454910487,10:10:07.454,53.1200,100
36607454910487,10:10:07.454,53.1200,100
36612456633077,10:10:12.456,53.1300,100
36612456633077,10:10:12.456,53.1300,12
36612456633077,10:10:12.456,53.1300,100
36630873717030,10:10:30.873,53.1200,100
36633257892575,10:10:33.257,53.1200,100
36640041682962,10:10:40.041,53.1200,100
36655260822490,10:10:55.260,53.1300,100
36683689965346,10:11:23.689,53.1400,200
36683689965346,10:11:23.689,53.1400,1
36683689996457,10:11:23.689,53.1400,99
36692898664262,10:11:32.898,53.1400,108
36701192592321,10:11:41.192,53.1400,100
36711641060213,10:11:51.641,53.1400,200
36711641060213,10:11:51.641,53.1400,5
36711641060213,10:11:51.641,53.1400,100
36714132702740,10:11:54.132,53.1300,94
36723346679244,10:12:03.346,53.1100,100
36725277037586,10:12:05.277,53.1000,2
36725277037586,10:12:05.277,53.1000,98
36734741935376,10:12:14.741,53.0900,100
36735816652664,10:12:15.816,53.0900,39
36736604341574,10:12:16.604,53.0900,61
36736604341574,10:12:16.604,53.0900,100
36743059037370,10:12:23.059,53.1000,20
36743059065440,10:12:23.059,53.1000,16
36759683442763,10:12:39.683,53.1250,10
36775673804773,10:12:55.673,53.1300,100
36775673804773,10:12:55.673,53.1300,100
36775673902132,10:12:55.673,53.1300,100
36775673928122,10:12:55.673,53.1300,100
36775673940509,10:12:55.673,53.1300,100
36775674073030,10:12:55.674,53.1300,100
36775674314653,10:12:55.674,53.1300,100
36788508645657,10:13:08.508,53.1400,25
36816510640023,10:13:36.510,53.1500,62
36816511020199,10:13:36.511,53.1500,93
36816511030430,10:13:36.511,53.1500,45
36820464966930,10:13:40.464,53.1600,100
36837783421283,10:13:57.783,53.1600,39
36873671114421,10:14:33.671,53.1600,161
36885554432588,10:14:45.554,53.1600,100
36885554432588,10:14:45.554,53.1600,1
36885554432588,10:14:45.554,53.1600,100
36902668812209,10:15:02.668,53.1700,100
36903122111784,10:15:03.122,53.1800,100
36903122669179,10:15:03.122,53.1800,1
36903122711659,10:15:03.122,53.1800,99
36927033932328,10:15:27.033,53.2000,52
36927033961195,10:15:27.033,53.2000,88
36942751353342,10:15:42.751,53.2100,100
36942751379703,10:15:42.751,53.2100,1
36942751430707,10:15:42.751,53.2100,99
36947968707171,10:15:47.968,53.1900,10
37013139357481,10:16:53.139,53.1800,200
37021185504290,10:17:01.185,53.1550,91
37021186008895,10:17:01.186,53.1550,9
37021816318445,10:17:01.816,53.1600,86
37021816354649,10:17:01.816,53.1600,100
37021816373870,10:17:01.816,53.1600,514
37021816405236,10:17:01.816,53.1600,100
37021816500777,10:17:01.816,53.1600,100
37036035250644,10:17:16.035,53.1700,124
37075461043744,10:17:55.461,53.1800,100
37087386426415,10:18:07.386,53.1800,100
37087386426415,10:18:07.386,53.1800,100
37087386426415,10:18:07.386,53.1800,4
37098825799879,10:18:18.825,53.1700,100
37098825799879,10:18:18.825,53.1700,100
37098825799879,10:18:18.825,53.1700,90
37098825836734,10:18:18.825,53.1700,10
37098825933640,10:18:18.825,53.1700,10
37098825959334,10:18:18.825,53.1700,44
37098827850668,10:18:18.827,53.1700,46
37125769625151,10:18:45.769,53.1300,78
37140265712062,10:19:00.265,53.1300,100
37140265712062,10:19:00.265,53.1300,100
37142276328118,10:19:02.276,53.1400,100
37142276328118,10:19:02.276,53.1400,100
37142276355913,10:19:02.276,53.1400,6
37145872093185,10:19:05.872,53.1600,100
37145872093185,10:19:05.872,53.1600,100
37145872935301,10:19:05.872,53.1600,100
37157478073103,10:19:17.478,53.1800,100
37163020508624,10:19:23.020,53.1800,10
37166255185930,10:19:26.255,53.1700,76
37166255214033,10:19:26.255,53.1700,92
37166255291108,10:19:26.255,53.1700,32
37166255291108,10:19:26.255,53.1700,100
37166255319442,10:19:26.255,53.1700,46
37166258480008,10:19:26.258,53.1600,100
37178093007458,10:19:38.093,53.1600,100
37186872340224,10:19:46.872,53.1700,100
37190166141543,10:19:50.166,53.1700,100
37190166141543,10:19:50.166,53.1700,100
37190166188381,10:19:50.166,53.1700,200
37190166203867,10:19:50.166,53.1700,100
37190192276285,10:19:50.192,53.1700,100
37190192276285,10:19:50.192,53.1700,100
37200194607459,10:20:00.194,53.1500,100
37200194607459,10:20:00.194,53.1500,200
37206496143156,10:20:06.496,53.1400,100
37210804335883,10:20:10.804,53.1300,100
37210804335883,10:20:10.804,53.1300,14
37229499092190,10:20:29.499,53.1100,100
37231888601726,10:20:31.888,53.1100,500
37234244840272,10:20:34.244,53.0900,100
37237193335456,10:20:37.193,53.0800,9
37237193335456,10:20:37.193,53.0800,100
37237193641157,10:20:37.193,53.0800,100
37237193641157,10:20:37.193,53.0800,100
37237193641157,10:20:37.193,53.0800,100
37263173313658,10:21:03.173,53.0900,83
37279576588580,10:21:19.576,53.1000,100
37289438684697,10:21:29.438,53.1100,100
37300185607302,10:21:40.185,53.1000,100
37300185607302,10:21:40.185,53.1000,46
37300185843826,10:21:40.185,53.1000,54
37300185843826,10:21:40.185,53.1000,200
37304808872688,10:21:44.808,53.0900,42
37315355090238,10:21:55.355,53.0900,46
37320101850631,10:22:00.101,53.0800,100
37320102287994,10:22:00.102,53.0800,101
37320102323126,10:22:00.102,53.0800,99
37320102323126,10:22:00.102,53.0800,14
37324166807225,10:22:04.166,53.0700,100
37329785009550,10:22:09.785,53.0700,100
37340872038284,10:22:20.872,53.0800,100
37340872207305,10:22:20.872,53.0800,100
37340872207305,10:22:20.872,53.0800,100
37340872207305,10:22:20.872,53.0800,100
37340872207305,10:22:20.872,53.0800,100
37340872207305,10:22:20.872,53.0800,100
37363253758477,10:22:43.253,53.1200,54
37363254484224,10:22:43.254,53.1200,11
37363256713738,10:22:43.256,53.1200,35
37377748613118,10:22:57.748,53.1400,100
37384889871574,10:23:04.889,53.1400,4
37384889871574,10:23:04.889,53.1400,100
37384890529179,10:23:04.890,53.1300,100
37384890529179,10:23:04.890,53.1300,200
37384890529179,10:23:04.890,53.1300,100
37384892416701,10:23:04.892,53.1200,200
37384893712311,10:23:04.893,53.1100,100
37384893712311,10:23:04.893,53.1100,100
37384893712311,10:23:04.893,53.1100,100
37384893712311,10:23:04.893,53.1100,100
37384894890290,10:23:04.894,53.1100,100
37384894890290,10:23:04.894,53.1100,100
37384894890290,10:23:04.894,53.1100,100
37384894890290,10:23:04.894,53.1100,100
37384894890290,10:23:04.894,53.1100,100
37384895374394,10:23:04.895,53.1100,100
37384895374394,10:23:04.895,53.1100,100
37384895374394,10:23:04.895,53.1100,100
37385148689620,10:23:05.148,53.1100,89
37385149374701,10:23:05.149,53.1050,100
37385149374701,10:23:05.149,53.1000,100
37385149374701,10:23:05.149,53.1000,100
37385149374701,10:23:05.149,53.1000,100
37385149374701,10:23:05.149,53.1000,100
37385149374701,10:23:05.149,53.1000,100
37385149374701,10:23:05.149,53.1000,100
37385149374701,10:23:05.149,53.1000,100
37385149434515,10:23:05.149,53.1000,100
37385149770730,10:23:05.149,53.1000,100
37385149847035,10:23:05.149,53.1000,100
37385405798502,10:23:05.405,53.0800,100
37385405798502,10:23:05.405,53.0800,100
37385405798502,10:23:05.405,53.0800,100
37385405798502,10:23:05.405,53.0800,100
37385406632185,10:23:05.406,53.0700,100
37385406632185,10:23:05.406,53.0700,100
37385406632185,10:23:05.406,53.0700,100
37385406632185,10:23:05.406,53.0700,100
37385406632185,10:23:05.406,53.0700,100
37385406686570,10:23:05.406,53.0700,100
37385407090222,10:23:05.407,53.0700,100
37385409102205,10:23:05.409,53.0700,100
37385409102205,10:23:05.409,53.0700,100
37385409102205,10:23:05.409,53.0700,100
37385409102205,10:23:05.409,53.0700,100
37385409102205,10:23:05.409,53.0700,100
37385409102205,10:23:05.409,53.0700,100
37385409102205,10:23:05.409,53.0700,300
37385411586671,10:23:05.411,53.0700,100
37385435104721,10:23:05.435,53.0800,100
37385435104721,10:23:05.435,53.0800,200
37385663964129,10:23:05.663,53.0800,100
37385663964129,10:23:05.663,53.0800,100
37385664700848,10:23:05.664,53.0700,300
37385664700848,10:23:05.664,53.0700,100
37385664700848,10:23:05.664,53.0700,100
37385664700848,10:23:05.664,53.0700,100
37385664700848,10:23:05.664,53.0700,100
37385664700848,10:23:05.664,53.0700,100
37385664759810,10:23:05.664,53.0700,100
37385664998122,10:23:05.664,53.0700,100
37385664998122,10:23:05.664,53.0700,100
37385664998122,10:23:05.664,53.0700,100
37385664998122,10:23:05.664,53.0700,100
37385664998122,10:23:05.664,53.0700,100
37385920157790,10:23:05.920,53.0700,100
37385920157790,10:23:05.920,53.0700,100
37385920157790,10:23:05.920,53.0700,300
37385920157790,10:23:05.920,53.0700,100
37385920157790,10:23:05.920,53.0700,200
37386122302335,10:23:06.122,53.0700,100
37386122302335,10:23:06.122,53.0700,100
37386207037554,10:23:06.207,53.0700,200
37386207037554,10:23:06.207,53.0700,100
37386207037554,10:23:06.207,53.0700,100
37386207037554,10:23:06.207,53.0700,100
37386207037554,10:23:06.207,53.0700,100
37386207037554,10:23:06.207,53.0700,100
37386207037554,10:23:06.207,53.0700,100
37386207108933,10:23:06.207,53.0700,100
37386207390074,10:23:06.207,53.0800,100
37386207871527,10:23:06.207,53.0800,100
37386207872829,10:23:06.207,53.0800,100
37386207872829,10:23:06.207,53.0800,75
37386226820358,10:23:06.226,53.0800,100
37386227290822,10:23:06.227,53.0700,100
37386227290822,10:23:06.227,53.0700,100
37386227290822,10:23:06.227,53.0700,100
37386227290822,10:23:06.227,53.0700,100
37386227290822,10:23:06.227,53.0700,100
37386227290822,10:23:06.227,53.0700,100
37386227290822,10:23:06.227,53.0700,200
37386227290822,10:23:06.227,53.0700,100
37386227290822,10:23:06.227,53.0700,100
37386418347722,10:23:06.418,53.0700,100
37386418347722,10:23:06.418,53.0700,100
37397890470663,10:23:17.890,53.1000,60
37397890499984,10:23:17.890,53.1000,40
37397890511602,10:23:17.890,53.1000,40
37397890636232,10:23:17.890,53.1000,60
37401034317095,10:23:21.034,53.1100,100
37401034317095,10:23:21.034,53.1100,100
37401034317095,10:23:21.034,53.1100,51
37401034379480,10:23:21.034,53.1100,60
37401034460529,10:23:21.034,53.1100,40
37410672353732,10:23:30.672,53.1100,100
37412556670310,10:23:32.556,53.1000,100
37431510757216,10:23:51.510,53.0800,100
37431510757216,10:23:51.510,53.0800,100
37431510757216,10:23:51.510,53.0800,100
37441585455171,10:24:01.585,53.0900,60
37441585481963,10:24:01.585,53.0900,40
37454948935313,10:24:14.948,53.1000,100
37454948935313,10:24:14.948,53.1000,100
37454948935313,10:24:14.948,53.1000,37
37459357832846,10:24:19.357,53.0900,100
37461181125282,10:24:21.181,53.0900,100
37461181155561,10:24:21.181,53.0900,100
37467248582484,10:24:27.248,53.0900,100
37467248582484,10:24:27.248,53.0900,100
37467248734511,10:24:27.248,53.0900,100
37467248736117,10:24:27.248,53.0900,100
37467248771013,10:24:27.248,53.0900,100
37468255874175,10:24:28.255,53.1000,100
37468255874175,10:24:28.255,53.1000,100
37468255874175,10:24:28.255,53.1000,200
37485674054176,10:24:45.674,53.1300,100
37497872124039,10:24:57.872,53.1400,46
37501833425875,10:25:01.833,53.1500,197
37501833470766,10:25:01.833,53.1500,3
37501833470766,10:25:01.833,53.1500,100
37506495890608,10:25:06.495,53.1400,100
37506495890608,10:25:06.495,53.1400,1
37506495903907,10:25:06.495,53.1400,99
37508668327256,10:25:08.668,53.1300,140
37508668327256,10:25:08.668,53.1300,51
37524719691414,10:25:24.719,53.1200,100
37524719691414,10:25:24.719,53.1200,100
37524719691414,10:25:24.719,53.1200,100
37524719953319,10:25:24.719,53.1200,100
37524719953319,10:25:24.719,53.1200,100
37524719953319,10:25:24.719,53.1200,100
37538207736717,10:25:38.207,53.1000,100
37551519601039,10:25:51.519,53.0800,100
37558041094713,10:25:58.041,53.0900,100
37558041094713,10:25:58.041,53.0900,100
37564291243830,10:26:04.291,53.0900,1
37572251544124,10:26:12.251,53.1100,100
37572251544124,10:26:12.251,53.1100,100
37580892894928,10:26:20.892,53.1000,100
37630708149927,10:27:10.708,53.0900,100
37630708236541,10:27:10.708,53.0900,100
37630710986563,10:27:10.710,53.0800,100
37630710986563,10:27:10.710,53.0800,11
37650222751530,10:27:30.222,53.0600,100
37657401582769,10:27:37.401,53.0600,33
37666742932847,10:27:46.742,53.0500,100
37666742995092,10:27:46.742,53.0500,27
37680311855572,10:28:00.311,53.0400,100
37680311855572,10:28:00.311,53.0400,264
37680311884218,10:28:00.311,53.0400,1236
37687766373638,10:28:07.766,53.0600,100
37720948576073,10:28:40.948,53.0800,100
37724521334162,10:28:44.521,53.0900,9
37737440207289,10:28:57.440,53.1100,4
37737440207289,10:28:57.440,53.1100,100
37737440207289,10:28:57.440,53.1100,43
37737446552538,10:28:57.446,53.1100,100
37737446552538,10:28:57.446,53.1100,100
37737446552538,10:28:57.446,53.1100,100
37737446552538,10:28:57.446,53.1100,100
37737446552538,10:28:57.446,53.1100,100
37737511667081,10:28:57.511,53.1200,100
37737511667081,10:28:57.511,53.1200,100
37742145667825,10:29:02.145,53.1400,100
37765802420414,10:29:25.802,53.1600,100
37770730708159,10:29:30.730,53.1700,25
37772503721864,10:29:32.503,53.1700,166
37800568696710,10:30:00.568,53.1500,20
37804030917608,10:30:04.030,53.1500,100
37804030949734,10:30:04.030,53.1500,80
37804030949734,10:30:04.030,53.1500,3
37805910379834,10:30:05.910,53.1200,1
37807353331197,10:30:07.353,53.1200,100
37807353331197,10:30:07.353,53.1200,100
37812523523477,10:30:12.523,53.1300,80
37812523551421,10:30:12.523,53.1300,20
37827858418220,10:30:27.858,53.1200,100
37827858418220,10:30:27.858,53.1200,34
37827858579698,10:30:27.858,53.1200,100
37862213557336,10:31:02.213,53.1000,100
37862213557336,10:31:02.213,53.1000,100
37862213557336,10:31:02.213,53.1000,100
37862213557336,10:31:02.213,53.1000,100
37862213860272,10:31:02.213,53.1000,100
37862213860272,10:31:02.213,53.1000,100
37866676414397,10:31:06.676,53.1000,100
37866676976948,10:31:06.676,53.1000,100
37870832311894,10:31:10.832,53.0800,100
37870832311894,10:31:10.832,53.0800,100
37870832311894,10:31:10.832,53.0800,26
37870832409962,10:31:10.832,53.0800,100
37871058925042,10:31:11.058,53.0900,100
37871058925042,10:31:11.058,53.0900,41
37878952718922,10:31:18.952,53.0900,88
37878952718922,10:31:18.952,53.0900,12
37878952777842,10:31:18.952,53.0900,88
37892444953501,10:31:32.444,53.0900,100
37892444953501,10:31:32.444,53.0900,20
37892444981372,10:31:32.444,53.0900,80
37915699297565,10:31:55.699,53.0700,59
37917485829097,10:31:57.485,53.0700,100
37940104120304,10:32:20.104,53.0900,100
37942301584950,10:32:22.301,53.0850,200
37942301584950,10:32:22.301,53.0800,100
37942301626465,10:32:22.301,53.0800,100
37942301647239,10:32:22.301,53.0800,100
37944238777833,10:32:24.238,53.0850,200
37944575979293,10:32:24.575,53.0800,1
37944577904746,10:32:24.577,53.0750,200
37944577904746,10:32:24.577,53.0700,4
37944578076402,10:32:24.578,53.0700,96
37944578076402,10:32:24.578,53.0700,4
37984373298180,10:33:04.373,53.0700,100
38011230025528,10:33:31.230,53.0700,95
38011230123070,10:33:31.230,53.0700,5
38017987975678,10:33:37.987,53.0700,100
38040679410980,10:34:00.679,53.0700,100
38040679532706,10:34:00.679,53.0700,100
38041148108222,10:34:01.148,53.0800,200
38047999116335,10:34:07.999,53.0800,3
38059019647512,10:34:19.019,53.0700,100
38072758309535,10:34:32.758,53.0650,46
38072758358593,10:34:32.758,53.0650,46
38072758383635,10:34:32.758,53.0650,8
38072758383635,10:34:32.758,53.0600,38
38072758389346,10:34:32.758,53.0600,8
38121060261468,10:35:21.060,53.0550,200
38121061513634,10:35:21.061,53.0500,100
38121061513634,10:35:21.061,53.0500,100
38121083098271,10:35:21.083,53.0500,100
38121083098271,10:35:21.083,53.0500,100
38121083098271,10:35:21.083,53.0500,100
38151200346098,10:35:51.200,53.0400,100
38169237520554,10:36:09.237,53.0400,100
38169237520554,10:36:09.237,53.0400,200
38169237520554,10:36:09.237,53.0400,100
38169238117410,10:36:09.238,53.0400,100
38193650052744,10:36:33.650,53.0300,100
38193650052744,10:36:33.650,53.0300,300
38202293644278,10:36:42.293,53.0400,100
38219192919288,10:36:59.192,53.0300,100
38238192980021,10:37:18.192,53.0300,24
38238193012933,10:37:18.193,53.0300,76
38238193038781,10:37:18.193,53.0300,76
38273435022356,10:37:53.435,53.0200,100
38273435022356,10:37:53.435,53.0200,100
38281745207013,10:38:01.745,53.0100,194
38281745207013,10:38:01.745,53.0100,6
38281745236361,10:38:01.745,53.0100,94
38289708730549,10:38:09.708,53.0200,100
38289708730549,10:38:09.708,53.0200,12
38289708730549,10:38:09.708,53.0200,100
38310280311159,10:38:30.280,53.0200,100
38323928038852,10:38:43.928,53.0300,4
38323928038852,10:38:43.928,53.0300,100
38372581807324,10:39:32.581,53.0500,100
38372581807324,10:39:32.581,53.0500,100
38372581807324,10:39:32.581,53.0500,200
38384873132427,10:39:44.873,53.0700,10
38386722258586,10:39:46.722,53.0700,100
38386722258586,10:39:46.722,53.0700,100
38397916968861,10:39:57.916,53.0700,100
38397917413198,10:39:57.917,53.0700,100
38404388713203,10:40:04.388,53.0700,100
38404388713203,10:40:04.388,53.0700,100
38404388713203,10:40:04.388,53.0700,100
38429232147029,10:40:29.232,53.0800,100
38446402308493,10:40:46.402,53.0800,100
38482998756622,10:41:22.998,53.0700,100
38494486457453,10:41:34.486,53.0800,100
38501808782503,10:41:41.808,53.0800,100
38521872794601,10:42:01.872,53.0900,100
38521872794601,10:42:01.872,53.0900,100
38528341720324,10:42:08.341,53.0800,110
38537212457752,10:42:17.212,53.0700,100
38537212457752,10:42:17.212,53.0700,4
38537212778530,10:42:17.212,53.0700,100
38551082457633,10:42:31.082,53.0800,100
38656137913847,10:44:16.137,53.0900,100
38664545107835,10:44:24.545,53.0900,100
38669236065390,10:44:29.236,53.1000,85
38669236065390,10:44:29.236,53.1000,100
38669236065390,10:44:29.236,53.1000,67
38669236293987,10:44:29.236,53.1000,33
38743876161083,10:45:43.876,53.1100,8
38776241314902,10:46:16.241,53.1000,100
38776241341857,10:46:16.241,53.1000,100
38776261707424,10:46:16.261,53.0900,200
38776261707424,10:46:16.261,53.0900,100
38788164468924,10:46:28.164,53.0900,67
38788199977722,10:46:28.199,53.0900,100
38803836820686,10:46:43.836,53.0800,10
38803836833925,10:46:43.836,53.0800,90
38807552329964,10:46:47.552,53.0800,100
38808846036795,10:46:48.846,53.0800,200
38808846036795,10:46:48.846,53.0800,100
38808846036795,10:46:48.846,53.0800,200
38814480188137,10:46:54.480,53.0800,100
38814480188137,10:46:54.480,53.0800,11
38814480692422,10:46:54.480,53.0800,89
38892240687625,10:48:12.240,53.1000,67
38893839434563,10:48:13.839,53.1100,100
38903872298252,10:48:23.872,53.1200,100
38910170344437,10:48:30.170,53.1200,300
38910170344437,10:48:30.170,53.1200,100
38910170344437,10:48:30.170,53.1200,100
38910170375921,10:48:30.170,53.1200,4
38913138229295,10:48:33.138,53.1200,4
38913138229295,10:48:33.138,53.1200,96
38913138274269,10:48:33.138,53.1200,4
38920298169388,10:48:40.298,53.1200,100
38920298169388,10:48:40.298,53.1200,100
38957337481142,10:49:17.337,53.1200,100
38960103276704,10:49:20.103,53.1100,100
38960103276704,10:49:20.103,53.1100,200
38973666476165,10:49:33.666,53.1100,100
38973666476165,10:49:33.666,53.1100,100
38980025857471,10:49:40.025,53.1100,100
38980942724498,10:49:40.942,53.1200,100
38995025300400,10:49:55.025,53.0900,100
39009898928356,10:50:09.898,53.1000,84
39009899607205,10:50:09.899,53.1000,16
39009899607205,10:50:09.899,53.1000,68
39009899668794,10:50:09.899,53.1000,32
39009899668794,10:50:09.899,53.1000,52
39009899734942,10:50:09.899,53.1000,48
39017304658870,10:50:17.304,53.1000,150
39017304691696,10:50:17.304,53.1000,10
39017304698265,10:50:17.304,53.1000,40
39017304698265,10:50:17.304,53.1000,43
39017304728907,10:50:17.304,53.1000,57
39017304728907,10:50:17.304,53.1000,83
39017304732471,10:50:17.304,53.1000,17
39017833772867,10:50:17.833,53.0900,55
39017833804091,10:50:17.833,53.0900,115
39022402536832,10:50:22.402,53.0900,100
39049282860812,10:50:49.282,53.1000,10
39049282860812,10:50:49.282,53.1000,100
39118001288265,10:51:58.001,53.1000,100
39118001288265,10:51:58.001,53.1000,100
39118001314630,10:51:58.001,53.1000,78
39130022559343,10:52:10.022,53.1000,100
39130023067827,10:52:10.023,53.1000,12
39130023409221,10:52:10.023,53.1000,66
39130023894877,10:52:10.023,53.1000,22
39130347257208,10:52:10.347,53.0900,5
39158816423397,10:52:38.816,53.0800,100
39158816423397,10:52:38.816,53.0800,123
39158816423397,10:52:38.816,53.0800,159
39160242524754,10:52:40.242,53.0700,100
39160242667015,10:52:40.242,53.0700,100
39160245444025,10:52:40.245,53.0700,100
39221855422737,10:53:41.855,53.0500,92
39239099663678,10:53:59.099,53.0200,100
39245983447056,10:54:05.983,53.0200,80
39258489331247,10:54:18.489,53.0200,200
39258489331247,10:54:18.489,53.0200,100
39270932601253,10:54:30.932,53.0200,100
39270932601253,10:54:30.932,53.0200,100
39285022840520,10:54:45.022,53.0200,10
39293606989501,10:54:53.606,53.0200,100
39308075798641,10:55:08.075,53.0300,100
39332707898180,10:55:32.707,53.0400,7
39354146667921,10:55:54.146,53.0200,4
39354146667921,10:55:54.146,53.0200,130
39354146671191,10:55:54.146,53.0200,100
39355052712736,10:55:55.052,53.0200,100
39355052712736,10:55:55.052,53.0200,100
39372737147092,10:56:12.737,53.0200,7
39414383068282,10:56:54.383,53.0200,100
39414383068282,10:56:54.383,53.0200,88
39414383079016,10:56:54.383,53.0200,12
39425388264429,10:57:05.388,53.0350,28
39427389708700,10:57:07.389,53.0400,28
39445703673117,10:57:25.703,53.0400,100
39445704197954,10:57:25.704,53.0400,93
39445704703728,10:57:25.704,53.0400,1
39445704788454,10:57:25.704,53.0400,6
39472377687563,10:57:52.377,53.0450,100
39472377700385,10:57:52.377,53.0400,67
39477883616949,10:57:57.883,53.0400,100
39480021576352,10:58:00.021,53.0300,100
39493809566929,10:58:13.809,53.0300,100
39502238892460,10:58:22.238,53.0500,100
39502238892460,10:58:22.238,53.0500,100
39502238900811,10:58:22.238,53.0500,10
39502238918036,10:58:22.238,53.0500,90
39547959552793,10:59:07.959,53.0550,100
39547959552793,10:59:07.959,53.0500,100
39547959552793,10:59:07.959,53.0500,6
39547960660773,10:59:07.960,53.0500,100
39547960660773,10:59:07.960,53.0500,100
39547960661576,10:59:07.960,53.0500,100
39566637448027,10:59:26.637,53.0500,100
39569260889746,10:59:29.260,53.0500,100
39580010113403,10:59:40.010,53.0400,100
39580640028719,10:59:40.640,53.0300,100
39580640083288,10:59:40.640,53.0300,4
39597081097841,10:59:57.081,53.0300,1
39625977141644,11:00:25.977,53.0400,100
39655048575676,11:00:55.048,53.0350,100
39655048575676,11:00:55.048,53.0300,50
39655048654167,11:00:55.048,53.0300,50
39655048654778,11:00:55.048,53.0300,50
39655048682806,11:00:55.048,53.0300,50
39655048839845,11:00:55.048,53.0300,100
39655048872464,11:00:55.048,53.0300,100
39660707831406,11:01:00.707,53.0300,100
39660708325266,11:01:00.708,53.0300,49
39662823504662,11:01:02.823,53.0400,100
39663390037354,11:01:03.390,53.0500,2
39663463011444,11:01:03.463,53.0500,9
39663463289800,11:01:03.463,53.0500,100
39663475914485,11:01:03.475,53.0600,100
39676393929484,11:01:16.393,53.0700,2
39691605367620,11:01:31.605,53.0750,100
39713082958875,11:01:53.082,53.0700,55
39713082958875,11:01:53.082,53.0700,45
39713082964353,11:01:53.082,53.0700,15
39713082973482,11:01:53.082,53.0700,40
39713084418643,11:01:53.084,53.0600,100
39724699635931,11:02:04.699,53.0600,9
39724699752471,11:02:04.699,53.0600,91
39729124676246,11:02:09.124,53.0700,19
39769099020705,11:02:49.099,53.0500,20
39769099051149,11:02:49.099,53.0500,80
39769099051149,11:02:49.099,53.0500,300
39769099051149,11:02:49.099,53.0500,100
39785161295015,11:03:05.161,53.0400,100
39785669814358,11:03:05.669,53.0500,100
39794352724150,11:03:14.352,53.0600,100
39802002329323,11:03:22.002,53.0700,100
39845546565471,11:04:05.546,53.0400,100
39845546565471,11:04:05.546,53.0400,6
39877872980956,11:04:37.872,53.0400,100
39914601613237,11:05:14.601,53.0450,100
40016668399486,11:06:56.668,53.0400,6
40016668399486,11:06:56.668,53.0400,149
40016673710141,11:06:56.673,53.0300,200
40016673710141,11:06:56.673,53.0300,100
40016792494416,11:06:56.792,53.0300,100
40016792494416,11:06:56.792,53.0300,100
40017837902252,11:06:57.837,53.0200,100
40031277648836,11:07:11.277,53.0200,100
40032624721323,11:07:12.624,53.0300,100
40032624721323,11:07:12.624,53.0300,100
40032624721323,11:07:12.624,53.0300,38
40032624721323,11:07:12.624,53.0300,62
40032626249732,11:07:12.626,53.0300,38
40063131537504,11:07:43.131,53.0300,100
40122274282006,11:08:42.274,53.0300,100
40175392128497,11:09:35.392,53.0400,6
40175392128497,11:09:35.392,53.0400,100
40181610078664,11:09:41.610,53.0300,200
40181610078664,11:09:41.610,53.0300,83
40181610093431,11:09:41.610,53.0300,117
40181610093431,11:09:41.610,53.0300,33
40181610114370,11:09:41.610,53.0300,43
40182504713081,11:09:42.504,53.0100,100
40186312231612,11:09:46.312,53.0100,100
40186312231612,11:09:46.312,53.0100,100
40188797735586,11:09:48.797,53.0200,100
40188797735586,11:09:48.797,53.0200,100
40188797735586,11:09:48.797,53.0200,100
40212279137369,11:10:12.279,53.0200,100
40242891723097,11:10:42.891,53.0300,100
40282665641753,11:11:22.665,53.0300,100
40282665668432,11:11:22.665,53.0300,100
40282665668432,11:11:22.665,53.0300,78
40282899050255,11:11:22.899,53.0300,100
40282899050255,11:11:22.899,53.0300,178
40282899050255,11:11:22.899,53.0300,100
40282899050255,11:11:22.899,53.0300,100
40282899050255,11:11:22.899,53.0300,22
40282900269898,11:11:22.900,53.0300,15
40309211031957,11:11:49.211,53.0300,2
40309333651454,11:11:49.333,53.0200,38
40309333687109,11:11:49.333,53.0200,38
40309333688644,11:11:49.333,53.0200,124
40309333688644,11:11:49.333,53.0200,38
40309333726014,11:11:49.333,53.0200,38
40309337691629,11:11:49.337,53.0100,100
40309337695327,11:11:49.337,53.0100,24
40327257033796,11:12:07.257,53.0000,200
40364736469987,11:12:44.736,53.0100,82
40364736480923,11:12:44.736,53.0100,18
40390871382536,11:13:10.871,53.0200,73
40394105994644,11:13:14.105,53.0100,152
40439133815609,11:13:59.133,53.0100,8
40449126982611,11:14:09.126,53.0100,100
40456304481817,11:14:16.304,53.0000,100
40456304481817,11:14:16.304,53.0000,8
40457311316415,11:14:17.311,52.9900,58
40481485947227,11:14:41.485,52.9900,100
40481485947227,11:14:41.485,52.9900,100
40481485987381,11:14:41.485,52.9900,20
40481485990412,11:14:41.485,52.9900,169
40481486075693,11:14:41.486,52.9900,100
40481486087593,11:14:41.486,52.9900,200
40481486629129,11:14:41.486,52.9900,100
40481486863525,11:14:41.486,52.9900,11
40481486863525,11:14:41.486,52.9900,9
40493154030261,11:14:53.154,53.0000,3
40493154035721,11:14:53.154,53.0000,97
40530296731247,11:15:30.296,53.0100,100
40530296738804,11:15:30.296,53.0100,24
40530296758683,11:15:30.296,53.0100,176
40530296758683,11:15:30.296,53.0100,100
40582390709542,11:16:22.390,53.0000,100
40582390752893,11:16:22.390,53.0000,4
40582390841432,11:16:22.390,53.0000,63
40582390841432,11:16:22.390,53.0000,8
40631871670537,11:17:11.871,53.0200,100
40634764558941,11:17:14.764,53.0200,6
40669201307950,11:17:49.201,53.0100,148
40694237832240,11:18:14.237,53.0100,6
40710873343820,11:18:30.873,53.0200,100
40710873343820,11:18:30.873,53.0200,100
40710873343820,11:18:30.873,53.0200,100
40716854017548,11:18:36.854,53.0200,100
40716874308396,11:18:36.874,53.0100,7
40725848519063,11:18:45.848,53.0100,100
40745815364152,11:19:05.815,53.0200,100
40745815811899,11:19:05.815,53.0200,100
40807277252004,11:20:07.277,53.0200,73
40807277252004,11:20:07.277,53.0200,100
40807536555823,11:20:07.536,53.0100,87
40807536950674,11:20:07.536,53.0100,13
40807536950674,11:20:07.536,53.0100,200
40807536950674,11:20:07.536,53.0100,4
40909353173444,11:21:49.353,53.0000,7
40909353173444,11:21:49.353,53.0000,143
40909353351148,11:21:49.353,53.0000,57
40920477935456,11:22:00.477,52.9900,100
40920477935456,11:22:00.477,52.9900,100
40920477935456,11:22:00.477,52.9900,100
40920477937591,11:22:00.477,52.9900,100
40930523711848,11:22:10.523,53.0000,100
40930523711848,11:22:10.523,53.0000,100
40933394503764,11:22:13.394,53.0100,100
40933394512550,11:22:13.394,53.0100,65
40933394531807,11:22:13.394,53.0100,35
40933394531807,11:22:13.394,53.0100,100
40933394531807,11:22:13.394,53.0100,65
40933394547246,11:22:13.394,53.0100,35
40933394547246,11:22:13.394,53.0100,100
40937071747079,11:22:17.071,53.0100,8
40941806534014,11:22:21.806,53.0050,30
40942114224350,11:22:22.114,53.0100,70
40943209691508,11:22:23.209,53.0200,82
40943209700723,11:22:23.209,53.0200,18
40960078701065,11:22:40.078,53.0200,100
40985773917772,11:23:05.773,53.0400,42
40999996885913,11:23:19.996,53.0300,150
40999996936466,11:23:19.996,53.0300,150
40999996936466,11:23:19.996,53.0300,100
40999996936466,11:23:19.996,53.0300,100
40999996936466,11:23:19.996,53.0300,150
40999996972773,11:23:19.996,53.0300,50
41017961347720,11:23:37.961,53.0100,100
41017962014692,11:23:37.962,53.0100,100
41017962014692,11:23:37.962,53.0100,100
41017962014692,11:23:37.962,53.0100,100
41020675902264,11:23:40.675,53.0100,100
41070872213568,11:24:30.872,53.0200,100
41070872213568,11:24:30.872,53.0200,100
41070872213568,11:24:30.872,53.0200,100
41070872533766,11:24:30.872,53.0200,100
41070872533766,11:24:30.872,53.0200,100
41070875079163,11:24:30.875,53.0300,80
41070875121362,11:24:30.875,53.0300,20
41070875250251,11:24:30.875,53.0300,20
41070883737956,11:24:30.883,53.0300,100
41116482122299,11:25:16.482,53.0300,200
41116482122299,11:25:16.482,53.0300,100
41117127674737,11:25:17.127,53.0200,8
41119915647740,11:25:19.915,53.0200,6
41119915890455,11:25:19.915,53.0200,6
41119915928257,11:25:19.915,53.0200,94
41139507858718,11:25:39.507,53.0250,100
41139512665896,11:25:39.512,53.0200,100
41139512665896,11:25:39.512,53.0200,100
41209872145352,11:26:49.872,53.0200,100
41241795119119,11:27:21.795,53.0200,100
41241795119119,11:27:21.795,53.0200,158
41248884983832,11:27:28.884,53.0100,200
41248884983832,11:27:28.884,53.0100,8
41248884983832,11:27:28.884,53.0100,100
41248885203944,11:27:28.885,53.0100,100
41248885213985,11:27:28.885,53.0100,100
41248885355318,11:27:28.885,53.0100,100
41287338768177,11:28:07.338,53.0300,1
41293566481573,11:28:13.566,53.0300,99
41293566863360,11:28:13.566,53.0300,100
41318946208627,11:28:38.946,53.0300,100
41318946208627,11:28:38.946,53.0300,100
41362332546586,11:29:22.332,53.0300,100
41362332546586,11:29:22.332,53.0300,163
41390136267839,11:29:50.136,53.0300,100
41390136267839,11:29:50.136,53.0300,38
41390136726264,11:29:50.136,53.0300,1
41399269687512,11:29:59.269,53.0300,100
41404066620742,11:30:04.066,53.0300,67
41404066661782,11:30:04.066,53.0300,33
41439156144455,11:30:39.156,53.0500,24
41439156209995,11:30:39.156,53.0500,16
41439156424448,11:30:39.156,53.0500,60
41439156424448,11:30:39.156,53.0500,16
41439156445174,11:30:39.156,53.0500,60
41439156465686,11:30:39.156,53.0500,10
41439156603770,11:30:39.156,53.0500,14
41453633729447,11:30:53.633,53.0500,100
41453633737169,11:30:53.633,53.0500,76
41453633756734,11:30:53.633,53.0500,24
41453633756734,11:30:53.633,53.0500,7
41513727083802,11:31:53.727,53.0400,100
41529065935493,11:32:09.065,53.0500,200
41529065965225,11:32:09.065,53.0500,9
41529066168102,11:32:09.066,53.0500,9
41595332138015,11:33:15.332,53.0500,100
41595332239091,11:33:15.332,53.0500,7
41595332239091,11:33:15.332,53.0500,100
41595332239091,11:33:15.332,53.0500,78
41595334681630,11:33:15.334,53.0400,40
41598283869897,11:33:18.283,53.0300,100
41598284081781,11:33:18.284,53.0300,99
41624738246075,11:33:44.738,53.0200,150
41633856086210,11:33:53.856,53.0100,100
41645473932312,11:34:05.473,53.0100,100
41645473932312,11:34:05.473,53.0100,8
41656568949363,11:34:16.568,53.0100,100
41656568949363,11:34:16.568,53.0100,100
41663614395186,11:34:23.614,53.0000,100
41720558556677,11:35:20.558,53.0100,9
41720976231236,11:35:20.976,53.0100,91
41720976231236,11:35:20.976,53.0100,9
41721215757951,11:35:21.215,53.0100,91
41727455502607,11:35:27.455,53.0200,100
41727455502607,11:35:27.455,53.0200,100
41751648903318,11:35:51.648,53.0300,100
41751648903318,11:35:51.648,53.0300,100
41780166739519,11:36:20.166,53.0300,100
41780166739519,11:36:20.166,53.0300,100
41780166739519,11:36:20.166,53.0300,100
41780166739519,11:36:20.166,53.0300,100
41780166739519,11:36:20.166,53.0300,100
41788686753445,11:36:28.686,53.0300,172
41788686753445,11:36:28.686,53.0300,100
41788709791183,11:36:28.709,53.0200,100
41790920686635,11:36:30.920,53.0200,100
41819665425491,11:36:59.665,53.0100,200
41819665425491,11:36:59.665,53.0100,8
41819665425491,11:36:59.665,53.0100,100
41897039938978,11:38:17.039,53.0100,8
41897040160150,11:38:17.040,53.0100,8
41897040188218,11:38:17.040,53.0100,92
41920772036250,11:38:40.772,53.0100,100
41920772060365,11:38:40.772,53.0100,100
41968701380979,11:39:28.701,53.0200,100
41968701380979,11:39:28.701,53.0100,32
41997879434623,11:39:57.879,53.0400,100
41998744556128,11:39:58.744,53.0400,100
42042222326097,11:40:42.222,53.0400,7
42042222326097,11:40:42.222,53.0400,100
42042222326097,11:40:42.222,53.0400,93
42042222356063,11:40:42.222,53.0400,7
42042222356063,11:40:42.222,53.0400,300
42042672805835,11:40:42.672,53.0300,100
42042718524201,11:40:42.718,53.0300,100
42042718524201,11:40:42.718,53.0300,100
42042719197623,11:40:42.719,53.0300,17
42042719233974,11:40:42.719,53.0300,83
42071303422456,11:41:11.303,53.0500,100
42071303422456,11:41:11.303,53.0500,100
42093220482448,11:41:33.220,53.0500,100
42093220567626,11:41:33.220,53.0500,200
42095619224486,11:41:35.619,53.0400,142
42125851894747,11:42:05.851,53.0300,31
42133081882813,11:42:13.081,53.0200,7
42141074263604,11:42:21.074,53.0200,93
42143200355622,11:42:23.200,53.0300,100
42163969853347,11:42:43.969,53.0300,73
42163969895691,11:42:43.969,53.0300,27
42227018299234,11:43:47.018,53.0400,100
42227018299234,11:43:47.018,53.0400,300
42227018299234,11:43:47.018,53.0400,112
42274893402514,11:44:34.893,53.0400,6
42313995454832,11:45:13.995,53.0300,55
42313995454832,11:45:13.995,53.0300,44
42313995458340,11:45:13.995,53.0300,56
42313995617223,11:45:13.995,53.0300,100
42313995640584,11:45:13.995,53.0300,100
42328387223283,11:45:28.387,53.0200,100
42328387223283,11:45:28.387,53.0200,1
42328387298160,11:45:28.387,53.0200,100
42328387298160,11:45:28.387,53.0200,1
42328387365783,11:45:28.387,53.0200,1
42328387400954,11:45:28.387,53.0200,99
42328387400954,11:45:28.387,53.0200,2
42328387539568,11:45:28.387,53.0200,100
42328387539568,11:45:28.387,53.0200,1
42328387961375,11:45:28.387,53.0200,96
42335325516444,11:45:35.325,53.0100,200
42335325721378,11:45:35.325,53.0100,200
42366343540856,11:46:06.343,53.0100,100
42366344958219,11:46:06.344,53.0100,1
42436872884643,11:47:16.872,53.0200,125
42436872884643,11:47:16.872,53.0200,100
42436872884643,11:47:16.872,53.0200,100
42436872884643,11:47:16.872,53.0200,100
42491694194888,11:48:11.694,53.0200,93
42491694194888,11:48:11.694,53.0200,7
42491694224405,11:48:11.694,53.0200,93
42491694224405,11:48:11.694,53.0200,5
42499197780352,11:48:19.197,53.0000,100
42499281119859,11:48:19.281,53.0000,100
42499281119859,11:48:19.281,53.0000,100
42533261729140,11:48:53.261,53.0100,1
42533261729140,11:48:53.261,53.0100,100
42533261729140,11:48:53.261,53.0100,100
42533261729140,11:48:53.261,53.0100,100
42584261566805,11:49:44.261,53.0100,50
42595170417602,11:49:55.170,53.0100,100
42595170456313,11:49:55.170,53.0100,100
42595170456313,11:49:55.170,53.0100,200
42595170456313,11:49:55.170,53.0100,100
42598191777171,11:49:58.191,53.0200,100
42598191804019,11:49:58.191,53.0200,100
42598191804019,11:49:58.191,53.0200,200
42617096969515,11:50:17.096,53.0300,100
42638872949432,11:50:38.872,53.0400,9
42657144147990,11:50:57.144,53.0500,30
42661189090089,11:51:01.189,53.0500,12
42681872823062,11:51:21.872,53.0600,100
42694140435939,11:51:34.140,53.0600,100
42694140435939,11:51:34.140,53.0600,100
42738450821286,11:52:18.450,53.0800,135
42742714901776,11:52:22.714,53.0900,100
42742714901776,11:52:22.714,53.0900,100
42742714901776,11:52:22.714,53.0900,100
42774344666567,11:52:54.344,53.1100,100
42774344695892,11:52:54.344,53.1100,100
42799592259615,11:53:19.592,53.1000,5
42840085196883,11:54:00.085,53.0900,100
42840085196883,11:54:00.085,53.0900,27
42840085219918,11:54:00.085,53.0900,173
42872061030366,11:54:32.061,53.0900,80
42872061040058,11:54:32.061,53.0900,20
42872279242641,11:54:32.279,53.1000,100
42872279242641,11:54:32.279,53.1000,100
42872279245620,11:54:32.279,53.1000,100
42872983806267,11:54:32.983,53.1150,20
42873242470555,11:54:33.242,53.1050,80
42873242470555,11:54:33.242,53.1100,20
42873242507955,11:54:33.242,53.1100,80
42873242507955,11:54:33.242,53.1100,51
42942784396181,11:55:42.784,53.1100,100
42942784475706,11:55:42.784,53.1100,16
42942784475706,11:55:42.784,53.1100,1
42982591101373,11:56:22.591,53.1300,200
42982591101373,11:56:22.591,53.1300,200
42982591101373,11:56:22.591,53.1300,100
42982591179482,11:56:22.591,53.1300,100
42983069081580,11:56:23.069,53.1200,100
42983069081580,11:56:23.069,53.1200,100
42983069108610,11:56:23.069,53.1200,100
42983069138239,11:56:23.069,53.1200,100
42983242370672,11:56:23.242,53.1100,100
42998676974750,11:56:38.676,53.1100,1
43042385284641,11:57:22.385,53.1200,51
43042385284641,11:57:22.385,53.1200,100
43043384008106,11:57:23.384,53.1200,100
43060880309291,11:57:40.880,53.1200,100
43066157240069,11:57:46.157,53.1100,200
43103622520844,11:58:23.622,53.0900,73
43103622548050,11:58:23.622,53.0900,127
43111448541671,11:58:31.448,53.0800,100
43111448541671,11:58:31.448,53.0800,100
43120976688498,11:58:40.976,53.0800,100
43120976876051,11:58:40.976,53.0800,10
43120976876051,11:58:40.976,53.0800,1
43140107905890,11:59:00.107,53.0700,100
43141765443128,11:59:01.765,53.0600,100
43146203706642,11:59:06.203,53.0600,100
43161959990400,11:59:21.959,53.0700,100
43161959990400,11:59:21.959,53.0700,100
43190726197491,11:59:50.726,53.0600,100
43190726197491,11:59:50.726,53.0600,100
43190726769056,11:59:50.726,53.0600,100
43190740586954,11:59:50.740,53.0500,100
43202512607633,12:00:02.512,53.0400,100
43202512610502,12:00:02.512,53.0400,100
43202512610502,12:00:02.512,53.0400,100
43218462545829,12:00:18.462,53.0500,9
43221386322873,12:00:21.386,53.0500,8
43231129983055,12:00:31.129,53.0600,100
43231137602516,12:00:31.137,53.0700,91
43243871764806,12:00:43.871,53.0700,100
43273720152168,12:01:13.720,53.0500,200
43273720152168,12:01:13.720,53.0500,10
43273720152168,12:01:13.720,53.0500,100
43273720152168,12:01:13.720,53.0500,100
43273720152168,12:01:13.720,53.0500,8
43273720152168,12:01:13.720,53.0500,1
43285722384729,12:01:25.722,53.0350,100
43289824664237,12:01:29.824,53.0400,100
43321174914294,12:02:01.174,53.0500,100
43321174914294,12:02:01.174,53.0500,100
43324012715179,12:02:04.012,53.0600,100
43324227591721,12:02:04.227,53.0650,80
43343858693353,12:02:23.858,53.0600,100
43356670807928,12:02:36.670,53.0700,1
43387871697761,12:03:07.871,53.0700,64
43387871697761,12:03:07.871,53.0700,36
43390016005261,12:03:10.016,53.0600,17
43390016005261,12:03:10.016,53.0600,300
43421317984122,12:03:41.317,53.0300,5
43421318824396,12:03:41.318,53.0300,95
43453585460018,12:04:13.585,53.0400,100
43455142378978,12:04:15.142,53.0400,200
43492312828558,12:04:52.312,53.0400,10
43492312828558,12:04:52.312,53.0400,100
43492312828558,12:04:52.312,53.0400,90
43492312869755,12:04:52.312,53.0400,10
43497773430418,12:04:57.773,53.0500,100
43497773430418,12:04:57.773,53.0500,100
43499024217199,12:04:59.024,53.0500,19
43499089215260,12:04:59.089,53.0500,100
43499089215260,12:04:59.089,53.0500,100
43502670620836,12:05:02.670,53.0600,3
43502959986946,12:05:02.959,53.0600,2
43503759503910,12:05:03.759,53.0600,24
43505944053073,12:05:05.944,53.0700,100
43505947768854,12:05:05.947,53.0700,100
43505947768854,12:05:05.947,53.0700,100
43505947768854,12:05:05.947,53.0700,100
43548872359686,12:05:48.872,53.0700,87
43548872432502,12:05:48.872,53.0700,13
43548872432502,12:05:48.872,53.0700,100
43548872432502,12:05:48.872,53.0700,100
43571930381007,12:06:11.930,53.0800,8
43584930228831,12:06:24.930,53.0800,5
43585313308517,12:06:25.313,53.0800,173
43585313361623,12:06:25.313,53.0800,14
43600702705943,12:06:40.702,53.0900,100
43600702705943,12:06:40.702,53.0900,100
43654189010481,12:07:34.189,53.0800,100
43654189036363,12:07:34.189,53.0800,200
43654189036363,12:07:34.189,53.0800,100
43656415278564,12:07:36.415,53.0700,100
43664364102931,12:07:44.364,53.0550,19
43687959667312,12:08:07.959,53.0600,100
43687959667312,12:08:07.959,53.0600,100
43687959667312,12:08:07.959,53.0600,100
43688021750827,12:08:08.021,53.0700,100
43688021750827,12:08:08.021,53.0700,100
43688025521918,12:08:08.025,53.0800,100
43688026810279,12:08:08.026,53.0800,41
43760670259654,12:09:20.670,53.0700,5
43760670259654,12:09:20.670,53.0700,2
43760670259654,12:09:20.670,53.0700,300
43760670259654,12:09:20.670,53.0700,6
43786323942859,12:09:46.323,53.0700,100
43786575245396,12:09:46.575,53.0800,100
43786575245396,12:09:46.575,53.0800,100
43786575245396,12:09:46.575,53.0800,100
43858613472571,12:10:58.613,53.0900,85
43858613494391,12:10:58.613,53.0900,15
43858613494391,12:10:58.613,53.0900,184
43858613494391,12:10:58.613,53.0900,100
43859514985893,12:10:59.514,53.0900,100
43859514985893,12:10:59.514,53.0900,108
43865045425291,12:11:05.045,53.0800,100
43865045425291,12:11:05.045,53.0800,100
43865045425291,12:11:05.045,53.0800,100
43865045436221,12:11:05.045,53.0800,100
43865046763927,12:11:05.046,53.0700,100
43875491297657,12:11:15.491,53.0700,100
43889829252253,12:11:29.829,53.0800,100
43917688354136,12:11:57.688,53.0800,56
43936297800333,12:12:16.297,53.0800,200
43936297800333,12:12:16.297,53.0800,2
43970021042937,12:12:50.021,53.0700,100
43970021042937,12:12:50.021,53.0700,100
43970021112161,12:12:50.021,53.0700,100
43970021112161,12:12:50.021,53.0700,100
44050218998493,12:14:10.218,53.0500,100
44068150564895,12:14:28.150,53.0600,100
44068150664576,12:14:28.150,53.0600,100
44095873774179,12:14:55.873,53.0700,100
44095873774179,12:14:55.873,53.0700,200
44095874271696,12:14:55.874,53.0700,100
44095874271696,12:14:55.874,53.0700,100
44095874271696,12:14:55.874,53.0700,100
44105098679210,12:15:05.098,53.0600,42
44105098708171,12:15:05.098,53.0600,58
44105098708171,12:15:05.098,53.0600,100
44114163634806,12:15:14.163,53.0500,100
44170872275856,12:16:10.872,53.0600,100
44170872275856,12:16:10.872,53.0600,56
44172698394678,12:16:12.698,53.0700,100
44174219091403,12:16:14.219,53.0700,100
44234037797554,12:17:14.037,53.0700,1
44234037837514,12:17:14.037,53.0700,63
44234037837514,12:17:14.037,53.0700,4
44247979081308,12:17:27.979,53.0700,200
44257282571014,12:17:37.282,53.0700,1
44269738291149,12:17:49.738,53.0700,100
44270330680790,12:17:50.330,53.0800,2
44294027528317,12:18:14.027,53.0900,100
44294027528317,12:18:14.027,53.0900,100
44322872515247,12:18:42.872,53.0900,10
44322872515247,12:18:42.872,53.0900,200
44322872515247,12:18:42.872,53.0900,100
44322872515247,12:18:42.872,53.0900,100
44322872515247,12:18:42.872,53.0900,2
44340631289560,12:19:00.631,53.0800,100
44340631289560,12:19:00.631,53.0800,5
44340631325654,12:19:00.631,53.0800,95
44372833863073,12:19:32.833,53.0800,100
44372833863073,12:19:32.833,53.0800,100
44387952823395,12:19:47.952,53.0800,100
44387954039934,12:19:47.954,53.0800,100
44436873485383,12:20:36.873,53.0800,100
44436873485383,12:20:36.873,53.0800,100
44463874026830,12:21:03.874,53.0900,100
44463874026830,12:21:03.874,53.0900,100
44463874026830,12:21:03.874,53.0900,100
44463874026830,12:21:03.874,53.0900,100
44463874026830,12:21:03.874,53.0900,100
44463874026830,12:21:03.874,53.0900,98
44463880189401,12:21:03.880,53.1000,100
44463880189401,12:21:03.880,53.1000,100
44463880189401,12:21:03.880,53.1000,200
44463880189401,12:21:03.880,53.1000,100
44463880189401,12:21:03.880,53.1000,100
44463880189401,12:21:03.880,53.1000,100
44486320144793,12:21:26.320,53.1000,100
44486320144793,12:21:26.320,53.1000,100
44486320144793,12:21:26.320,53.1000,7
44486320144793,12:21:26.320,53.1000,1
44517271554176,12:21:57.271,53.1100,6
44541401946009,12:22:21.401,53.1000,47
44541401958659,12:22:21.401,53.1000,53
44541401958659,12:22:21.401,53.1000,47
44541401961405,12:22:21.401,53.1000,153
44541401961405,12:22:21.401,53.1000,1
44541401961405,12:22:21.401,53.1000,100
44541401961405,12:22:21.401,53.1000,122
44541401961405,12:22:21.401,53.1000,100
44547338550634,12:22:27.338,53.0800,6
44547338550634,12:22:27.338,53.0800,1
44547338550634,12:22:27.338,53.0800,100
44547338909674,12:22:27.338,53.0800,100
44547338909674,12:22:27.338,53.0800,100
44547338915070,12:22:27.338,53.0800,100
44547338915070,12:22:27.338,53.0800,100
44547338937843,12:22:27.338,53.0800,100
44547338937843,12:22:27.338,53.0800,100
44547338937843,12:22:27.338,53.0800,100
44547338949566,12:22:27.338,53.0800,100
44547339007087,12:22:27.339,53.0800,100
44547339034906,12:22:27.339,53.0800,100
44547339445497,12:22:27.339,53.0800,100
44584871921484,12:23:04.871,53.0900,100
44584871921484,12:23:04.871,53.0900,200
44610496941515,12:23:30.496,53.0900,100
44610496941515,12:23:30.496,53.0900,100
44610497041122,12:23:30.497,53.0900,100
44610497042600,12:23:30.497,53.0900,100
44618506844077,12:23:38.506,53.0800,100
44618506844077,12:23:38.506,53.0800,100
44618506844077,12:23:38.506,53.0800,200
44618506893105,12:23:38.506,53.0800,100
44618628426158,12:23:38.628,53.0750,25
44621250330381,12:23:41.250,53.0800,2
44621250330381,12:23:41.250,53.0800,100
44639331569556,12:23:59.331,53.0800,100
44639331569556,12:23:59.331,53.0800,1
44639331569556,12:23:59.331,53.0800,2
44689065457120,12:24:49.065,53.0600,100
44689071166447,12:24:49.071,53.0600,100
44689093999528,12:24:49.093,53.0600,100
44689093999528,12:24:49.093,53.0600,100
44704623489278,12:25:04.623,53.0600,100
44704624027554,12:25:04.624,53.0600,200
44704624027554,12:25:04.624,53.0600,1
44723787679608,12:25:23.787,53.0600,100
44796311990282,12:26:36.311,53.0500,100
44796312017352,12:26:36.312,53.0500,100
44796312017352,12:26:36.312,53.0500,1
44796343978019,12:26:36.343,53.0400,100
44799155358782,12:26:39.155,53.0400,100
44805087190635,12:26:45.087,53.0500,100
44805087215920,12:26:45.087,53.0500,100
44837727226263,12:27:17.727,53.0400,100
44837727559645,12:27:17.727,53.0400,95
44842933989728,12:27:22.933,53.0400,100
44891794664576,12:28:11.794,53.0500,15
44891794664576,12:28:11.794,53.0500,100
44891794664576,12:28:11.794,53.0500,85
44891794711830,12:28:11.794,53.0500,15
44891794711830,12:28:11.794,53.0500,1
44891794711830,12:28:11.794,53.0500,64
44891794880913,12:28:11.794,53.0500,36
44916545019451,12:28:36.545,53.0500,100
44916545019451,12:28:36.545,53.0500,100
44916546918363,12:28:36.546,53.0400,100
44916547031983,12:28:36.547,53.0400,100
44916547031983,12:28:36.547,53.0400,100
44938483315232,12:28:58.483,53.0300,193
44987617388961,12:29:47.617,53.0200,100
45010751482184,12:30:10.751,53.0100,1
45011198428041,12:30:11.198,53.0100,1
45030005438509,12:30:30.005,53.0200,29
45030005466387,12:30:30.005,53.0200,71
45030005466387,12:30:30.005,53.0200,100
45067840649694,12:31:07.840,53.0100,98
45067840649694,12:31:07.840,53.0100,102
45067840802903,12:31:07.840,53.0100,100
45067840803500,12:31:07.840,53.0100,100
45067840850846,12:31:07.840,53.0100,98
45067840850846,12:31:07.840,53.0100,2
45067840926491,12:31:07.840,53.0100,98
45090159802041,12:31:30.159,53.0100,43
45101831069354,12:31:41.831,53.0200,100
45166197972825,12:32:46.197,53.0200,1
45171684748486,12:32:51.684,53.0100,100
45171684802673,12:32:51.684,53.0100,100
45171684802673,12:32:51.684,53.0100,100
45194478877185,12:33:14.478,53.0200,100
45194478877185,12:33:14.478,53.0200,100
45194478907847,12:33:14.478,53.0200,400
45194478907847,12:33:14.478,53.0200,200
45208459460010,12:33:28.459,53.0300,100
45214872712247,12:33:34.872,53.0400,100
45214872712247,12:33:34.872,53.0400,200
45214872758780,12:33:34.872,53.0400,200
45214872758780,12:33:34.872,53.0400,100
45225082485388,12:33:45.082,53.0450,100
45225082682500,12:33:45.082,53.0450,100
45225082710377,12:33:45.082,53.0500,100
45235518374283,12:33:55.518,53.0600,100
45235518374283,12:33:55.518,53.0600,100
45235518375087,12:33:55.518,53.0600,100
45235518384711,12:33:55.518,53.0600,100
45235518406781,12:33:55.518,53.0600,100
45235552975772,12:33:55.552,53.0700,100
45235553210530,12:33:55.553,53.0700,100
45236687305474,12:33:56.687,53.0700,100
45236687348737,12:33:56.687,53.0700,5
45236687358935,12:33:56.687,53.0700,5
45236687395384,12:33:56.687,53.0700,5
45241098410433,12:34:01.098,53.0750,100
45314699388481,12:35:14.699,53.0500,200
45314699431969,12:35:14.699,53.0500,100
45416757295515,12:36:56.757,53.0400,100
45416757295515,12:36:56.757,53.0400,1
45416757295515,12:36:56.757,53.0400,100
45416757295515,12:36:56.757,53.0400,100
45416757295515,12:36:56.757,53.0400,100
45416757295515,12:36:56.757,53.0400,1
45416757295515,12:36:56.757,53.0400,100
45417394228129,12:36:57.394,53.0500,100
45417394228129,12:36:57.394,53.0500,100
45417394257419,12:36:57.394,53.0500,100
45417394257419,12:36:57.394,53.0500,73
45417394284239,12:36:57.394,53.0500,100
45417394284239,12:36:57.394,53.0500,73
45417394463787,12:36:57.394,53.0500,27
45417394463787,12:36:57.394,53.0500,100
45429064073783,12:37:09.064,53.0550,100
45429064372251,12:37:09.064,53.0500,100
45470872989524,12:37:50.872,53.0500,136
45470872989524,12:37:50.872,53.0500,163
45470873037757,12:37:50.873,53.0500,100
45470873054575,12:37:50.873,53.0500,200
45470873121401,12:37:50.873,53.0500,37
45470873121401,12:37:50.873,53.0500,63
45470873182933,12:37:50.873,53.0500,100
45470873234774,12:37:50.873,53.0500,100
45470873242458,12:37:50.873,53.0500,137
45471375582440,12:37:51.375,53.0500,100
45471375582440,12:37:51.375,53.0500,49
45471376122080,12:37:51.376,53.0500,100
45471376122080,12:37:51.376,53.0500,100
45471376122080,12:37:51.376,53.0500,100
45471376122080,12:37:51.376,53.0500,200
45471376122080,12:37:51.376,53.0500,100
45471376122080,12:37:51.376,53.0500,100
45486397078108,12:38:06.397,53.0600,100
45486397078108,12:38:06.397,53.0600,41
45541548466301,12:39:01.548,53.0550,100
45541548684505,12:39:01.548,53.0500,100
45585018320448,12:39:45.018,53.0400,100
45585018320448,12:39:45.018,53.0400,300
45603750198633,12:40:03.750,53.0400,100
45603750198633,12:40:03.750,53.0400,100
45603750198633,12:40:03.750,53.0400,500
45603750198633,12:40:03.750,53.0400,1
45648849893346,12:40:48.849,53.0500,400
45648849932596,12:40:48.849,53.0500,236
45648849980219,12:40:48.849,53.0500,200
45648850230585,12:40:48.850,53.0500,64
45648850230585,12:40:48.850,53.0500,200
45648850260084,12:40:48.850,53.0500,100
45670183926764,12:41:10.183,53.0600,100
45670184108932,12:41:10.184,53.0600,100
45670184250291,12:41:10.184,53.0600,100
45670184469826,12:41:10.184,53.0600,100
45695259098317,12:41:35.259,53.0700,129
45695259098317,12:41:35.259,53.0700,78
45708544841091,12:41:48.544,53.0700,6
45708563182659,12:41:48.563,53.0750,100
45708563721300,12:41:48.563,53.0700,100
45725524565546,12:42:05.524,53.0500,100
45725524565546,12:42:05.524,53.0500,23
45725524644214,12:42:05.524,53.0500,77
45737800296561,12:42:17.800,53.0500,100
45737800296561,12:42:17.800,53.0500,100
45737800296561,12:42:17.800,53.0500,63
45737800325700,12:42:17.800,53.0500,37
45737800325700,12:42:17.800,53.0500,100
45737800325700,12:42:17.800,53.0500,100
45767871031500,12:42:47.871,53.0600,600
45767871031500,12:42:47.871,53.0600,3
45767871031500,12:42:47.871,53.0600,88
45804062590947,12:43:24.062,53.0400,100
45804062617925,12:43:24.062,53.0400,100
45830017117651,12:43:50.017,53.0500,60
45830017176999,12:43:50.017,53.0500,140
45859596432106,12:44:19.596,53.0500,100
45859596432106,12:44:19.596,53.0500,100
45869872868625,12:44:29.872,53.0500,3
45869872868625,12:44:29.872,53.0500,97
45869872886846,12:44:29.872,53.0500,3
45877718144707,12:44:37.718,53.0500,5
45955406014103,12:45:55.406,53.0100,100
45982270949173,12:46:22.270,53.0100,100
45982270978441,12:46:22.270,53.0100,100
45996444598709,12:46:36.444,53.0100,100
46035050207000,12:47:15.050,53.0000,100
46035050207000,12:47:15.050,53.0000,79
46035050235437,12:47:15.050,53.0000,21
46035167834662,12:47:15.167,53.0000,73
46035167836407,12:47:15.167,53.0000,27
46035167836407,12:47:15.167,53.0000,73
46035180777240,12:47:15.180,53.0000,100
46044733228311,12:47:24.733,53.0100,100
46044733228311,12:47:24.733,53.0100,100
46051092748311,12:47:31.092,53.0200,100
46051092748311,12:47:31.092,53.0200,77
46051092748311,12:47:31.092,53.0200,100
46051092748311,12:47:31.092,53.0200,100
46051092748311,12:47:31.092,53.0200,169
46093437473587,12:48:13.437,53.0100,100
46093437516020,12:48:13.437,53.0100,100
46093441353379,12:48:13.441,53.0100,1
46141558025652,12:49:01.558,53.0200,2
46141558025652,12:49:01.558,53.0200,100
46142245838659,12:49:02.245,53.0300,100
46142245838659,12:49:02.245,53.0300,100
46166304385004,12:49:26.304,53.0350,100
46166304424993,12:49:26.304,53.0400,100
46197863424479,12:49:57.863,53.0500,100
46197863424479,12:49:57.863,53.0500,4
46197863424479,12:49:57.863,53.0500,100
46271149842800,12:51:11.149,53.0300,1
46306859444355,12:51:46.859,53.0400,200
46331911690388,12:52:11.911,53.0300,100
46386217493528,12:53:06.217,53.0400,100
46386217493528,12:53:06.217,53.0400,100
46386218051939,12:53:06.218,53.0300,100
46386218051939,12:53:06.218,53.0300,100
46386218051939,12:53:06.218,53.0300,100
46386218051939,12:53:06.218,53.0300,100
46406018152280,12:53:26.018,53.0200,100
46406018152280,12:53:26.018,53.0200,100
46406018152280,12:53:26.018,53.0200,100
46416679604758,12:53:36.679,53.0200,100
46416680072093,12:53:36.680,53.0200,100
46416680318428,12:53:36.680,53.0200,30
46442800329959,12:54:02.800,53.0200,100
46558260701317,12:55:58.260,53.0100,100
46558260742151,12:55:58.260,53.0100,99
46558260742151,12:55:58.260,53.0100,60
46639899317875,12:57:19.899,53.0000,200
46639899346080,12:57:19.899,53.0000,100
46639899540769,12:57:19.899,53.0000,100
46639899624709,12:57:19.899,53.0000,100
46639899713250,12:57:19.899,53.0000,100
46653138218416,12:57:33.138,53.0100,100
46653138218416,12:57:33.138,53.0100,100
46653138218416,12:57:33.138,53.0100,1
46653138218416,12:57:33.138,53.0100,49
46653138218416,12:57:33.138,53.0100,1
46653138218416,12:57:33.138,53.0100,100
46660222783050,12:57:40.222,53.0100,100
46668146025245,12:57:48.146,53.0000,100
46668146025245,12:57:48.146,53.0000,100
46684413333159,12:58:04.413,53.0000,5
46697495993440,12:58:17.495,53.0000,100
46809309849268,13:00:09.309,53.0100,100
46809309849268,13:00:09.309,53.0100,100
46809309849268,13:00:09.309,53.0100,100
46809309849268,13:00:09.309,53.0100,100
46810337579212,13:00:10.337,53.0100,100
46810337579212,13:00:10.337,53.0100,100
46810337579212,13:00:10.337,53.0100,100
46833352044856,13:00:33.352,53.0100,100
46888448116966,13:01:28.448,53.0100,100
46888448116966,13:01:28.448,53.0100,82
46888448116966,13:01:28.448,53.0100,18
46889593601802,13:01:29.593,53.0100,100
46896297735977,13:01:36.297,53.0100,100
46898037142131,13:01:38.037,53.0100,100
46900135386542,13:01:40.135,53.0100,78
46914304553431,13:01:54.304,53.0100,100
46914304603529,13:01:54.304,53.0100,100
46968754104419,13:02:48.754,53.0000,30
46968754133317,13:02:48.754,53.0000,70
46968754133317,13:02:48.754,53.0000,100
46968754133317,13:02:48.754,53.0000,100
46968754133317,13:02:48.754,53.0000,100
47004302390683,13:03:24.302,53.0100,1
47004302390683,13:03:24.302,53.0100,100
47004302390683,13:03:24.302,53.0100,100
47004302390683,13:03:24.302,53.0100,98
47015305423231,13:03:35.305,53.0100,100
47015305423231,13:03:35.305,53.0100,100
47030140941560,13:03:50.140,53.0100,100
47037221888903,13:03:57.221,53.0100,162
47037222047933,13:03:57.222,53.0100,38
47037222047933,13:03:57.222,53.0100,69
47037222111430,13:03:57.222,53.0100,31
47053349653523,13:04:13.349,53.0200,6
47054934273639,13:04:14.934,53.0200,100
47125871314762,13:05:25.871,53.0200,200
47125871314762,13:05:25.871,53.0200,100
47125871314762,13:05:25.871,53.0200,100
47130332994918,13:05:30.332,53.0200,100
47175343940707,13:06:15.343,53.0100,200
47175343940707,13:06:15.343,53.0100,100
47204601730151,13:06:44.601,53.0000,100
47204601730151,13:06:44.601,53.0000,100
47288706349711,13:08:08.706,53.0100,100
47288706521879,13:08:08.706,53.0100,100
47288706521879,13:08:08.706,53.0100,100
47288706521879,13:08:08.706,53.0100,200
47288706521879,13:08:08.706,53.0100,3
47288709630887,13:08:08.709,53.0100,8
47362551453365,13:09:22.551,53.0100,100
47429912345893,13:10:29.912,53.0000,100
47429912345893,13:10:29.912,53.0000,100
47429912345893,13:10:29.912,53.0000,200
47429913522195,13:10:29.913,53.0000,100
47460845327551,13:11:00.845,53.0000,100
47482922276714,13:11:22.922,53.0000,100
47482922276714,13:11:22.922,53.0000,20
47482922309889,13:11:22.922,53.0000,80
47485391617689,13:11:25.391,53.0000,100
47548309215594,13:12:28.309,53.0100,9
47548309215594,13:12:28.309,53.0100,17
47548309215594,13:12:28.309,53.0100,4
47548309215594,13:12:28.309,53.0100,70
47548309242085,13:12:28.309,53.0100,100
47548309320639,13:12:28.309,53.0100,30
47548309320639,13:12:28.309,53.0100,45
47597271723460,13:13:17.271,53.0200,100
47597271723460,13:13:17.271,53.0200,88
47605025734463,13:13:25.025,53.0100,100
47605025734463,13:13:25.025,53.0100,200
47605025734463,13:13:25.025,53.0100,100
47614597265078,13:13:34.597,53.0000,100
47624018120313,13:13:44.018,52.9900,90
47624018606368,13:13:44.018,52.9900,10
47624845410600,13:13:44.845,52.9800,100
47624845454840,13:13:44.845,52.9800,1
47624846257855,13:13:44.846,52.9750,100
47626791057119,13:13:46.791,52.9700,100
47626791057119,13:13:46.791,52.9700,100
47647615186463,13:14:07.615,52.9600,100
47647615186463,13:14:07.615,52.9600,100
47647615186463,13:14:07.615,52.9600,100
47654183062339,13:14:14.183,52.9600,200
47746866413694,13:15:46.866,52.9500,1
47746866413694,13:15:46.866,52.9500,4
47746866413694,13:15:46.866,52.9500,95
47746866698270,13:15:46.866,52.9500,5
47815872109544,13:16:55.872,52.9700,17
47815872109544,13:16:55.872,52.9700,100
47815872431061,13:16:55.872,52.9700,87
47815872431061,13:16:55.872,52.9700,100
47815872431061,13:16:55.872,52.9700,100
47849619221903,13:17:29.619,52.9700,105
47849619321046,13:17:29.619,52.9700,5
47851830641031,13:17:31.830,52.9600,80
47855030288353,13:17:35.030,52.9500,1
47984831119473,13:19:44.831,52.9500,100
47984831498545,13:19:44.831,52.9500,100
48014842389775,13:20:14.842,52.9500,100
48019616914098,13:20:19.616,52.9500,40
48031310300921,13:20:31.310,52.9400,200
48031310300921,13:20:31.310,52.9400,100
48120672705230,13:22:00.672,52.9200,100
48120672705230,13:22:00.672,52.9200,100
48131172104651,13:22:11.172,52.9300,4
48131172198587,13:22:11.172,52.9300,96
48131172198587,13:22:11.172,52.9300,100
48131172198587,13:22:11.172,52.9300,72
48137866138714,13:22:17.866,52.9200,100
48199309341752,13:23:19.309,52.9400,100
48199309341752,13:23:19.309,52.9400,97
48199309588275,13:23:19.309,52.9400,3
48199309588275,13:23:19.309,52.9400,100
48199309807698,13:23:19.309,52.9400,100
48253871374330,13:24:13.871,52.9400,100
48275208638604,13:24:35.208,52.9500,99
48275208673554,13:24:35.208,52.9500,1
48304975578975,13:25:04.975,52.9500,3
48304975578975,13:25:04.975,52.9500,100
48304975578975,13:25:04.975,52.9500,97
48304975636765,13:25:04.975,52.9500,3
48305050111109,13:25:05.050,52.9400,100
48344013067563,13:25:44.013,52.9400,100
48477407864788,13:27:57.407,52.9500,100
48477407864788,13:27:57.407,52.9500,100
48477407864788,13:27:57.407,52.9500,100
48477407864788,13:27:57.407,52.9500,114
48477486004421,13:27:57.486,52.9600,9
48477486004421,13:27:57.486,52.9600,1
48477509587235,13:27:57.509,52.9600,100
48477509587235,13:27:57.509,52.9600,100
48477509587235,13:27:57.509,52.9600,100
48477509587235,13:27:57.509,52.9600,100
48477509587235,13:27:57.509,52.9600,100
48477509614771,13:27:57.509,52.9600,100
48477509614771,13:27:57.509,52.9600,100
48477509614771,13:27:57.509,52.9600,100
48478326466761,13:27:58.326,52.9700,10
48488534125425,13:28:08.534,52.9700,100
48488534125425,13:28:08.534,52.9700,100
48488534125425,13:28:08.534,52.9700,50
48594727177670,13:29:54.727,52.9600,50
48594727177670,13:29:54.727,52.9600,200
48594727177670,13:29:54.727,52.9600,87
48594727213814,13:29:54.727,52.9600,13
48594727345828,13:29:54.727,52.9600,5
48594727345828,13:29:54.727,52.9600,100
48594736694888,13:29:54.736,52.9500,100
48596031001301,13:29:56.031,52.9500,100
48598025984229,13:29:58.025,52.9500,1
48598025984229,13:29:58.025,52.9500,75
48638371750947,13:30:38.371,52.9700,31
48638371756442,13:30:38.371,52.9700,8
48638762405444,13:30:38.762,52.9700,100
48660916527065,13:31:00.916,52.9700,54
48660916550077,13:31:00.916,52.9700,46
48666140024373,13:31:06.140,52.9800,2
48666140024373,13:31:06.140,52.9800,93
48676590066753,13:31:16.590,52.9700,100
48676590066753,13:31:16.590,52.9700,100
48676590385244,13:31:16.590,52.9700,100
48676886550924,13:31:16.886,52.9700,100
48677098187638,13:31:17.098,52.9700,100
48687480425060,13:31:27.480,52.9700,90
48687525977254,13:31:27.525,52.9700,100
48687526040996,13:31:27.526,52.9700,30
48687526078909,13:31:27.526,52.9700,48
48761069014276,13:32:41.069,52.9600,100
48761069014276,13:32:41.069,52.9600,100
48775364596097,13:32:55.364,52.9500,100
48775364596097,13:32:55.364,52.9500,94
48818142801312,13:33:38.142,52.9400,84
48818143557274,13:33:38.143,52.9400,16
48830114428273,13:33:50.114,52.9200,100
48864277203535,13:34:24.277,52.9100,88
48864277309758,13:34:24.277,52.9100,12
48956709710220,13:35:56.709,52.8800,100
48956709710220,13:35:56.709,52.8800,2
48958048414883,13:35:58.048,52.8900,99
48958048421151,13:35:58.048,52.8900,1
48958048421151,13:35:58.048,52.8900,9
48958048526039,13:35:58.048,52.8900,91
48960872311622,13:36:00.872,52.9000,9
48960872311622,13:36:00.872,52.9000,3
48980938323994,13:36:20.938,52.9000,3
48980938323994,13:36:20.938,52.9000,100
49023696240639,13:37:03.696,52.8950,100
49040872856188,13:37:20.872,52.9000,100
49040872856188,13:37:20.872,52.9000,100
49040872856188,13:37:20.872,52.9000,150
49040872856188,13:37:20.872,52.9000,100
49040872856188,13:37:20.872,52.9000,22
49045369251333,13:37:25.369,52.9100,25
49045369279237,13:37:25.369,52.9100,24
49045369279237,13:37:25.369,52.9100,25
49045369366124,13:37:25.369,52.9100,87
49045591150435,13:37:25.591,52.9150,188
49047379446189,13:37:27.379,52.9200,100
49047379678200,13:37:27.379,52.9200,100
49047379682016,13:37:27.379,52.9200,1
49047379682016,13:37:27.379,52.9200,99
49047379683146,13:37:27.379,52.9200,1
49066911536394,13:37:46.911,52.9200,100
49118070643226,13:38:38.070,52.9200,7
49188927701067,13:39:48.927,52.9100,20
49252279679961,13:40:52.279,52.9200,100
49271094623621,13:41:11.094,52.9100,100
49271095271154,13:41:11.095,52.9100,10
49283606869753,13:41:23.606,52.9100,25
49283606978193,13:41:23.606,52.9100,75
49378600818103,13:42:58.600,52.9100,100
49468248854526,13:44:28.248,52.9100,32
49468248887898,13:44:28.248,52.9100,168
49468248887898,13:44:28.248,52.9100,31
49468248911606,13:44:28.248,52.9100,69
49468248911606,13:44:28.248,52.9100,31
49468248919597,13:44:28.248,52.9100,10
49468248919597,13:44:28.248,52.9100,90
49468248935377,13:44:28.248,52.9100,1
49468249003957,13:44:28.249,52.9100,9
49468257178753,13:44:28.257,52.9000,6
49501657006026,13:45:01.657,52.8900,100
49501657146409,13:45:01.657,52.8900,31
49518419336154,13:45:18.419,52.8800,47
49522198479614,13:45:22.198,52.8700,10
49524199381671,13:45:24.199,52.8700,90
49526731672557,13:45:26.731,52.8600,61
49538630606512,13:45:38.630,52.8600,8
49538630606512,13:45:38.630,52.8600,3
49538631218956,13:45:38.631,52.8600,1
49538631254495,13:45:38.631,52.8600,20
49538631292602,13:45:38.631,52.8600,80
49634856793835,13:47:14.856,52.8600,10
49634856793835,13:47:14.856,52.8600,10
49634858452237,13:47:14.858,52.8600,100
49634858452237,13:47:14.858,52.8600,100
49673443079653,13:47:53.443,52.8400,75
49673443109463,13:47:53.443,52.8400,25
49673443109463,13:47:53.443,52.8400,100
49680712283069,13:48:00.712,52.8200,100
49683005863264,13:48:03.005,52.8200,100
49683006277561,13:48:03.006,52.8200,78
49683006277561,13:48:03.006,52.8200,100
49702660037119,13:48:22.660,52.8250,100
49702682017884,13:48:22.682,52.8300,100
49702682017884,13:48:22.682,52.8300,100
49702682017884,13:48:22.682,52.8300,100
49710369826150,13:48:30.369,52.8400,100
49757268734048,13:49:17.268,52.8600,100
49757268758085,13:49:17.268,52.8600,28
49777872235785,13:49:37.872,52.8600,100
49805097786481,13:50:05.097,52.8500,21
49805098243316,13:50:05.098,52.8500,100
49805098243316,13:50:05.098,52.8500,6
49808459772241,13:50:08.459,52.8500,100
49808459782920,13:50:08.459,52.8500,48
49818421879138,13:50:18.421,52.8500,6
49835942293220,13:50:35.942,52.8500,200
49835942293220,13:50:35.942,52.8500,100
49868159616988,13:51:08.159,52.8600,100
49868159616988,13:51:08.159,52.8600,100
49885209877081,13:51:25.209,52.8600,20
49897890065081,13:51:37.890,52.8600,57
49901514363301,13:51:41.514,52.8600,100
49973177681066,13:52:53.177,52.8600,11
49999985860019,13:53:19.985,52.8600,100
49999985860019,13:53:19.985,52.8600,100
49999985860019,13:53:19.985,52.8600,62
50005870827536,13:53:25.870,52.8700,100
50005870827536,13:53:25.870,52.8700,100
50058191390315,13:54:18.191,52.8800,100
50058191390315,13:54:18.191,52.8800,100
50058191641224,13:54:18.191,52.8800,43
50064965896617,13:54:24.965,52.8800,43
50064965896617,13:54:24.965,52.8800,57
50064966160706,13:54:24.966,52.8800,43
50085270858290,13:54:45.270,52.8900,14
50104432993554,13:55:04.432,52.8800,100
50104432993554,13:55:04.432,52.8800,20
50104433031461,13:55:04.433,52.8800,119
50112453555308,13:55:12.453,52.8700,11
50123193692717,13:55:23.193,52.8600,100
50175872726096,13:56:15.872,52.8700,100
50175872726096,13:56:15.872,52.8700,72
50175872726096,13:56:15.872,52.8700,100
50220743083794,13:57:00.743,52.8800,100
50220743083794,13:57:00.743,52.8800,7
50220743937242,13:57:00.743,52.8800,93
50220743937242,13:57:00.743,52.8800,10
50220745788904,13:57:00.745,52.8800,1
50231147269490,13:57:11.147,52.8900,3
50231147269490,13:57:11.147,52.8900,1
50231147269490,13:57:11.147,52.8900,2
50231147269490,13:57:11.147,52.8900,94
50240077140349,13:57:20.077,52.8900,2
50240077140349,13:57:20.077,52.8900,2
50240077140349,13:57:20.077,52.8900,2
50240077140349,13:57:20.077,52.8900,2
50240077140349,13:57:20.077,52.8900,3
50244172415483,13:57:24.172,52.8900,13
50253693204033,13:57:33.693,52.8800,100
50280002201656,13:58:00.002,52.8700,100
50280002201656,13:58:00.002,52.8700,36
50280004454308,13:58:00.004,52.8700,100
50280004827371,13:58:00.004,52.8700,64
50280004827371,13:58:00.004,52.8700,36
50280004837623,13:58:00.004,52.8700,64
50311969153080,13:58:31.969,52.8600,11
50330796286769,13:58:50.796,52.8500,100
50330796286769,13:58:50.796,52.8500,3
50336587999036,13:58:56.587,52.8400,25
50336870275953,13:58:56.870,52.8400,75
50337158977211,13:58:57.158,52.8400,6
50340057742360,13:59:00.057,52.8400,100
50340057742360,13:59:00.057,52.8400,64
50340057751853,13:59:00.057,52.8400,36
50340058048245,13:59:00.058,52.8400,95
50361107607027,13:59:21.107,52.8300,76
50402686381798,14:00:02.686,52.8300,203
50402686856347,14:00:02.686,52.8300,1
50402687883801,14:00:02.687,52.8300,96
50402688135543,14:00:02.688,52.8200,139
50402688135543,14:00:02.688,52.8200,100
50402688135543,14:00:02.688,52.8200,18
50402689099779,14:00:02.689,52.8200,82
50402689099779,14:00:02.689,52.8200,41
50402692944767,14:00:02.692,52.8300,187
50402695692271,14:00:02.695,52.8300,200
50402701684586,14:00:02.701,52.8200,100
50402701684586,14:00:02.701,52.8300,81
50402703072387,14:00:02.703,52.8300,19
50402703072387,14:00:02.703,52.8300,100
50402703072387,14:00:02.703,52.8300,81
50402703468241,14:00:02.703,52.8300,19
50402703468241,14:00:02.703,52.8300,100
50402708490897,14:00:02.708,52.8400,100
50402718634688,14:00:02.718,52.8300,400
50402727616929,14:00:02.727,52.8300,100
50402741801430,14:00:02.741,52.8300,100
50402742277085,14:00:02.742,52.8300,100
50402746484205,14:00:02.746,52.8300,100
50403126456761,14:00:03.126,52.8500,100
50403126456761,14:00:03.126,52.8500,100
50403128276240,14:00:03.128,52.8500,100
50403128276240,14:00:03.128,52.8500,100
50403128276240,14:00:03.128,52.8500,100
50403128276240,14:00:03.128,52.8500,100
50403140919222,14:00:03.140,52.8600,100
50403140919222,14:00:03.140,52.8600,200
50406037688670,14:00:06.037,52.8600,21
50406721940009,14:00:06.721,52.8600,100
50406739681178,14:00:06.739,52.8700,100
50406739681178,14:00:06.739,52.8700,100
50406739681178,14:00:06.739,52.8700,100
50406780525516,14:00:06.780,52.8700,139
50407230226433,14:00:07.230,52.8800,100
50407230281920,14:00:07.230,52.8800,100
50407230679001,14:00:07.230,52.8900,100
50407230903547,14:00:07.230,52.9000,100
50408991007525,14:00:08.991,52.9200,100
50408991007525,14:00:08.991,52.9200,100
50408997950223,14:00:08.997,52.9300,100
50408997950223,14:00:08.997,52.9300,5
50408999769351,14:00:08.999,52.9400,100
50408999769351,14:00:08.999,52.9400,100
50409004169946,14:00:09.004,52.9500,100
50409004169946,14:00:09.004,52.9500,100
50409981859959,14:00:09.981,52.9800,65
50412411494464,14:00:12.411,52.9500,2
50413017671543,14:00:13.017,52.9800,100
50413019171310,14:00:13.019,52.9900,100
50413022510734,14:00:13.022,53.0000,100
50413044534898,14:00:13.044,53.0100,100
50413099332095,14:00:13.099,53.0100,100
50415565044956,14:00:15.565,52.9900,100
50415565708446,14:00:15.565,52.9800,121
50415566097953,14:00:15.566,52.9800,79
50415566097953,14:00:15.566,52.9800,21
50415566101546,14:00:15.566,52.9800,79
50415566101546,14:00:15.566,52.9800,21
50415566108394,14:00:15.566,52.9800,121
50415566215162,14:00:15.566,52.9800,58
50415566215162,14:00:15.566,52.9800,40
50415567146443,14:00:15.567,52.9700,219
50415590300144,14:00:15.590,52.9800,100
50415590310437,14:00:15.590,52.9800,92
50416551416051,14:00:16.551,53.0200,96
50416579077645,14:00:16.579,53.0200,100
50418849823853,14:00:18.849,52.9700,100
50423324764162,14:00:23.324,52.9800,300
50423324764162,14:00:23.324,52.9800,300
50423858043051,14:00:23.858,52.9800,50
50423858043051,14:00:23.858,52.9800,50
50423858043051,14:00:23.858,52.9800,50
50427464478672,14:00:27.464,52.9800,100
50427464478672,14:00:27.464,52.9800,100
50427471015184,14:00:27.471,52.9900,73
50427472431123,14:00:27.472,52.9800,100
50427472431123,14:00:27.472,52.9800,100
50432056447247,14:00:32.056,52.9700,200
50432061288883,14:00:32.061,52.9700,100
50456209836656,14:00:56.209,53.0100,45
50456209838054,14:00:56.209,53.0100,55
50456209838054,14:00:56.209,53.0100,95
50456209865620,14:00:56.209,53.0100,5
50456210238577,14:00:56.210,53.0200,9
50456210238577,14:00:56.210,53.0200,100
50463305023729,14:01:03.305,53.0300,300
50463305300953,14:01:03.305,53.0200,100
50463305330401,14:01:03.305,53.0200,36
50468136464559,14:01:08.136,53.0300,107
50468136571771,14:01:08.136,53.0300,193
50468137606286,14:01:08.137,53.0300,100
50468179417754,14:01:08.179,53.0250,100
50468179425430,14:01:08.179,53.0300,41
50468179701350,14:01:08.179,53.0300,41
50468179957288,14:01:08.179,53.0400,41
50468179987795,14:01:08.179,53.0500,18
50468180234319,14:01:08.180,53.0500,23
50471390766288,14:01:11.390,53.0200,300
50471390766288,14:01:11.390,53.0200,41
50471850863074,14:01:11.850,53.0200,100
50471953826090,14:01:11.953,53.0200,200
50471953826090,14:01:11.953,53.0200,300
50471953826090,14:01:11.953,53.0200,300
50471954458610,14:01:11.954,53.0200,87
50480266057352,14:01:20.266,53.0300,100
50480356911443,14:01:20.356,53.0500,41
50480357165316,14:01:20.357,53.0600,3
50480368336380,14:01:20.368,53.0600,38
50480369600997,14:01:20.369,53.0700,100
50480369836819,14:01:20.369,53.0800,100
50491209465269,14:01:31.209,53.0500,300
50491224649616,14:01:31.224,53.0500,100
50515481190920,14:01:55.481,53.0500,100
50515481472080,14:01:55.481,53.0500,100
50515482610768,14:01:55.482,53.0500,100
50518024174792,14:01:58.024,53.0400,700
50518024174792,14:01:58.024,53.0400,200
50518024210040,14:01:58.024,53.0400,100
50518024214300,14:01:58.024,53.0400,100
50518024214300,14:01:58.024,53.0300,137
50518024214300,14:01:58.024,53.0300,100
50518024254437,14:01:58.024,53.0400,100
50518025059391,14:01:58.025,53.0300,100
50518027482850,14:01:58.027,53.0200,6
50518404321965,14:01:58.404,53.0600,100
50518404600115,14:01:58.404,53.0600,100
50537832972312,14:02:17.832,53.0300,100
50539342154279,14:02:19.342,53.0000,100
50551948396466,14:02:31.948,53.0000,10
50557975551936,14:02:37.975,52.9800,100
50569387559164,14:02:49.387,53.0300,30
50569387597211,14:02:49.387,53.0300,70
50569387597211,14:02:49.387,53.0300,91
50569387597211,14:02:49.387,53.0300,100
50569387606944,14:02:49.387,53.0400,18
50569387606944,14:02:49.387,53.0400,20
50569387607975,14:02:49.387,53.0400,21
50569387607975,14:02:49.387,53.0400,100
50572521907445,14:02:52.521,53.0300,100
50572522471039,14:02:52.522,53.0100,100
50600506845733,14:03:20.506,53.0100,200
50625375165326,14:03:45.375,53.0000,122
50625375204816,14:03:45.375,53.0000,78
50625375204816,14:03:45.375,53.0000,100
50625375204816,14:03:45.375,53.0000,100
50625375268036,14:03:45.375,52.9900,200
50648866242279,14:04:08.866,53.0200,68
50648866251056,14:04:08.866,53.0300,100
50650375583153,14:04:10.375,53.0300,41
50650375583153,14:04:10.375,53.0200,100
50663164487775,14:04:23.164,53.0200,100
50663164487775,14:04:23.164,53.0200,100
50663164546790,14:04:23.164,53.0100,107
50663166365380,14:04:23.166,53.0100,50
50663169900222,14:04:23.169,53.0300,20
50675144460265,14:04:35.144,53.0500,33
50675145241276,14:04:35.145,53.0600,2
50691876214847,14:04:51.876,53.0900,100
50691876821593,14:04:51.876,53.0900,21
50691886878793,14:04:51.886,53.1100,100
50691988329178,14:04:51.988,53.1000,100
50691988333618,14:04:51.988,53.1000,100
50691988589932,14:04:51.988,53.0900,96
50696670712669,14:04:56.670,53.0900,4
50734026424643,14:05:34.026,53.0800,300
50734026466564,14:05:34.026,53.0800,246
50734026526903,14:05:34.026,53.0800,154
50734026526903,14:05:34.026,53.0600,41
50734026526903,14:05:34.026,53.0600,55
50734026555177,14:05:34.026,53.0600,62
50748209647629,14:05:48.209,53.1100,40
50818645935650,14:06:58.645,53.1000,100
50818646234233,14:06:58.646,53.1100,100
50818647341490,14:06:58.647,53.1100,100
50818647341490,14:06:58.647,53.1100,100
50842872398481,14:07:22.872,53.1200,100
50876874295790,14:07:56.874,53.1400,100
50876874358012,14:07:56.874,53.1300,100
50876874358012,14:07:56.874,53.1300,100
50899442206718,14:08:19.442,53.1400,15
50899442206718,14:08:19.442,53.1400,29
50899442206718,14:08:19.442,53.1400,10
50899442252140,14:08:19.442,53.1400,100
50899442252140,14:08:19.442,53.1500,24
50899442263028,14:08:19.442,53.1500,59
50899442263028,14:08:19.442,53.1500,41
50899442263028,14:08:19.442,53.1600,26
50899442311154,14:08:19.442,53.1600,14
50899442368625,14:08:19.442,53.1600,100
50936003759057,14:08:56.003,53.1600,100
50936003759057,14:08:56.003,53.1600,47
50939179340770,14:08:59.179,53.1700,100
50941258262815,14:09:01.258,53.1800,100
50941258637980,14:09:01.258,53.1800,100
50941258637980,14:09:01.258,53.1800,100
50941258637980,14:09:01.258,53.1800,100
50941258637980,14:09:01.258,53.1800,100
50941258637980,14:09:01.258,53.1800,100
50941259028487,14:09:01.259,53.1700,100
50941259028487,14:09:01.259,53.1700,60
50941259028487,14:09:01.259,53.1700,100
50941259028487,14:09:01.259,53.1700,2
50941259905782,14:09:01.259,53.1600,100
50941259905782,14:09:01.259,53.1600,100
50941259966661,14:09:01.259,53.1600,100
50941259991169,14:09:01.259,53.1600,100
50941260014017,14:09:01.260,53.1600,100
50941260028691,14:09:01.260,53.1600,300
50941260177340,14:09:01.260,53.1600,16
50941260177340,14:09:01.260,53.1600,84
50941260186474,14:09:01.260,53.1600,100
50957900356808,14:09:17.900,53.1600,100
50957900356808,14:09:17.900,53.1500,100
50957900356808,14:09:17.900,53.1500,50
50957900858135,14:09:17.900,53.1500,50
50957901355239,14:09:17.901,53.1500,100
50957902485116,14:09:17.902,53.1500,10
50957902485116,14:09:17.902,53.1500,100
50957902485116,14:09:17.902,53.1500,90
50957906423544,14:09:17.906,53.1600,35
50963029976160,14:09:23.029,53.1500,10
50963029976160,14:09:23.029,53.1500,9
50973031008188,14:09:33.031,53.1400,100
50973031079290,14:09:33.031,53.1400,100
50973031224842,14:09:33.031,53.1300,100
51013810002112,14:10:13.810,53.1200,9
51014292810784,14:10:14.292,53.1300,100
51014293164956,14:10:14.293,53.1300,100
51014545994260,14:10:14.545,53.1200,75
51015166536597,14:10:15.166,53.1200,100
51015166536597,14:10:15.166,53.1200,100
51016911129160,14:10:16.911,53.1100,100
51016911129160,14:10:16.911,53.1100,100
51016911129160,14:10:16.911,53.1100,41
51016911129160,14:10:16.911,53.1100,100
51017134816945,14:10:17.134,53.1100,35
51017134816945,14:10:17.134,53.1100,65
51017134857515,14:10:17.134,53.1100,35
51017135735469,14:10:17.135,53.1200,100
51020617621961,14:10:20.617,53.1100,200
51020617649358,14:10:20.617,53.1100,3
51021787182406,14:10:21.787,53.1100,100
51021787182406,14:10:21.787,53.1100,100
51021787268396,14:10:21.787,53.1100,9
51023182219883,14:10:23.182,53.1100,100
51032964485369,14:10:32.964,53.1100,100
51032964922585,14:10:32.964,53.1100,13
51032967315071,14:10:32.967,53.1200,100
51032967352546,14:10:32.967,53.1200,83
51033072093241,14:10:33.072,53.1200,17
51033072093241,14:10:33.072,53.1200,100
51033072093241,14:10:33.072,53.1200,100
51034035611332,14:10:34.035,53.1200,100
51034044661497,14:10:34.044,53.1200,100
51034045322051,14:10:34.045,53.1200,100
51037867777505,14:10:37.867,53.1250,100
51037867777505,14:10:37.867,53.1300,100
51037868828598,14:10:37.868,53.1300,5
51037868828598,14:10:37.868,53.1300,95
51037868956004,14:10:37.868,53.1300,5
51045021352146,14:10:45.021,53.1400,100
51057961603971,14:10:57.961,53.1500,17
51061621317745,14:11:01.621,53.1600,32
51061768783829,14:11:01.768,53.1600,4
51063771866921,14:11:03.771,53.1700,100
51063771866921,14:11:03.771,53.1700,2
51063771866921,14:11:03.771,53.1700,1
51066454187176,14:11:06.454,53.1800,36
51067809778500,14:11:07.809,53.1700,100
51067809919330,14:11:07.809,53.1700,29
51067809966082,14:11:07.809,53.1700,71
51067810332457,14:11:07.810,53.1700,100
51094522453073,14:11:34.522,53.1800,100
51094522453073,14:11:34.522,53.1800,99
51094522479650,14:11:34.522,53.1800,1
51094522483211,14:11:34.522,53.1800,1
51094522494028,14:11:34.522,53.1800,10
51094522694430,14:11:34.522,53.1800,7
51094522698685,14:11:34.522,53.1800,1
51094522707530,14:11:34.522,53.1800,1
51094522742016,14:11:34.522,53.1800,91
51094522742016,14:11:34.522,53.1800,2
51094523350400,14:11:34.523,53.1800,98
51094523350400,14:11:34.523,53.1800,2
