timestamp,time,price,volume
34200056929120,09:30:00.056,73.0100,1454
34281518270662,09:31:21.518,72.9900,20
34281519736448,09:31:21.519,72.8200,100
34281521445232,09:31:21.521,72.8100,10
34281522597011,09:31:21.522,72.8100,90
34281522597011,09:31:21.522,72.8100,100
34281522597011,09:31:21.522,72.8100,100
34281522597011,09:31:21.522,72.8100,30
34281522597011,09:31:21.522,72.8100,64
34281525758893,09:31:21.525,72.8500,100
34281535383996,09:31:21.535,72.8100,100
34289840123225,09:31:29.840,72.9100,79
34322226614603,09:32:02.226,72.9100,300
34322226641294,09:32:02.226,72.9100,21
34322226641294,09:32:02.226,72.9100,100
34322227540946,09:32:02.227,72.8700,66
34322227594639,09:32:02.227,72.9600,100
34326393124113,09:32:06.393,72.9800,100
34344353967461,09:32:24.353,72.8700,100
34470733040152,09:34:30.733,72.8100,66
34470733068469,09:34:30.733,72.8100,34
34584587466865,09:36:24.587,72.8300,5
34584587479512,09:36:24.587,72.8300,25
34584587479512,09:36:24.587,72.7600,100
34584587479512,09:36:24.587,72.7600,100
34584587479512,09:36:24.587,72.7600,75
34584587486537,09:36:24.587,72.7600,25
34584587530334,09:36:24.587,72.7400,30
34584587716813,09:36:24.587,72.7400,50
34701329250221,09:38:21.329,72.7400,100
34701329282995,09:38:21.329,72.7500,100
34774000319505,09:39:34.000,72.9200,100
34774000319505,09:39:34.000,72.9200,100
34774000400299,09:39:34.000,72.9200,100
34774000643683,09:39:34.000,72.9200,100
34774000738823,09:39:34.000,72.9200,100
34774000747891,09:39:34.000,72.9200,100
34774000849641,09:39:34.000,72.9400,73
34774009760671,09:39:34.009,72.9000,30
34774009760671,09:39:34.009,72.8800,30
34774010171721,09:39:34.010,72.9400,30
34774020976781,09:39:34.020,72.8500,100
34774020976781,09:39:34.020,72.8500,30
34774020976781,09:39:34.020,72.8500,70
34774021330300,09:39:34.021,72.9300,30
34774021330300,09:39:34.021,72.9500,15
34774022467206,09:39:34.022,72.8600,100
34789010641923,09:39:49.010,72.8600,30
34914984686358,09:41:54.984,72.7500,15
34914984701405,09:41:54.984,72.7500,5
34914984701405,09:41:54.984,72.7300,59
34914984709383,09:41:54.984,72.7300,41
34914984709383,09:41:54.984,72.7300,23
34914984727653,09:41:54.984,72.7300,57
34914984744338,09:41:54.984,72.7300,20
34914984965096,09:41:54.984,72.7300,60
34915015037227,09:41:55.015,72.7000,40
34915015037227,09:41:55.015,72.7000,50
34951882214580,09:42:31.882,72.7500,25
34951882214580,09:42:31.882,72.7600,75
34951882241149,09:42:31.882,72.7600,25
35298586218108,09:48:18.586,72.5900,100
35392387435680,09:49:52.387,72.5800,100
35394471592806,09:49:54.471,72.5500,50
35470529713305,09:51:10.529,72.5600,100
35470529737261,09:51:10.529,72.5600,100
35587132848170,09:53:07.132,72.4900,66
35587132880284,09:53:07.132,72.4900,34
35587132901108,09:53:07.132,72.4900,20
35640591197390,09:54:00.591,72.5200,84
35640591223862,09:54:00.591,72.5200,100
35640591299493,09:54:00.591,72.5700,100
35640591594976,09:54:00.591,72.5700,100
35640591992830,09:54:00.591,72.5600,100
35640592202759,09:54:00.592,72.5500,100
35640592246993,09:54:00.592,72.5500,100
35640596021266,09:54:00.596,72.5400,100
35640596021266,09:54:00.596,72.5400,90
35640596021266,09:54:00.596,72.5500,10
35640596055358,09:54:00.596,72.5500,90
35640596055358,09:54:00.596,72.5500,100
35640598582744,09:54:00.598,72.5500,100
35640598582744,09:54:00.598,72.5500,100
35660088493623,09:54:20.088,72.5200,100
35708393011036,09:55:08.393,72.4900,58
35731609743054,09:55:31.609,72.4900,42
35731609743054,09:55:31.609,72.4900,58
35731609799064,09:55:31.609,72.4900,42
35731609799064,09:55:31.609,72.4900,58
35731609806323,09:55:31.609,72.4900,42
35731609806323,09:55:31.609,72.4900,58
35731609836288,09:55:31.609,72.4900,42
35731609836288,09:55:31.609,72.4900,58
35731609857121,09:55:31.609,72.4900,42
35731625920069,09:55:31.625,72.4900,15
35839237718909,09:57:19.237,72.5100,100
35938269011441,09:58:58.269,72.5900,91
35938269975544,09:58:58.269,72.6000,100
35938271307330,09:58:58.271,72.5700,100
36010792586298,10:00:10.792,72.4800,100
36010792994364,10:00:10.792,72.4800,100
36010793258072,10:00:10.793,72.4800,100
36059059194755,10:00:59.059,72.5200,109
36059059194755,10:00:59.059,72.5300,100
36059059796385,10:00:59.059,72.5300,100
36059060282611,10:00:59.060,72.5300,100
36059078633901,10:00:59.078,72.5000,100
36059078633901,10:00:59.078,72.5000,100
36360173003401,10:06:00.173,72.6000,100
36360173029092,10:06:00.173,72.6000,100
36360174099713,10:06:00.174,72.6500,100
36360249293488,10:06:00.249,72.6800,100
36475412141131,10:07:55.412,72.6600,1
36697038015184,10:11:37.038,72.7300,100
36697038015184,10:11:37.038,72.7300,53
36697038043429,10:11:37.038,72.7300,47
36866551787170,10:14:26.551,72.8000,70
36904437518843,10:15:04.437,72.7800,100
36904437543272,10:15:04.437,72.7800,11
36904437543272,10:15:04.437,72.7800,52
36904438145365,10:15:04.438,72.7700,100
36904438541587,10:15:04.438,72.7800,100
36907552314796,10:15:07.552,72.8500,100
36934477990481,10:15:34.477,72.7400,100
36934479014664,10:15:34.479,72.7200,100
36934479014664,10:15:34.479,72.7200,100
36934479334001,10:15:34.479,72.7200,100
37034602278103,10:17:14.602,72.6700,100
37034602278103,10:17:14.602,72.6700,100
37034602278103,10:17:14.602,72.6600,5
37093239730160,10:18:13.239,72.5700,27
37093239732894,10:18:13.239,72.5700,13
37112818161208,10:18:32.818,72.5500,7
37112818161208,10:18:32.818,72.5500,93
37112818186672,10:18:32.818,72.5500,7
37112819273991,10:18:32.819,72.5500,100
37266183656703,10:21:06.183,72.5200,26
37287896355833,10:21:27.896,72.4900,7
37287896355833,10:21:27.896,72.4900,3
37356037752946,10:22:36.037,72.4800,8
37356037752946,10:22:36.037,72.4800,8
37361393246359,10:22:41.393,72.4700,8
37361393358856,10:22:41.393,72.5200,26
37378235042179,10:22:58.235,72.4900,26
37378235042179,10:22:58.235,72.4500,74
37378235772796,10:22:58.235,72.4500,3
37378236377061,10:22:58.236,72.4500,23
37378236377061,10:22:58.236,72.4500,4
37378237008407,10:22:58.237,72.4500,96
37378237008407,10:22:58.237,72.4500,27
37378237283394,10:22:58.237,72.4500,54
37378240257324,10:22:58.240,72.4500,13
37378240414621,10:22:58.240,72.4500,6
37378240414621,10:22:58.240,72.4500,8
37378240512370,10:22:58.240,72.4500,14
37378240596775,10:22:58.240,72.4500,13
37378241125910,10:22:58.241,72.4500,28
37378247865941,10:22:58.247,72.4500,37
37398647883526,10:23:18.647,72.4100,60
37402748404327,10:23:22.748,72.4300,100
37402748432516,10:23:22.748,72.4300,24
37605649398399,10:26:45.649,72.4700,100
37605649398399,10:26:45.649,72.4700,100
37605651043313,10:26:45.651,72.4700,8
37605656471915,10:26:45.656,72.4400,30
37605660275117,10:26:45.660,72.4600,100
37916539287158,10:31:56.539,72.5000,10
37916539287158,10:31:56.539,72.5200,90
37916539289251,10:31:56.539,72.5200,10
37916539289251,10:31:56.539,72.5200,100
37916539289251,10:31:56.539,72.5200,10
37916539289251,10:31:56.539,72.5200,90
37916539318948,10:31:56.539,72.5200,10
37916539727878,10:31:56.539,72.5300,5
37916539729147,10:31:56.539,72.5000,20
37916539801345,10:31:56.539,72.5800,100
37916539856923,10:31:56.539,72.5800,100
37916540921163,10:31:56.540,72.5500,38
38030388456003,10:33:50.388,72.6500,100
38075438403528,10:34:35.438,72.6000,100
38075438403528,10:34:35.438,72.6000,6
38075439591938,10:34:35.439,72.5900,100
38075439973521,10:34:35.439,72.5800,6
38075439973521,10:34:35.439,72.5700,8
38134720487320,10:35:34.720,72.5600,2
38134722604420,10:35:34.722,72.5600,27
38134722835009,10:35:34.722,72.5600,27
38134723341764,10:35:34.723,72.5700,27
38134723464650,10:35:34.723,72.5700,17
38134723726956,10:35:34.723,72.5500,17
38134726299165,10:35:34.726,72.5500,83
38134726299165,10:35:34.726,72.5500,17
38163312429007,10:36:03.312,72.5700,100
38163312429007,10:36:03.312,72.5600,8
38163312980803,10:36:03.312,72.5600,92
38163312980803,10:36:03.312,72.5600,8
38163313740474,10:36:03.313,72.5700,100
38238196605094,10:37:18.196,72.5200,4
38238196605094,10:37:18.196,72.5200,96
38238196657607,10:37:18.196,72.5200,4
38299221729208,10:38:19.221,72.5400,84
38299221744037,10:38:19.221,72.5400,16
38344511041578,10:39:04.511,72.6500,5
38416414687428,10:40:16.414,72.6100,8
38416414687428,10:40:16.414,72.6000,92
38416414719605,10:40:16.414,72.6000,8
38416415088561,10:40:16.415,72.6000,8
38416415124078,10:40:16.415,72.6000,8
38416415571376,10:40:16.415,72.5900,100
38467940891087,10:41:07.940,72.5500,100
38505056823972,10:41:45.056,72.5100,100
38912668902209,10:48:32.668,72.5300,100
38912668902209,10:48:32.668,72.5300,60
38912668902209,10:48:32.668,72.5500,40
38912668931164,10:48:32.668,72.5500,60
38912668931164,10:48:32.668,72.5500,5
38912668935409,10:48:32.668,72.5500,95
38912668935409,10:48:32.668,72.5500,65
38912668983722,10:48:32.668,72.5500,35
38912669165364,10:48:32.669,72.5600,5
39027652303223,10:50:27.652,72.6000,10
39027652303223,10:50:27.652,72.6200,40
39027652330884,10:50:27.652,72.6200,10
39027652356426,10:50:27.652,72.6300,100
39027655022403,10:50:27.655,72.6500,100
39036303174075,10:50:36.303,72.6000,100
39036303174075,10:50:36.303,72.6000,100
39036303174075,10:50:36.303,72.6000,100
39036303226265,10:50:36.303,72.6000,50
39036303256623,10:50:36.303,72.6000,100
39045803753111,10:50:45.803,72.5900,100
39169562239364,10:52:49.562,72.5900,8
39169562272866,10:52:49.562,72.5800,6
39169562272866,10:52:49.562,72.5800,100
39169562676035,10:52:49.562,72.5700,56
39169564417307,10:52:49.564,72.5700,41
39169564546705,10:52:49.564,72.5700,3
39169564551149,10:52:49.564,72.5600,3
39169564617414,10:52:49.564,72.5600,97
39169564795378,10:52:49.564,72.5500,4
39169564852603,10:52:49.564,72.5500,27
39194235610759,10:53:14.235,72.5500,100
39206260581859,10:53:26.260,72.5100,7
39223096879010,10:53:43.096,72.5300,100
39223097958370,10:53:43.097,72.5000,100
39223122577713,10:53:43.122,72.4900,100
39224011436443,10:53:44.011,72.5200,100
39264159711375,10:54:24.159,72.5700,10
39264160416257,10:54:24.160,72.5800,5
39270086895472,10:54:30.086,72.6000,10
39278364157307,10:54:38.364,72.6500,100
39334437933662,10:55:34.437,72.6700,21
39334437942399,10:55:34.437,72.6700,65
39334437945522,10:55:34.437,72.6700,14
39334457881974,10:55:34.457,72.6500,100
39334457881974,10:55:34.457,72.6500,65
39338372748885,10:55:38.372,72.6800,100
39338372748885,10:55:38.372,72.6500,100
39338373267842,10:55:38.373,72.6500,28
39367911582111,10:56:07.911,72.6500,24
39367925171596,10:56:07.925,72.6400,100
39367925171596,10:56:07.925,72.6400,11
39367925981659,10:56:07.925,72.6300,8
39367949549955,10:56:07.949,72.6200,100
39367953800679,10:56:07.953,72.6100,100
39663343468395,11:01:03.343,72.6800,100
39663343497139,11:01:03.343,72.6800,19
39663757848355,11:01:03.757,72.6600,35
39666269086427,11:01:06.269,72.7200,100
39666269086427,11:01:06.269,72.7300,100
39666269149726,11:01:06.269,72.7300,100
39666269149726,11:01:06.269,72.7300,100
39666269300282,11:01:06.269,72.7400,5
39667541778768,11:01:07.541,72.7200,100
39679663714923,11:01:19.663,72.7500,100
39679664467162,11:01:19.664,72.7300,100
39679665954119,11:01:19.665,72.7200,100
39679666293869,11:01:19.666,72.7100,8
39679666322328,11:01:19.666,72.7100,92
39679666322328,11:01:19.666,72.7100,100
39679725869924,11:01:19.725,72.6700,2
39679725899739,11:01:19.725,72.6700,198
39679725999770,11:01:19.725,72.6600,100
39679725999770,11:01:19.725,72.6600,100
39679725999770,11:01:19.725,72.6600,100
39679725999770,11:01:19.725,72.6600,100
39792287543624,11:03:12.287,72.7200,100
40154895150623,11:09:14.895,72.8100,10
40233698694581,11:10:33.698,72.8000,3
40233698696132,11:10:33.698,72.8000,3
40233699650124,11:10:33.699,72.7900,100
40233699650124,11:10:33.699,72.7900,100
40233700013087,11:10:33.700,72.7700,8
40233700013087,11:10:33.700,72.7700,57
40233700060691,11:10:33.700,72.7700,143
40233780063927,11:10:33.780,72.7700,100
40233780553570,11:10:33.780,72.7600,8
40233780553570,11:10:33.780,72.7600,100
40233780553570,11:10:33.780,72.7600,30
40233780580392,11:10:33.780,72.7600,100
40245988777929,11:10:45.988,72.7300,100
40301303909379,11:11:41.303,72.6900,107
40301303909379,11:11:41.303,72.6900,12
40337920862725,11:12:17.920,72.7300,100
40337921095336,11:12:17.921,72.7400,100
40373119096850,11:12:53.119,72.7500,66
40381106832348,11:13:01.106,72.8000,1
40393589089438,11:13:13.589,72.7900,14
40531184014780,11:15:31.184,72.8400,20
40531184014780,11:15:31.184,72.8400,5
40531184014780,11:15:31.184,72.8400,31
40531184870228,11:15:31.184,72.8400,29
40531190342515,11:15:31.190,72.7800,14
40531352293982,11:15:31.352,72.7800,14
40531352324737,11:15:31.352,72.7800,72
40531352476551,11:15:31.352,72.7700,7
40531352500681,11:15:31.352,72.7700,1
40531360832379,11:15:31.360,72.7300,14
40531372778660,11:15:31.372,72.7300,14
40583921598359,11:16:23.921,72.8200,31
40583921610508,11:16:23.921,72.8200,53
40583921624053,11:16:23.921,72.8200,16
40583921624053,11:16:23.921,72.8300,5
40583921636504,11:16:23.921,72.8300,58
40583921658074,11:16:23.921,72.8300,37
40583921658074,11:16:23.921,72.8300,5
40583921658074,11:16:23.921,72.8300,63
40686696284441,11:18:06.696,72.8900,8
40687768784999,11:18:07.768,72.8700,100
40764661798043,11:19:24.661,72.8300,100
40764661798043,11:19:24.661,72.8300,8
40764661839917,11:19:24.661,72.8300,8
40764662092771,11:19:24.662,72.8200,100
40764662092771,11:19:24.662,72.8200,100
40930113654571,11:22:10.113,72.7700,6
40930113654571,11:22:10.113,72.7600,94
40930115546708,11:22:10.115,72.7600,6
40930115546708,11:22:10.115,72.7600,8
40994081605630,11:23:14.081,72.7300,40
40994081605630,11:23:14.081,72.7500,60
40994081618904,11:23:14.081,72.7500,40
40994081922830,11:23:14.081,72.7600,100
40997976397678,11:23:17.976,72.7300,55
41127000776412,11:25:27.000,72.7500,8
41127000776412,11:25:27.000,72.7500,28
41325368787374,11:28:45.368,72.8500,5
41420205168142,11:30:20.205,72.8550,3
41476634191878,11:31:16.634,72.7700,100
41476634218057,11:31:16.634,72.7700,5
41476634220851,11:31:16.634,72.7700,5
41476634247032,11:31:16.634,72.7700,95
41476634740208,11:31:16.634,72.7600,8
41476634740208,11:31:16.634,72.7600,179
41476634786099,11:31:16.634,72.7600,21
41476634798415,11:31:16.634,72.7500,100
41476635467902,11:31:16.635,72.7300,67
41493805970617,11:31:33.805,72.7700,60
41493805970617,11:31:33.805,72.7800,40
41493806000882,11:31:33.806,72.7800,60
41493806518325,11:31:33.806,72.7900,100
41493806518325,11:31:33.806,72.7900,200
41493806518325,11:31:33.806,72.7900,100
41493810010743,11:31:33.810,72.8400,2
41579108989204,11:32:59.108,72.8500,19
41579108989204,11:32:59.108,72.8500,7
41579108989204,11:32:59.108,72.8500,100
41579112437173,11:32:59.112,72.8500,100
41581066061765,11:33:01.066,72.8500,7
41584142744044,11:33:04.142,72.8500,7
41584142744044,11:33:04.142,72.8500,9
41584245442725,11:33:04.245,72.8500,99
41584245446330,11:33:04.245,72.8500,1
41584245446330,11:33:04.245,72.8500,78
41584245451025,11:33:04.245,72.8500,100
41584245461680,11:33:04.245,72.8500,122
41584246898031,11:33:04.246,72.8500,124
41584246972629,11:33:04.246,72.8500,10
41584246979147,11:33:04.246,72.8500,10
41585405401039,11:33:05.405,72.7800,100
41586468368818,11:33:06.468,72.7700,100
41586469294267,11:33:06.469,72.7500,85
41679930095062,11:34:39.930,72.7300,100
41679930095062,11:34:39.930,72.7300,100
41679930532583,11:34:39.930,72.7200,6
41679930532583,11:34:39.930,72.7200,94
41679930598591,11:34:39.930,72.7200,6
41679930598591,11:34:39.930,72.7200,2
41694718876402,11:34:54.718,72.7100,10
41694718973634,11:34:54.718,72.7400,30
41694718980997,11:34:54.718,72.7400,30
41694719044740,11:34:54.719,72.7400,70
41694719044740,11:34:54.719,72.7600,100
41694719044740,11:34:54.719,72.7700,100
41694719044740,11:34:54.719,72.7700,30
41694719073479,11:34:54.719,72.7700,70
41694719073479,11:34:54.719,72.7700,100
41694722436017,11:34:54.722,72.7200,68
41795023923472,11:36:35.023,72.7100,21
41795024609820,11:36:35.024,72.6900,11
41795024609820,11:36:35.024,72.6900,100
41909358499520,11:38:29.358,72.6200,100
41909358601748,11:38:29.358,72.6200,100
41909358674554,11:38:29.358,72.6200,100
41909358795205,11:38:29.358,72.6200,10
42112543416872,11:41:52.543,72.5400,23
42113212303861,11:41:53.212,72.5300,6
42190625405584,11:43:10.625,72.6300,20
42190625775783,11:43:10.625,72.6300,20
42190625775783,11:43:10.625,72.6400,80
42190625802649,11:43:10.625,72.6400,20
42325542269672,11:45:25.542,72.6400,9
42325542754159,11:45:25.542,72.6300,9
42387762747293,11:46:27.762,72.6200,100
42387762747293,11:46:27.762,72.6200,100
42387763243245,11:46:27.763,72.6100,100
42387763269034,11:46:27.763,72.6100,9
42408226586121,11:46:48.226,72.5600,6
42498139644868,11:48:18.139,72.6500,40
42498139644868,11:48:18.139,72.6600,60
42546149613471,11:49:06.149,72.6100,100
42546149613471,11:49:06.149,72.6100,100
42558234517367,11:49:18.234,72.5900,6
42558234552496,11:49:18.234,72.5900,24
42606426389024,11:50:06.426,72.6000,100
42606500089452,11:50:06.500,72.5800,11
42606500089452,11:50:06.500,72.5800,100
42612869998912,11:50:12.869,72.5500,100
42612885695391,11:50:12.885,72.5300,100
42612930292242,11:50:12.930,72.5200,100
42612933907705,11:50:12.933,72.4800,14
42612933968626,11:50:12.933,72.4800,7
42612934151486,11:50:12.934,72.4800,7
42612934256637,11:50:12.934,72.4800,28
42612935991528,11:50:12.935,72.4800,28
42639857205819,11:50:39.857,72.5300,100
42639857205819,11:50:39.857,72.5300,40
42639857322539,11:50:39.857,72.5300,47
42693874112515,11:51:33.874,72.5100,100
42693874318487,11:51:33.874,72.5100,100
42693874405355,11:51:33.874,72.5100,16
42693874766898,11:51:33.874,72.5100,16
42778655637947,11:52:58.655,72.5000,100
42792955327446,11:53:12.955,72.5500,2
42792955352350,11:53:12.955,72.5500,98
42860247701750,11:54:20.247,72.5000,6
42916207113728,11:55:16.207,72.5800,100
42956337441017,11:55:56.337,72.6050,76
43159101083468,11:59:19.101,72.6900,100
43180286199031,11:59:40.286,72.5800,100
43245808168283,12:00:45.808,72.5800,11
43245808168283,12:00:45.808,72.5800,89
43245808227132,12:00:45.808,72.5800,11
43245808227132,12:00:45.808,72.5800,89
43245808598710,12:00:45.808,72.5800,11
43245808694012,12:00:45.808,72.5600,100
43245810552796,12:00:45.810,72.5300,100
43245812177898,12:00:45.812,72.5200,100
43334074820213,12:02:14.074,72.5800,12
43334074874565,12:02:14.074,72.5800,88
43334074874565,12:02:14.074,72.5800,100
43334074874565,12:02:14.074,72.5800,12
43334074932202,12:02:14.074,72.5800,88
43744890175939,12:09:04.890,72.6300,6
43852701621512,12:10:52.701,72.6300,9
43884525801301,12:11:24.525,72.6100,21
43884525876237,12:11:24.525,72.6100,7
43916498849711,12:11:56.498,72.6000,6
43976317799334,12:12:56.317,72.6600,70
43976317799334,12:12:56.317,72.6600,30
44011547457913,12:13:31.547,72.6700,70
44069307402856,12:14:29.307,72.5900,6
44137509334403,12:15:37.509,72.6300,1
44158913092188,12:15:58.913,72.6200,100
44161376778115,12:16:01.376,72.6300,1
44215209603302,12:16:55.209,72.6300,4
44215866317592,12:16:55.866,72.6700,30
44215866317592,12:16:55.866,72.6700,100
44215866348867,12:16:55.866,72.6700,40
44215866350506,12:16:55.866,72.6800,100
44215867015980,12:16:55.867,72.6800,100
44220845468188,12:17:00.845,72.6700,100
44282792996412,12:18:02.792,72.6200,54
44282794341739,12:18:02.794,72.6200,28
44282881529373,12:18:02.881,72.6200,15
44285405309995,12:18:05.405,72.6200,100
44285405416760,12:18:05.405,72.6200,100
44285405755710,12:18:05.405,72.6000,12
44285405755710,12:18:05.405,72.5900,94
44285405755710,12:18:05.405,72.5900,98
44408157208042,12:20:08.157,72.6100,1
44432203052903,12:20:32.203,72.6100,5
44593938835823,12:23:13.938,72.6000,100
44593938835823,12:23:13.938,72.6000,100
44689105981991,12:24:49.105,72.5600,100
44699133374371,12:24:59.133,72.5500,13
44699133374371,12:24:59.133,72.5500,3
44706730479548,12:25:06.730,72.5600,12
44773659886854,12:26:13.659,72.5900,6
44773659886854,12:26:13.659,72.6000,90
44773659918100,12:26:13.659,72.6000,10
44773660396037,12:26:13.660,72.6000,100
44860240827276,12:27:40.240,72.5700,47
44888541757563,12:28:08.541,72.5600,4
44888541757563,12:28:08.541,72.5600,2
44980832977059,12:29:40.832,72.6200,100
44980833003200,12:29:40.833,72.6200,100
44980833993221,12:29:40.833,72.6200,100
44980834322139,12:29:40.834,72.6200,50
44980834333410,12:29:40.834,72.6200,100
44980834377066,12:29:40.834,72.6300,5
44980834377066,12:29:40.834,72.6300,100
44980834379543,12:29:40.834,72.6300,100
44980837413665,12:29:40.837,72.6300,100
44980838480731,12:29:40.838,72.6300,100
44996261542304,12:29:56.261,72.5800,55
44996261569843,12:29:56.261,72.5800,45
44996261569843,12:29:56.261,72.5800,100
44996261943520,12:29:56.261,72.5700,100
44996261969258,12:29:56.261,72.5700,100
45059297656628,12:30:59.297,72.5500,2
45059297656628,12:30:59.297,72.5500,39
45067957706739,12:31:07.957,72.5500,14
45070958516054,12:31:10.958,72.5450,14
45082550921358,12:31:22.550,72.5500,6
45100336659380,12:31:40.336,72.5450,11
45100336659380,12:31:40.336,72.5400,1
45100336699294,12:31:40.336,72.5400,13
45100337390283,12:31:40.337,72.5300,3
45102642512137,12:31:42.642,72.5200,7
45102643629222,12:31:42.643,72.5000,100
45118548655802,12:31:58.548,72.5100,6
45118548716690,12:31:58.548,72.5300,8
45150942705002,12:32:30.942,72.5000,100
45157678966969,12:32:37.678,72.5300,92
45157678966969,12:32:37.678,72.5300,8
45157678997803,12:32:37.678,72.5300,92
45203449830747,12:33:23.449,72.5100,6
45338131663315,12:35:38.131,72.5500,100
45338131663315,12:35:38.131,72.5500,7
45338131710838,12:35:38.131,72.5500,100
45338131963491,12:35:38.131,72.5300,8
45338131963491,12:35:38.131,72.5300,100
45338132242155,12:35:38.132,72.5200,100
45338132242155,12:35:38.132,72.5200,100
45338132491823,12:35:38.132,72.5200,20
45395898573731,12:36:35.898,72.4900,15
45395898573731,12:36:35.898,72.4900,85
45395898600501,12:36:35.898,72.4900,15
45417470107193,12:36:57.470,72.4800,60
45417470135197,12:36:57.470,72.4800,40
45417470135197,12:36:57.470,72.4800,100
45417470180063,12:36:57.470,72.4800,100
45601320962009,12:40:01.320,72.4800,1
45611404007530,12:40:11.404,72.4800,5
45611404007530,12:40:11.404,72.4800,6
45696868891639,12:41:36.868,72.4600,10
45696868891639,12:41:36.868,72.4600,6
45696882996675,12:41:36.882,72.4500,5
45696882996675,12:41:36.882,72.4500,15
45696882996675,12:41:36.882,72.4500,16
45696883077253,12:41:36.883,72.4400,10
45696883077253,12:41:36.883,72.4400,100
45702974819132,12:41:42.974,72.4300,100
45708544636568,12:41:48.544,72.4300,100
45708548350231,12:41:48.548,72.4200,2
45708548350231,12:41:48.548,72.4200,8
45708548350231,12:41:48.548,72.4200,67
45708556746314,12:41:48.556,72.4100,2
45708556746314,12:41:48.556,72.4100,3
45708556746314,12:41:48.556,72.4000,100
45708556746314,12:41:48.556,72.4000,10
45708556746314,12:41:48.556,72.4000,95
45708653599952,12:41:48.653,72.4000,5
45708713120749,12:41:48.713,72.4000,30
45718602803889,12:41:58.602,72.3600,10
45768764065516,12:42:48.764,72.4100,100
45820587191642,12:43:40.587,72.4100,18
45871871813612,12:44:31.871,72.4100,7
45871871813612,12:44:31.871,72.4100,93
45871871850198,12:44:31.871,72.4100,7
45871873580760,12:44:31.873,72.4000,15
45871873580760,12:44:31.873,72.4000,85
45871873597773,12:44:31.873,72.4000,9
45871873610610,12:44:31.873,72.4000,6
45876901914955,12:44:36.901,72.4000,100
45900690864662,12:45:00.690,72.3800,33
46019874876129,12:46:59.874,72.4300,6
46162257130850,12:49:22.257,72.4000,16
46162257130850,12:49:22.257,72.3900,100
46174248692877,12:49:34.248,72.3900,184
46213064009947,12:50:13.064,72.4300,100
46407741694744,12:53:27.741,72.4400,7
46467532817187,12:54:27.532,72.4000,3
46467532817187,12:54:27.532,72.4000,97
46467532848569,12:54:27.532,72.4000,3
46505365304453,12:55:05.365,72.4300,1
46577637195678,12:56:17.637,72.3900,12
46743909164408,12:59:03.909,72.3900,12
46795814304197,12:59:55.814,72.3900,5
46876199890849,13:01:16.199,72.4500,3
46924668071749,13:02:04.668,72.4200,6
46999362854874,13:03:19.362,72.4700,4
46999362880613,13:03:19.362,72.4700,92
46999362880613,13:03:19.362,72.4700,20
47000607360248,13:03:20.607,72.4600,100
47000607360248,13:03:20.607,72.4400,9
47003156202371,13:03:23.156,72.4400,100
47011645909187,13:03:31.645,72.4300,100
47038211284964,13:03:58.211,72.4100,37
47109133529536,13:05:09.133,72.4600,3
47121295182204,13:05:21.295,72.4900,5
47145201812976,13:05:45.201,72.4650,99
47246235254917,13:07:26.235,72.4400,100
47271354672627,13:07:51.354,72.4400,100
47277195407634,13:07:57.195,72.4300,9
47310015863969,13:08:30.015,72.4500,35
47310015889255,13:08:30.015,72.4500,65
47310015892199,13:08:30.015,72.4500,60
47310155115153,13:08:30.155,72.4600,6
47393218438109,13:09:53.218,72.4400,12
47416131280768,13:10:16.131,72.5100,5
47422148004939,13:10:22.148,72.5000,6
47422149077687,13:10:22.149,72.4500,100
47464515959054,13:11:04.515,72.4800,100
47478686218255,13:11:18.686,72.4200,100
47478686245891,13:11:18.686,72.4200,100
47478686245891,13:11:18.686,72.4200,100
47478686245891,13:11:18.686,72.4200,17
47478687159477,13:11:18.687,72.4000,10
47545532920948,13:12:25.532,72.4400,6
47545532920948,13:12:25.532,72.4600,1
47679655655649,13:14:39.655,72.4600,32
47679655686860,13:14:39.655,72.4600,68
47679655686860,13:14:39.655,72.4600,5
47679655691064,13:14:39.655,72.4600,10
47695729139310,13:14:55.729,72.4300,100
47695731549901,13:14:55.731,72.4400,100
47695731616592,13:14:55.731,72.4300,100
47705080240819,13:15:05.080,72.4000,51
47705085020586,13:15:05.085,72.4100,100
47761630278859,13:16:01.630,72.4400,6
47761630308500,13:16:01.630,72.4400,94
47761633287069,13:16:01.633,72.4400,100
47767619155244,13:16:07.619,72.4100,100
47767619185303,13:16:07.619,72.4100,17
47777406234944,13:16:17.406,72.4100,40
47777406234944,13:16:17.406,72.4100,60
47819574101843,13:16:59.574,72.4100,40
47835486546314,13:17:15.486,72.4000,100
47862765478481,13:17:42.765,72.4100,12
47992577817317,13:19:52.577,72.4000,100
47992577817317,13:19:52.577,72.4000,100
47992577817317,13:19:52.577,72.4000,17
47992578677927,13:19:52.578,72.3900,10
47992578677927,13:19:52.578,72.3900,10
47992578677927,13:19:52.578,72.3900,80
47992578680623,13:19:52.578,72.3900,13
47992578710850,13:19:52.578,72.3900,1
47992578758272,13:19:52.578,72.3900,6
47992578758272,13:19:52.578,72.3800,1
47992578758272,13:19:52.578,72.3800,7
47992578877998,13:19:52.578,72.3800,2
47992580166040,13:19:52.580,72.3700,5
47992580166040,13:19:52.580,72.3700,5
47992580166040,13:19:52.580,72.3700,100
48061097467155,13:21:01.097,72.4100,1
48143084692776,13:22:23.084,72.3700,100
48143084692776,13:22:23.084,72.3700,100
48143084723703,13:22:23.084,72.3700,17
48143085227344,13:22:23.085,72.3700,6
48143085400618,13:22:23.085,72.3600,5
48143085400618,13:22:23.085,72.3600,15
48145447697717,13:22:25.447,72.3500,10
48150018229550,13:22:30.018,72.3500,100
48150018271977,13:22:30.018,72.3500,5
48150018271977,13:22:30.018,72.3500,4
48150018271977,13:22:30.018,72.3500,5
48150018271977,13:22:30.018,72.3500,8
48150018271977,13:22:30.018,72.3500,14
48150018271977,13:22:30.018,72.3400,10
48189401896271,13:23:09.401,72.3200,1
48189401896271,13:23:09.401,72.3200,6
48189402226132,13:23:09.402,72.3200,3
48189402226132,13:23:09.402,72.3200,4
48189402390941,13:23:09.402,72.3200,96
48189402842644,13:23:09.402,72.3100,7
48189402922342,13:23:09.402,72.3100,2
48189402922342,13:23:09.402,72.3100,1
48210406151922,13:23:30.406,72.3300,6
48210406179746,13:23:30.406,72.3300,94
48219189117870,13:23:39.189,72.3300,12
48777882314116,13:32:57.882,72.3700,12
48777882314116,13:32:57.882,72.3700,6
48777882416882,13:32:57.882,72.3900,69
48777882463194,13:32:57.882,72.3900,31
48777882463194,13:32:57.882,72.3900,69
48777882479543,13:32:57.882,72.3900,10
48777882516843,13:32:57.882,72.3900,21
48782756608401,13:33:02.756,72.3600,45
49017103234289,13:36:57.103,72.3700,8
49017104109041,13:36:57.104,72.3700,5
49022136155218,13:37:02.136,72.3700,41
49022137188572,13:37:02.137,72.3900,200
49049655435057,13:37:29.655,72.3900,100
49049843981798,13:37:29.843,72.3850,100
49049843987485,13:37:29.843,72.3850,100
49049844027027,13:37:29.844,72.3850,100
49049844226681,13:37:29.844,72.3700,54
49049844226681,13:37:29.844,72.3700,46
49049844716256,13:37:29.844,72.3700,54
49049844716256,13:37:29.844,72.3700,100
49049844716256,13:37:29.844,72.3700,69
49049845133473,13:37:29.845,72.3400,27
49049845476974,13:37:29.845,72.3700,100
49049845581122,13:37:29.845,72.3400,1
49049845607476,13:37:29.845,72.3400,72
49049845607476,13:37:29.845,72.3400,100
49049845735828,13:37:29.845,72.3600,100
49049846177967,13:37:29.846,72.3400,59
49077462254639,13:37:57.462,72.3900,100
49077462254639,13:37:57.462,72.3900,100
49081678365812,13:38:01.678,72.4100,20
49081678390551,13:38:01.678,72.4100,80
49087529792133,13:38:07.529,72.4050,100
49087626802152,13:38:07.626,72.4050,100
49095619814317,13:38:15.619,72.4000,12
49095619814317,13:38:15.619,72.4200,4
49095619850311,13:38:15.619,72.4200,96
49095677061654,13:38:15.677,72.4250,200
49100311857362,13:38:20.311,72.4300,100
49100312976807,13:38:20.312,72.4250,100
49100312976807,13:38:20.312,72.4100,100
49108011566155,13:38:28.011,72.4300,100
49114851270352,13:38:34.851,72.4300,100
49123482608084,13:38:43.482,72.4300,100
49130655264072,13:38:50.655,72.4300,100
49138721710107,13:38:58.721,72.4300,100
49164509125801,13:39:24.509,72.4600,100
49197377528697,13:39:57.377,72.4700,241
49197377797680,13:39:57.377,72.4650,59
49197377797680,13:39:57.377,72.4500,59
49197377808816,13:39:57.377,72.4500,41
49197377808816,13:39:57.377,72.4500,82
49197377825911,13:39:57.377,72.4500,59
49197377825911,13:39:57.377,72.4500,100
49197378191981,13:39:57.378,72.4500,100
49197378455846,13:39:57.378,72.4500,18
49201574736629,13:40:01.574,72.4800,4
49201574762915,13:40:01.574,72.4800,96
49201574790058,13:40:01.574,72.4800,96
49217033620209,13:40:17.033,72.4650,100
49246528504582,13:40:46.528,72.4650,200
49246528578455,13:40:46.528,72.4650,100
49321584471115,13:42:01.584,72.4700,100
49321585056573,13:42:01.585,72.4800,20
49321585056573,13:42:01.585,72.4800,80
49322563158327,13:42:02.563,72.4850,120
49324588233047,13:42:04.588,72.4850,80
49324589487723,13:42:04.589,72.4900,6
49324590217304,13:42:04.590,72.5000,5
49326017578966,13:42:06.017,72.5100,100
49326017578966,13:42:06.017,72.5000,100
49327595792284,13:42:07.595,72.5000,20
49327595792284,13:42:07.595,72.5000,100
49327595908552,13:42:07.595,72.5000,100
49327595922322,13:42:07.595,72.4900,100
49348961965998,13:42:28.961,72.4900,6
49350118505256,13:42:30.118,72.4900,14
49350118505256,13:42:30.118,72.4900,20
49383302174962,13:43:03.302,72.5000,80
49395855878666,13:43:15.855,72.5200,100
49395857022056,13:43:15.857,72.5300,100
49518405605063,13:45:18.405,72.5000,10
49518405605063,13:45:18.405,72.4900,5
49518405620354,13:45:18.405,72.4900,10
49518405832094,13:45:18.405,72.5100,15
49548813795527,13:45:48.813,72.5500,2
49548813795527,13:45:48.813,72.5500,26
49548813795527,13:45:48.813,72.5700,72
49548814582418,13:45:48.814,72.5900,93
49548814831952,13:45:48.814,72.5700,30
49549292043503,13:45:49.292,72.5900,7
49552156224785,13:45:52.156,72.5650,48
49552156224785,13:45:52.156,72.5600,52
49583974207502,13:46:23.974,72.5600,12
49611441367990,13:46:51.441,72.5400,100
49611441410377,13:46:51.441,72.5400,8
49611441523037,13:46:51.441,72.5400,92
49611441523037,13:46:51.441,72.5400,8
49611442807700,13:46:51.442,72.5400,5
49611444098199,13:46:51.444,72.5300,25
49611444977245,13:46:51.444,72.5300,54
49611446759190,13:46:51.446,72.5300,21
49623443545720,13:47:03.443,72.5200,100
49623443545720,13:47:03.443,72.5200,41
49761412105145,13:49:21.412,72.5100,100
49797474191716,13:49:57.474,72.5200,6
49853800704481,13:50:53.800,72.5400,1
49853800941858,13:50:53.800,72.5600,5
49949903036657,13:52:29.903,72.5400,6
50058171087363,13:54:18.171,72.5600,6
50155179574571,13:55:55.179,72.5300,100
50155209949831,13:55:55.209,72.5100,15
50156304829507,13:55:56.304,72.4800,100
50160982188436,13:56:00.982,72.5000,100
50160982543530,13:56:00.982,72.5000,14
50160982543530,13:56:00.982,72.5000,86
50161149478103,13:56:01.149,72.5000,6
50161149478103,13:56:01.149,72.5200,4
50161149503494,13:56:01.149,72.5200,6
50220752489126,13:57:00.752,72.5200,6
50331719573052,13:58:51.719,72.5000,100
50331719620610,13:58:51.719,72.5000,17
50331719620610,13:58:51.719,72.5000,19
50331719636306,13:58:51.719,72.5000,81
50343281661725,13:59:03.281,72.4400,85
50354004073237,13:59:14.004,72.5000,1
50363011311452,13:59:23.011,72.4800,6
50402690688788,14:00:02.690,72.4900,100
50402691150765,14:00:02.691,72.4900,100
50405736711413,14:00:05.736,72.6300,100
50405736767822,14:00:05.736,72.6500,5
50407438624860,14:00:07.438,72.6300,100
50407438624860,14:00:07.438,72.6300,100
50407438624860,14:00:07.438,72.6300,100
50407460613295,14:00:07.460,72.6300,100
50407460613295,14:00:07.460,72.6300,28
50408995603448,14:00:08.995,72.7300,100
50408997757439,14:00:08.997,72.7300,100
50409094990716,14:00:09.094,72.6100,28
50409094990716,14:00:09.094,72.6000,100
50409094990716,14:00:09.094,72.6000,100
50413892803549,14:00:13.892,72.6100,28
50413892803549,14:00:13.892,72.6000,61
50413892803549,14:00:13.892,72.6000,100
50413893299372,14:00:13.893,72.6700,30
50413896694733,14:00:13.896,72.6100,100
50413898133372,14:00:13.898,72.6100,50
50413898133372,14:00:13.898,72.6100,28
50415540988646,14:00:15.540,72.6200,28
50415540988646,14:00:15.540,72.6000,61
50415540988646,14:00:15.540,72.6000,100
50415541103923,14:00:15.541,72.5900,18
50415541103923,14:00:15.541,72.5900,82
50415541174322,14:00:15.541,72.5900,18
50417780537073,14:00:17.780,72.6100,28
50423326076965,14:00:23.326,72.5800,28
50423326080264,14:00:23.326,72.5500,26
50423326322664,14:00:23.326,72.5400,61
50423734952279,14:00:23.734,72.5400,100
50425021183700,14:00:25.021,72.5000,100
50463736086079,14:01:03.736,72.5800,99
50466725455207,14:01:06.725,72.4500,100
50466791528194,14:01:06.791,72.4400,100
50468546930322,14:01:08.546,72.4300,6
50566426129033,14:02:46.426,72.4300,6
50599417936760,14:03:19.417,72.5400,40
50599417936760,14:03:19.417,72.5400,60
50599417986084,14:03:19.417,72.5600,26
50599418217267,14:03:19.418,72.5600,74
50600859270455,14:03:20.859,72.6000,100
50600860339916,14:03:20.860,72.6000,100
50608584888944,14:03:28.584,72.5900,2
50608584898476,14:03:28.584,72.5900,4
50608584898476,14:03:28.584,72.6000,27
50608584898476,14:03:28.584,72.6000,34
50608584908460,14:03:28.584,72.6000,6
50632042129835,14:03:52.042,72.7200,5
50846394226601,14:07:26.394,72.7600,100
50846394226601,14:07:26.394,72.7400,300
50846394226601,14:07:26.394,72.7400,200
50846394226601,14:07:26.394,72.7300,100
50846394226601,14:07:26.394,72.7300,6
50846394226601,14:07:26.394,72.7300,10
50846394226601,14:07:26.394,72.7300,100
50846394226601,14:07:26.394,72.7300,600
50846394226601,14:07:26.394,72.7300,400
50846394318420,14:07:26.394,72.8100,10
50846394455374,14:07:26.394,72.8100,10
50846394730374,14:07:26.394,72.7300,2
50846401822890,14:07:26.401,72.7800,100
50846402296061,14:07:26.402,72.8100,10
50851026199469,14:07:31.026,72.7900,100
50851026199469,14:07:31.026,72.7900,18
50851030794188,14:07:31.030,72.7800,100
50851030805073,14:07:31.030,72.7900,61
50851030868694,14:07:31.030,72.7900,39
50851030868694,14:07:31.030,72.7900,22
50851030945916,14:07:31.030,72.7900,61
50851031067391,14:07:31.031,72.7800,22
50851031097425,14:07:31.031,72.7900,21
50851031293175,14:07:31.031,72.7900,100
50851031457384,14:07:31.031,72.7900,100
50867580805102,14:07:47.580,72.7700,65
50867580805102,14:07:47.580,72.7600,100
50878898747997,14:07:58.898,72.7500,100
50878899252476,14:07:58.899,72.7500,30
50884011805862,14:08:04.011,72.7300,11
50884011857182,14:08:04.011,72.7100,79
50884011859089,14:08:04.011,72.7100,21
50884011987815,14:08:04.011,72.7100,100
50884012039860,14:08:04.012,72.6900,100
50884012245168,14:08:04.012,72.7100,100
50884014028751,14:08:04.014,72.6900,100
50928636857719,14:08:48.636,72.7000,6
50928636923976,14:08:48.636,72.7600,14
51011444725110,14:10:11.444,72.6300,100
51016942498503,14:10:16.942,72.6300,100
51016944584243,14:10:16.944,72.5900,100
51016945263791,14:10:16.945,72.5900,4
51016945293798,14:10:16.945,72.5900,16
51016969713180,14:10:16.969,72.5900,100
51025715550625,14:10:25.715,72.5000,17
51025716166435,14:10:25.716,72.5000,17
51025717173258,14:10:25.717,72.5000,17
51025717922003,14:10:25.717,72.5000,17
51025718761237,14:10:25.718,72.5000,17
51025720959758,14:10:25.720,72.5000,27
51025721612860,14:10:25.721,72.5000,27
51065552898267,14:11:05.552,72.6200,20
51065552898267,14:11:05.552,72.6200,100
51065552898267,14:11:05.552,72.6200,80
51076789498451,14:11:16.789,72.6200,30
51076789498451,14:11:16.789,72.6400,26
51076789498451,14:11:16.789,72.6400,2
51076789498451,14:11:16.789,72.6400,100
51076789498451,14:11:16.789,72.6400,70
51076789528101,14:11:16.789,72.6400,30
51076790905500,14:11:16.790,72.6600,5
51076795623771,14:11:16.795,72.6600,95
51101309664060,14:11:41.309,72.7200,32
51137843369964,14:12:17.843,72.6500,100
51137843424246,14:12:17.843,72.6500,15
51137843985798,14:12:17.843,72.6400,65
51137844012720,14:12:17.844,72.6400,35
51137845818673,14:12:17.845,72.6100,100
51147361396236,14:12:27.361,72.6300,85
51149043344702,14:12:29.043,72.6900,6
51182144276728,14:13:02.144,72.7100,7
51184218092628,14:13:04.218,72.7150,65
51212674932833,14:13:32.674,72.6800,100
51212676781261,14:13:32.676,72.6700,100
51212676809686,14:13:32.676,72.6700,100
51212678285593,14:13:32.678,72.6300,500
51212679141254,14:13:32.679,72.5700,100
51217965364123,14:13:37.965,72.5700,100
51226323285400,14:13:46.323,72.5500,100
51300164014978,14:15:00.164,72.6200,100
51300192109838,14:15:00.192,72.6200,100
51300208709893,14:15:00.208,72.5900,100
51300480454490,14:15:00.480,72.5600,100
51300717041431,14:15:00.717,72.5700,33
51300924475474,14:15:00.924,72.5600,100
51300936587146,14:15:00.936,72.5500,100
51300936612713,14:15:00.936,72.5500,100
51301168017054,14:15:01.168,72.5300,100
51301168041760,14:15:01.168,72.5300,100
51302072561208,14:15:02.072,72.5400,20
51305627363535,14:15:05.627,72.5600,200
51400211221923,14:16:40.211,72.6800,1
51400266806012,14:16:40.266,72.6600,100
51400266806012,14:16:40.266,72.6800,100
51400266806012,14:16:40.266,72.6800,100
51400266806012,14:16:40.266,72.6800,100
51400271256850,14:16:40.271,72.6800,100
51400271256850,14:16:40.271,72.6800,100
51422329568913,14:17:02.329,72.5800,100
51422329961819,14:17:02.329,72.5700,10
51422329963238,14:17:02.329,72.5700,90
51422329963238,14:17:02.329,72.5700,10
51422329987569,14:17:02.329,72.5700,90
51422331480195,14:17:02.331,72.5300,10
51422331520404,14:17:02.331,72.5300,90
51422331561336,14:17:02.331,72.5300,100
51469641295869,14:17:49.641,72.6000,12
51474368209464,14:17:54.368,72.5900,100
51474368273075,14:17:54.368,72.5900,100
51474368765373,14:17:54.368,72.5800,100
51474368765373,14:17:54.368,72.5800,1
51474368849126,14:17:54.368,72.5800,99
51474368849126,14:17:54.368,72.5800,100
51474378457404,14:17:54.378,72.5600,18
51474396075969,14:17:54.396,72.5400,100
51583918124451,14:19:43.918,72.6700,45
51583921356695,14:19:43.921,72.6700,29
51583921356695,14:19:43.921,72.6700,10
51583924026617,14:19:43.924,72.6700,61
51583924262061,14:19:43.924,72.6700,39
51583933776147,14:19:43.933,72.6600,5
51585176292950,14:19:45.176,72.6400,100
51593434779942,14:19:53.434,72.6400,100
51593434779942,14:19:53.434,72.6400,23
51593456135527,14:19:53.456,72.6000,16
51595161979202,14:19:55.161,72.6000,100
51607524175180,14:20:07.524,72.6000,3
51612900286157,14:20:12.900,72.6000,97
51624429632419,14:20:24.429,72.5900,100
51624429632419,14:20:24.429,72.5900,26
51624431437071,14:20:24.431,72.5800,100
51624431469651,14:20:24.431,72.5800,24
51635669837983,14:20:35.669,72.5400,100
51653987026125,14:20:53.987,72.6000,100
51653987550412,14:20:53.987,72.6000,100
51654001942366,14:20:54.001,72.6000,10
51735972933863,14:22:15.972,72.6600,1
51789600983667,14:23:09.600,72.5700,100
51804210294583,14:23:24.210,72.6400,10
51804210294583,14:23:24.210,72.6400,60
51804210294583,14:23:24.210,72.6500,30
51823263721653,14:23:43.263,72.5500,100
51841245621579,14:24:01.245,72.5800,12
51866136359717,14:24:26.136,72.5400,100
51866136414880,14:24:26.136,72.5400,23
51866136414880,14:24:26.136,72.5400,22
51866136783518,14:24:26.136,72.5300,100
51866136783518,14:24:26.136,72.5300,100
51906694935574,14:25:06.694,72.5400,100
51906694935574,14:25:06.694,72.5400,20
51906694935574,14:25:06.694,72.5400,22
51944264484541,14:25:44.264,72.5750,9
51951849192837,14:25:51.849,72.6000,11
51952513439830,14:25:52.513,72.6000,79
51998042175820,14:26:38.042,72.5400,100
52023705168081,14:27:03.705,72.4900,20
52023706546292,14:27:03.706,72.4800,100
52023706546292,14:27:03.706,72.4800,24
52042801491112,14:27:22.801,72.4400,100
52042801980078,14:27:22.801,72.4200,100
52061389820279,14:27:41.389,72.4600,79
52075834896759,14:27:55.834,72.4200,54
52075835069476,14:27:55.835,72.4200,28
52075835309475,14:27:55.835,72.4200,18
52075835309475,14:27:55.835,72.4100,15
52075835597128,14:27:55.835,72.4100,54
52075835702889,14:27:55.835,72.4100,46
52075837094459,14:27:55.837,72.4200,15
52075838415667,14:27:55.838,72.3900,50
52075838415667,14:27:55.838,72.3900,25
52085171474360,14:28:05.171,72.4800,100
52085171516838,14:28:05.171,72.4900,100
52195783099565,14:29:55.783,72.4900,12
52211829684373,14:30:11.829,72.4850,1
52291374689914,14:31:31.374,72.5250,5
52291375849184,14:31:31.375,72.5250,7
52291394376319,14:31:31.394,72.4800,100
52309988074529,14:31:49.988,72.4900,85
52311656245171,14:31:51.656,72.4400,100
52311656245171,14:31:51.656,72.4400,100
52314469659512,14:31:54.469,72.4200,24
52345173378906,14:32:25.173,72.4200,100
52345173378906,14:32:25.173,72.4200,74
52345173392304,14:32:25.173,72.4200,26
52345173392304,14:32:25.173,72.4200,100
52354003764243,14:32:34.003,72.4100,15
52354003764243,14:32:34.003,72.4100,100
52354004043861,14:32:34.004,72.3800,100
52356497364556,14:32:36.497,72.3700,100
52358683085378,14:32:38.683,72.3400,100
52386054789723,14:33:06.054,72.2900,100
52386072067757,14:33:06.072,72.2600,100
52386072067757,14:33:06.072,72.2600,100
52389819439831,14:33:09.819,72.2250,70
52391809735811,14:33:11.809,72.2500,26
52391809827578,14:33:11.809,72.2500,10
52391809837149,14:33:11.809,72.2500,34
52391809837149,14:33:11.809,72.2600,100
52391809837149,14:33:11.809,72.2600,66
52391809865294,14:33:11.809,72.2600,34
52391809871994,14:33:11.809,72.2600,34
52391810279023,14:33:11.810,72.2600,34
52396843299156,14:33:16.843,72.2500,100
52397781192775,14:33:17.781,72.2500,30
52402502059146,14:33:22.502,72.2600,41
52402502086339,14:33:22.502,72.2600,59
52402502088810,14:33:22.502,72.2600,2
52402502111215,14:33:22.502,72.2600,28
52410128956535,14:33:30.128,72.3000,100
52410876483147,14:33:30.876,72.2900,100
52412114903457,14:33:32.114,72.3000,100
52414146216494,14:33:34.146,72.3000,100
52433537324871,14:33:53.537,72.3000,6
52433537346375,14:33:53.537,72.3200,19
52459736276600,14:34:19.736,72.3200,6
52459738058508,14:34:19.738,72.3600,100
52459740258497,14:34:19.740,72.3600,44
52459740259727,14:34:19.740,72.3600,73
52506869060455,14:35:06.869,72.3700,10
52543690032083,14:35:43.690,72.3800,85
52563302026830,14:36:03.302,72.3500,100
52563302026830,14:36:03.302,72.3500,23
52563302521994,14:36:03.302,72.3500,13
52563302521994,14:36:03.302,72.3400,26
52563302521994,14:36:03.302,72.3300,46
52564533721306,14:36:04.533,72.3300,54
52564533721306,14:36:04.533,72.3300,46
52564535107491,14:36:04.535,72.3300,54
52565543028307,14:36:05.543,72.3200,20
52565543028307,14:36:05.543,72.3200,80
52573354691735,14:36:13.354,72.3000,20
52573445208961,14:36:13.445,72.2900,20
52606712941522,14:36:46.712,72.3000,6
52629398225603,14:37:09.398,72.2800,20
52629398316007,14:37:09.398,72.2700,20
52629398316007,14:37:09.398,72.2700,22
52629399419514,14:37:09.399,72.2800,78
52629399601840,14:37:09.399,72.2800,22
52655335105345,14:37:35.335,72.3900,100
52728246084540,14:38:48.246,72.4700,80
52728246084540,14:38:48.246,72.4800,20
52728250226006,14:38:48.250,72.4700,10
52728250226006,14:38:48.250,72.4800,80
52728250226006,14:38:48.250,72.4800,90
52728250347374,14:38:48.250,72.4800,3
52743072373455,14:39:03.072,72.4500,20
52743072465624,14:39:03.072,72.4400,100
52750992363917,14:39:10.992,72.4300,20
52750992363917,14:39:10.992,72.4300,20
52751221915839,14:39:11.221,72.3800,42
52751222227444,14:39:11.222,72.3800,58
52751222227444,14:39:11.222,72.3800,100
52751247134848,14:39:11.247,72.3800,100
52751247204437,14:39:11.247,72.3700,100
52751247268387,14:39:11.247,72.3600,20
52751247791359,14:39:11.247,72.3500,20
52768704303895,14:39:28.704,72.3400,20
52768714040424,14:39:28.714,72.3300,20
52781724974117,14:39:41.724,72.3100,3
52781724974117,14:39:41.724,72.3100,17
52781724974117,14:39:41.724,72.3000,10
52781724974117,14:39:41.724,72.3000,70
52801117665698,14:40:01.117,72.2900,20
52808772825163,14:40:08.772,72.2950,10
52808772825163,14:40:08.772,72.2800,20
52808773194029,14:40:08.773,72.2600,23
52808773194029,14:40:08.773,72.2600,24
52808774059715,14:40:08.774,72.2600,88
52821461712706,14:40:21.461,72.2800,20
52857905822953,14:40:57.905,72.3100,100
52857905822953,14:40:57.905,72.3100,100
52857905822953,14:40:57.905,72.3100,100
52893431470516,14:41:33.431,72.2800,100
52893431504807,14:41:33.431,72.2800,100
52985552734988,14:43:05.552,72.2800,100
52987639770385,14:43:07.639,72.2700,100
52987639770385,14:43:07.639,72.2700,23
52987640236223,14:43:07.640,72.2600,14
52987640630080,14:43:07.640,72.2600,86
52987641464958,14:43:07.641,72.2400,20
52987641464958,14:43:07.641,72.2400,80
52987641496803,14:43:07.641,72.2400,20
52987641496803,14:43:07.641,72.2300,20
52987641496803,14:43:07.641,72.2300,24
52987641496803,14:43:07.641,72.2200,3
53007921274740,14:43:27.921,72.2200,6
53111586071655,14:45:11.586,72.3500,8
53111631403106,14:45:11.631,72.3100,17
53111631403106,14:45:11.631,72.3100,83
53111631475418,14:45:11.631,72.3100,17
53143146392731,14:45:43.146,72.3100,6
53216221081321,14:46:56.221,72.3900,100
53216221252257,14:46:56.221,72.3900,10
53216222516952,14:46:56.222,72.4000,100
53216222516952,14:46:56.222,72.4000,5
53216222974716,14:46:56.222,72.4100,100
53216404237325,14:46:56.404,72.4600,100
53227178511532,14:47:07.178,72.4800,79
53240665287232,14:47:20.665,72.5500,21
53240665345272,14:47:20.665,72.5500,48
53240665345272,14:47:20.665,72.5500,11
53244816777842,14:47:24.816,72.5200,15
53244816777842,14:47:24.816,72.5200,85
53244816807939,14:47:24.816,72.5200,15
53244817334664,14:47:24.817,72.5100,45
53292334314177,14:48:12.334,72.4700,100
53292334578806,14:48:12.334,72.4600,100
53292334638567,14:48:12.334,72.4600,19
53310464969411,14:48:30.464,72.4300,100
53310465408729,14:48:30.465,72.4100,83
53310465436016,14:48:30.465,72.4100,17
53310465436016,14:48:30.465,72.4100,5
53310465436016,14:48:30.465,72.4100,5
53310465588515,14:48:30.465,72.4300,37
53310488647761,14:48:30.488,72.4000,4
53310488647761,14:48:30.488,72.4000,6
53310488734323,14:48:30.488,72.3900,2
53310488734323,14:48:30.488,72.3900,8
53310488787812,14:48:30.488,72.3800,1
53310488787812,14:48:30.488,72.3800,100
53310506558670,14:48:30.506,72.4400,30
53310506558670,14:48:30.506,72.4400,7
53347620458887,14:49:07.620,72.3800,14
53347620545410,14:49:07.620,72.3800,6
53348275018821,14:49:08.275,72.3700,5
53348275018821,14:49:08.275,72.3700,18
53450345593037,14:50:50.345,72.3700,12
53450345593037,14:50:50.345,72.3800,86
53465124314947,14:51:05.124,72.3600,10
53465124371660,14:51:05.124,72.3500,5
53465124371660,14:51:05.124,72.3500,5
53465124371660,14:51:05.124,72.3500,23
53465124371660,14:51:05.124,72.3500,11
53467292037990,14:51:07.292,72.3400,5
53467292037990,14:51:07.292,72.3400,15
53470333666789,14:51:10.333,72.3300,23
53509326266709,14:51:49.326,72.3400,20
53509326266709,14:51:49.326,72.3500,1
53509326295472,14:51:49.326,72.3500,20
53654751637645,14:54:14.751,72.5000,200
53654752457484,14:54:14.752,72.4900,100
53654752483301,14:54:14.752,72.4900,100
53654753592202,14:54:14.753,72.4400,1
53654776222962,14:54:14.776,72.4500,100
53654776222962,14:54:14.776,72.4400,11
53654776248485,14:54:14.776,72.4400,100
53716033891269,14:55:16.033,72.5000,5
53723296819238,14:55:23.296,72.5200,2
53725331206208,14:55:25.331,72.5200,69
53742492663723,14:55:42.492,72.5400,94
53742492663723,14:55:42.492,72.5100,6
53783877729935,14:56:23.877,72.5100,94
53783877729935,14:56:23.877,72.5100,100
53783877729935,14:56:23.877,72.5100,24
53783878106512,14:56:23.878,72.5000,100
53783879196183,14:56:23.879,72.4800,100
53783881690577,14:56:23.881,72.4800,100
53789819706838,14:56:29.819,72.5300,12
53789819777064,14:56:29.819,72.5500,100
53819082011845,14:56:59.082,72.6200,11
53825563251704,14:57:05.563,72.5600,13
53825563365671,14:57:05.563,72.5500,100
53825563468829,14:57:05.563,72.5500,40
53825563479243,14:57:05.563,72.5500,60
53825563479243,14:57:05.563,72.5500,40
53825563495352,14:57:05.563,72.5500,60
53825563496593,14:57:05.563,72.5500,100
53825563497990,14:57:05.563,72.5500,43
53825563801441,14:57:05.563,72.5500,100
53848490056893,14:57:28.490,72.5300,10
53848505842073,14:57:28.505,72.5300,100
53848507099639,14:57:28.507,72.5300,70
53876173734463,14:57:56.173,72.6200,11
53923385288987,14:58:43.385,72.5800,14
53923882286391,14:58:43.882,72.5800,14
53923888406114,14:58:43.888,72.5700,28
54020648579784,15:00:20.648,72.6100,5
54117602517169,15:01:57.602,72.5700,25
54117602517169,15:01:57.602,72.5700,100
54117602517169,15:01:57.602,72.5700,100
54117602894106,15:01:57.602,72.5600,98
54117602933712,15:01:57.602,72.5600,2
54117602933712,15:01:57.602,72.5600,98
54117602943007,15:01:57.602,72.5600,2
54117603007700,15:01:57.603,72.5500,30
54123208381697,15:02:03.208,72.5200,100
54200805326028,15:03:20.805,72.5300,100
54206585938603,15:03:26.585,72.5200,25
54206585938603,15:03:26.585,72.5200,100
54206585938603,15:03:26.585,72.5200,1
54206586463277,15:03:26.586,72.5200,99
54206587177064,15:03:26.587,72.5100,1
54209151510421,15:03:29.151,72.5100,100
54239736956383,15:03:59.736,72.5000,2
54239736956383,15:03:59.736,72.5000,8
54246313450930,15:04:06.313,72.4800,2
54246313450930,15:04:06.313,72.4800,54
54278599819036,15:04:38.599,72.4600,2
54292052149107,15:04:52.052,72.5000,13
54308723850363,15:05:08.723,72.4900,100
54308723850363,15:05:08.723,72.4900,34
54308723850363,15:05:08.723,72.4900,66
54308724994197,15:05:08.724,72.4900,25
54311224813256,15:05:11.224,72.4800,100
54311224921206,15:05:11.224,72.4800,24
54321736752175,15:05:21.736,72.5000,3
54357023188060,15:05:57.023,72.4600,100
54363682003677,15:06:03.682,72.4200,30
54438075247524,15:07:18.075,72.4400,100
54446019226630,15:07:26.019,72.4700,12
54483278499078,15:08:03.278,72.5000,5
54545707937140,15:09:05.707,72.4900,94
54545708448044,15:09:05.708,72.4900,6
54545708448044,15:09:05.708,72.4900,80
54545709293277,15:09:05.709,72.4700,5
54555782272849,15:09:15.782,72.4700,92
54560249368044,15:09:20.249,72.4900,12
54598532512255,15:09:58.532,72.4800,100
54598532512255,15:09:58.532,72.4800,43
54598532626685,15:09:58.532,72.4800,100
54598535277767,15:09:58.535,72.4800,25
54599346230523,15:09:59.346,72.4700,3
54599346230523,15:09:59.346,72.4700,100
54599389317259,15:09:59.389,72.4600,100
54618564830939,15:10:18.564,72.4500,3
54633570877746,15:10:33.570,72.4100,100
54633581794883,15:10:33.581,72.4100,7
54634624222457,15:10:34.624,72.4300,35
54638305073763,15:10:38.305,72.4100,24
54638595728906,15:10:38.595,72.4000,40
54668913257156,15:11:08.913,72.3600,5
54687792649788,15:11:27.792,72.3750,1
54715888298334,15:11:55.888,72.3600,23
54719585386704,15:11:59.585,72.3500,10
54729725124346,15:12:09.725,72.3500,90
54729725124346,15:12:09.725,72.3500,10
54731739937904,15:12:11.739,72.3800,10
54732921859250,15:12:12.921,72.3600,100
54732922104333,15:12:12.922,72.3600,100
54732922145016,15:12:12.922,72.3600,190
54796374054094,15:13:16.374,72.3800,100
54796374054094,15:13:16.374,72.3800,38
54796374101629,15:13:16.374,72.3800,30
54796374101629,15:13:16.374,72.3800,100
54883533321124,15:14:43.533,72.4000,6
54893422028835,15:14:53.422,72.4500,1
54902706913329,15:15:02.706,72.4100,100
54902707471114,15:15:02.707,72.4100,2
54904940049300,15:15:04.940,72.4000,100
54904940049300,15:15:04.940,72.4000,80
54904940049300,15:15:04.940,72.4000,100
54906056687885,15:15:06.056,72.3800,14
54906056687885,15:15:06.056,72.3800,100
54906056687885,15:15:06.056,72.3800,1
54906056687885,15:15:06.056,72.3800,1
54927102176447,15:15:27.102,72.4600,28
54952017545929,15:15:52.017,72.4700,124
54952017571522,15:15:52.017,72.4700,53
54952017579503,15:15:52.017,72.4700,28
54952017579503,15:15:52.017,72.4700,12
54952018807388,15:15:52.018,72.4700,2
54981884932592,15:16:21.884,72.5100,27
54981885633961,15:16:21.885,72.5050,9
54997926015534,15:16:37.926,72.4700,100
54997926046805,15:16:37.926,72.4700,74
54997926095254,15:16:37.926,72.4700,26
54997926095254,15:16:37.926,72.4700,28
54997926662549,15:16:37.926,72.4700,18
54997926683435,15:16:37.926,72.4700,32
54998503801647,15:16:38.503,72.4600,100
54998503831703,15:16:38.503,72.4600,100
54998923447401,15:16:38.923,72.4600,4
54999067959519,15:16:39.067,72.4500,100
54999068378480,15:16:39.068,72.4500,100
54999432850094,15:16:39.432,72.4500,100
54999432850094,15:16:39.432,72.4400,200
54999432901406,15:16:39.432,72.4400,100
55007927690043,15:16:47.927,72.4500,6
55043665338837,15:17:23.665,72.4300,55
55045622459194,15:17:25.622,72.4300,17
55047544639341,15:17:27.544,72.4300,128
55050394126245,15:17:30.394,72.4200,100
55058992758084,15:17:38.992,72.3900,100
55058992981964,15:17:38.992,72.3600,100
55061361426971,15:17:41.361,72.3650,15
55061363154573,15:17:41.363,72.3700,1
55061404412345,15:17:41.404,72.3700,17
55062280128216,15:17:42.280,72.3900,100
55185276945799,15:19:45.276,72.4300,12
55185280022816,15:19:45.280,72.4400,65
55188174679071,15:19:48.174,72.4500,100
55188282611085,15:19:48.282,72.4500,100
55206538870030,15:20:06.538,72.4600,100
55271062707156,15:21:11.062,72.4800,99
55296670418565,15:21:36.670,72.4500,5
55296670818577,15:21:36.670,72.4500,95
55296671616970,15:21:36.671,72.4300,100
55300309957331,15:21:40.309,72.4200,24
55300310042472,15:21:40.310,72.4100,100
55314471957751,15:21:54.471,72.4000,27
55314471973957,15:21:54.471,72.4000,14
55314472409347,15:21:54.472,72.4000,13
55328804431692,15:22:08.804,72.3900,100
55348975161243,15:22:28.975,72.3300,80
55351697512061,15:22:31.697,72.3300,40
55351697512061,15:22:31.697,72.3400,60
55351697537612,15:22:31.697,72.3400,40
55351698127985,15:22:31.698,72.3200,30
55351698127985,15:22:31.698,72.3200,10
55351698436690,15:22:31.698,72.3400,30
55351698484949,15:22:31.698,72.3600,38
55373252971330,15:22:53.252,72.3300,100
55373253023686,15:22:53.253,72.3300,100
55373253031089,15:22:53.253,72.3300,16
55391878586974,15:23:11.878,72.3200,9
55430961063939,15:23:50.961,72.3100,100
55452912240323,15:24:12.912,72.3000,100
55458159873729,15:24:18.159,72.3300,89
55458159906030,15:24:18.159,72.3300,11
55458159906030,15:24:18.159,72.3300,100
55465375605244,15:24:25.375,72.3300,11
55503885257190,15:25:03.885,72.3300,18
55511593763809,15:25:11.593,72.3600,9
55511815896664,15:25:11.815,72.3400,41
55512670245824,15:25:12.670,72.3500,11
55525028843096,15:25:25.028,72.3500,1
55536899882119,15:25:36.899,72.3400,30
55536899882119,15:25:36.899,72.3400,70
55536899911991,15:25:36.899,72.3400,30
55536899911991,15:25:36.899,72.3400,100
55536899996599,15:25:36.899,72.3300,100
55536906007915,15:25:36.906,72.3200,100
55536906730099,15:25:36.906,72.3200,100
55547926588933,15:25:47.926,72.3500,10
55554663809273,15:25:54.663,72.3100,100
55554663858396,15:25:54.663,72.3100,100
55579484337172,15:26:19.484,72.2800,10
55585314045082,15:26:25.314,72.3000,20
55585314045082,15:26:25.314,72.3000,80
55585314078761,15:26:25.314,72.3000,20
55585314078761,15:26:25.314,72.3000,50
55589765081972,15:26:29.765,72.2900,20
55594596781790,15:26:34.596,72.2900,20
55606564210452,15:26:46.564,72.2800,20
55606564210452,15:26:46.564,72.2800,34
55606564726179,15:26:46.564,72.2600,31
55616511660840,15:26:56.511,72.2500,100
55638235531636,15:27:18.235,72.2100,6
55653161692715,15:27:33.161,72.2100,100
55653161718982,15:27:33.161,72.2100,100
55668168572927,15:27:48.168,72.2400,18
55673197736124,15:27:53.197,72.2500,21
55673197782781,15:27:53.197,72.2500,79
55688733814804,15:28:08.733,72.2500,5
55723928707146,15:28:43.928,72.2600,6
55734264656009,15:28:54.264,72.2500,100
55734264715973,15:28:54.264,72.2500,100
55734264739183,15:28:54.264,72.2500,100
55746907052454,15:29:06.907,72.2100,20
55746907429613,15:29:06.907,72.2100,100
55760447392950,15:29:20.447,72.1600,5
55796635419247,15:29:56.635,72.1600,5
55800683302907,15:30:00.683,72.1500,100
55829265355122,15:30:29.265,72.1400,5
55832852594328,15:30:32.852,72.1900,9
55850142934730,15:30:50.142,72.1600,100
55850142966071,15:30:50.142,72.1600,100
55850142966071,15:30:50.142,72.1600,100
55900128827511,15:31:40.128,72.1900,6
55930851495913,15:32:10.851,72.1800,6
55933766550398,15:32:13.766,72.1800,94
55933766550398,15:32:13.766,72.1800,6
55933766637034,15:32:13.766,72.1800,94
55933766637034,15:32:13.766,72.1800,100
55933766637034,15:32:13.766,72.1800,34
55933767581245,15:32:13.767,72.1600,100
55933767643516,15:32:13.767,72.1600,20
55933768165018,15:32:13.768,72.1600,100
55933768240587,15:32:13.768,72.1500,6
55933770717440,15:32:13.770,72.1500,54
55970185394848,15:32:50.185,72.1500,5
56007932193485,15:33:27.932,72.1500,27
56007932601966,15:33:27.932,72.1500,94
56012766654737,15:33:32.766,72.1300,6
56027726826637,15:33:47.726,72.1600,100
56027726826637,15:33:47.726,72.1600,100
56029212215254,15:33:49.212,72.1300,94
56029212215254,15:33:49.212,72.1300,6
56029212257231,15:33:49.212,72.1300,83
56029212625807,15:33:49.212,72.1300,11
56036226183924,15:33:56.226,72.1250,100
56036226186365,15:33:56.226,72.1100,89
56036226231785,15:33:56.226,72.1100,11
56036226231785,15:33:56.226,72.1100,49
56036226231785,15:33:56.226,72.1100,40
56043241616632,15:34:03.241,72.1000,100
56061847463561,15:34:21.847,72.0700,44
56092217313470,15:34:52.217,72.0700,100
56092273742338,15:34:52.273,72.0650,100
56092277970608,15:34:52.277,72.0600,80
56092278892661,15:34:52.278,72.0600,100
56092309221124,15:34:52.309,72.0500,100
56103701143350,15:35:03.701,72.0700,8
56103905520578,15:35:03.905,72.0800,100
56125375363288,15:35:25.375,72.0900,5
56168066535512,15:36:08.066,72.0800,100
56168066807485,15:36:08.066,72.0800,39
56168821942214,15:36:08.821,72.0700,100
56170387087420,15:36:10.387,72.0600,30
56170387087420,15:36:10.387,72.0600,70
56170387130407,15:36:10.387,72.0600,30
56170387466556,15:36:10.387,72.0600,100
56196881206711,15:36:36.881,72.0200,100
56216818131111,15:36:56.818,72.0400,100
56216824077964,15:36:56.824,72.0300,100
56222603866645,15:37:02.603,72.0600,5
56228596242750,15:37:08.596,72.0700,5
56228596242750,15:37:08.596,72.0700,83
56228596266453,15:37:08.596,72.0700,17
56228596266453,15:37:08.596,72.0700,55
56228596272010,15:37:08.596,72.0700,45
56228596272010,15:37:08.596,72.0700,100
56228596272010,15:37:08.596,72.0700,72
56229121267825,15:37:09.121,72.0600,80
56244760549400,15:37:24.760,72.0500,6
56323684192822,15:38:43.684,72.0900,50
56323684250427,15:38:43.684,72.0900,50
56323684295876,15:38:43.684,72.0900,31
56327721403301,15:38:47.721,72.0800,100
56362969974731,15:39:22.969,72.0700,100
56362970062946,15:39:22.970,72.0700,19
56362970079731,15:39:22.970,72.0700,81
56362970079731,15:39:22.970,72.0700,100
56362970079731,15:39:22.970,72.0700,80
56362970192707,15:39:22.970,72.0600,100
56362972171029,15:39:22.972,72.0500,9
56362986201672,15:39:22.986,72.0800,100
56370702144268,15:39:30.702,72.0600,100
56383418746389,15:39:43.418,72.0600,40
56383429571760,15:39:43.429,72.0500,37
56386544277746,15:39:46.544,72.0400,40
56386544277746,15:39:46.544,72.0300,60
56403525193412,15:40:03.525,72.0300,40
56403525193412,15:40:03.525,72.0200,60
56403529621423,15:40:03.529,72.0200,10
56403550499093,15:40:03.550,72.0200,30
56416773549380,15:40:16.773,72.0300,4
56416773549380,15:40:16.773,72.0200,1
56427378449258,15:40:27.378,72.0100,100
56427383547075,15:40:27.383,72.0100,100
56427717399617,15:40:27.717,72.0000,100
56427717399617,15:40:27.717,72.0000,100
56427722030459,15:40:27.722,72.0000,100
56429034250784,15:40:29.034,72.0000,100
56441897890673,15:40:41.897,72.0000,6
56441948787711,15:40:41.948,72.0200,5
56441958028614,15:40:41.958,72.0400,6
56461330172487,15:41:01.330,72.0300,100
56464026127523,15:41:04.026,72.0100,100
56465277401331,15:41:05.277,72.0100,100
56468235647653,15:41:08.235,72.0000,94
56468235647653,15:41:08.235,72.0000,6
56468235974371,15:41:08.235,72.0000,94
56475342613067,15:41:15.342,72.0300,27
56475348940672,15:41:15.348,72.0100,17
56476759628874,15:41:16.759,72.0100,5
56480465825696,15:41:20.465,72.0250,14
56480465825696,15:41:20.465,72.0100,86
56480466745917,15:41:20.466,72.0000,100
56480466932613,15:41:20.466,72.0000,78
56480466932613,15:41:20.466,72.0000,100
56480466932613,15:41:20.466,72.0000,22
56480467185403,15:41:20.467,72.0000,100
56480468328514,15:41:20.468,72.0000,100
56480473455786,15:41:20.473,72.0000,5
56480474148208,15:41:20.474,72.0000,14
56480474158724,15:41:20.474,72.0000,71
56480474273244,15:41:20.474,72.0000,10
56480474273244,15:41:20.474,72.0000,57
56480474774389,15:41:20.474,72.0000,5
56480474774935,15:41:20.474,72.0000,14
56480481519022,15:41:20.481,72.0000,24
56480481519022,15:41:20.481,72.0000,76
56480481532448,15:41:20.481,72.0000,24
56480481532448,15:41:20.481,72.0000,76
56480481653641,15:41:20.481,72.0000,24
56480481653641,15:41:20.481,72.0000,76
56480481839505,15:41:20.481,72.0000,24
56480482793813,15:41:20.482,72.0000,100
56480483955380,15:41:20.483,72.0000,100
56480485078540,15:41:20.485,72.0000,50
56480485246466,15:41:20.485,72.0000,50
56480487496530,15:41:20.487,72.0000,100
56480494186380,15:41:20.494,72.0000,100
56480494797892,15:41:20.494,72.0000,100
56480494797892,15:41:20.494,72.0000,24
56480498101074,15:41:20.498,72.0000,100
56480506484257,15:41:20.506,72.0000,100
56483916469094,15:41:23.916,72.0000,100
56490656223155,15:41:30.656,72.0000,100
56490656223155,15:41:30.656,72.0000,45
56490656936225,15:41:30.656,72.0000,55
56490656936225,15:41:30.656,72.0000,15
56490805140157,15:41:30.805,72.0000,85
56490805140157,15:41:30.805,72.0000,15
56493936820768,15:41:33.936,72.0000,85
56493936820768,15:41:33.936,72.0000,15
56498835379665,15:41:38.835,72.0000,85
56498835379665,15:41:38.835,72.0000,15
56498849535715,15:41:38.849,72.0000,185
56498849535715,15:41:38.849,72.0000,200
56498849535715,15:41:38.849,72.0000,15
56498849584512,15:41:38.849,72.0000,85
56498871063853,15:41:38.871,72.0000,30
56506498806725,15:41:46.498,72.0000,23
56511628431184,15:41:51.628,72.0000,5
56512815637093,15:41:52.815,72.0000,42
56512815637093,15:41:52.815,72.0000,58
56541672580933,15:42:21.672,72.0000,5
56549790029943,15:42:29.790,72.0200,100
56549790452799,15:42:29.790,72.0300,8
56549911049296,15:42:29.911,72.0300,100
56549911049296,15:42:29.911,72.0300,100
56552783360911,15:42:32.783,72.0200,165
56561506618826,15:42:41.506,72.0400,100
56561506618826,15:42:41.506,72.0400,54
56563533801437,15:42:43.533,72.0400,100
56563533801437,15:42:43.533,72.0400,100
56563533801437,15:42:43.533,72.0300,100
56563535481150,15:42:43.535,72.0300,10
56563986279414,15:42:43.986,72.0100,100
56564582996758,15:42:44.582,72.0300,4
56580105370053,15:43:00.105,72.0300,100
56580106440392,15:43:00.106,72.0300,50
56580106925158,15:43:00.106,72.0300,8
56580107840190,15:43:00.107,72.0300,49
56580108258356,15:43:00.108,72.0300,29
56611733590864,15:43:31.733,72.0200,100
56611733590864,15:43:31.733,72.0200,45
56641445505744,15:44:01.445,72.0600,23
56644062147708,15:44:04.062,72.0600,77
56652260801926,15:44:12.260,72.0600,36
56667821069746,15:44:27.821,72.0400,40
56667821069746,15:44:27.821,72.0400,60
56670202538395,15:44:30.202,72.0400,100
56701783037167,15:45:01.783,72.0400,6
56701783037167,15:45:01.783,72.0600,6
56701783037167,15:45:01.783,72.0600,37
56701783086267,15:45:01.783,72.0600,63
56701785554436,15:45:01.785,72.0700,45
56701785610123,15:45:01.785,72.0700,55
56711769335581,15:45:11.769,72.0800,11
56714899692437,15:45:14.899,72.0600,29
56714899692437,15:45:14.899,72.0600,71
56714899723755,15:45:14.899,72.0600,29
56729780540023,15:45:29.780,72.0500,100
56732334993344,15:45:32.334,72.0600,5
56732335725329,15:45:32.335,72.0600,1
56755778890851,15:45:55.778,72.0800,5
56761568697454,15:46:01.568,72.0700,100
56761572759860,15:46:01.572,72.0700,100
56761572813071,15:46:01.572,72.0700,100
56761572823100,15:46:01.572,72.0700,100
56761572870510,15:46:01.572,72.0700,100
56761573344437,15:46:01.573,72.0700,100
56761573499710,15:46:01.573,72.0600,50
56775924568895,15:46:15.924,72.0750,31
56782251730108,15:46:22.251,72.0600,16
56782251730108,15:46:22.251,72.0600,38
56782283983862,15:46:22.283,72.0600,62
56782283983862,15:46:22.283,72.0600,38
56782287215677,15:46:22.287,72.0600,2
56782287215677,15:46:22.287,72.0600,98
56782287659774,15:46:22.287,72.0600,2
56782287811314,15:46:22.287,72.0500,100
56782287811314,15:46:22.287,72.0500,60
56782287811314,15:46:22.287,72.0500,100
56782287811314,15:46:22.287,72.0500,100
56782288890361,15:46:22.288,72.0400,32
56823269104191,15:47:03.269,72.0600,6
56823792346363,15:47:03.792,72.0600,100
56823792346363,15:47:03.792,72.0600,100
56837818654215,15:47:17.818,72.0400,100
56837833467890,15:47:17.833,72.0300,100
56837833467890,15:47:17.833,72.0300,47
56847701487456,15:47:27.701,72.0600,5
56851280112569,15:47:31.280,72.0300,6
56852670248506,15:47:32.670,72.0300,100
56852670292960,15:47:32.670,72.0300,100
56853806615819,15:47:33.806,72.0200,100
56853806615819,15:47:33.806,72.0200,16
56854043057308,15:47:34.043,72.0200,100
56854043057308,15:47:34.043,72.0100,64
56854049193357,15:47:34.049,72.0100,6
56854049193357,15:47:34.049,72.0100,100
56861888908758,15:47:41.888,72.0000,8
56861889634974,15:47:41.889,72.0000,29
56861889634974,15:47:41.889,72.0000,71
56869096269031,15:47:49.096,72.0000,5
56895029216655,15:48:15.029,72.0400,100
56895029246865,15:48:15.029,72.0400,16
56895029246865,15:48:15.029,72.0400,200
56895032610334,15:48:15.032,72.0300,100
56895032610334,15:48:15.032,72.0300,100
56895544646526,15:48:15.544,72.0200,9
56960109889141,15:49:20.109,72.0200,100
56960110249868,15:49:20.110,72.0200,100
56960112093280,15:49:20.112,72.0200,54
56963320306262,15:49:23.320,72.0200,6
56969873762369,15:49:29.873,72.0200,140
56999970043372,15:49:59.970,72.0200,70
57000031600866,15:50:00.031,72.0200,100
57001040638727,15:50:01.040,72.0100,16
57001040638727,15:50:01.040,72.0100,10
57001040697797,15:50:01.040,72.0100,100
57002130481423,15:50:02.130,72.0000,6
57010605423661,15:50:10.605,72.0150,23
57010607836989,15:50:10.607,72.0100,100
57012188686343,15:50:12.188,72.0100,37
57013318388348,15:50:13.318,72.0000,18
57013318388348,15:50:13.318,72.0000,82
57013318602922,15:50:13.318,72.0000,18
57013318602922,15:50:13.318,72.0000,54
57013318602922,15:50:13.318,72.0000,28
57013319040837,15:50:13.319,72.0000,72
57013319040837,15:50:13.319,72.0000,28
57013322135786,15:50:13.322,72.0000,49
57013322203192,15:50:13.322,72.0000,23
57013322203192,15:50:13.322,72.0000,16
57013323069891,15:50:13.323,72.0000,24
57013323069891,15:50:13.323,72.0000,100
57013323069891,15:50:13.323,72.0000,10
57013323430017,15:50:13.323,72.0000,100
57013323430017,15:50:13.323,72.0000,24
57013323584372,15:50:13.323,72.0000,100
57013323969319,15:50:13.323,72.0000,16
57013325361275,15:50:13.325,72.0000,50
57020708890111,15:50:20.708,72.0000,100
57024656618762,15:50:24.656,71.9800,5
57030839820076,15:50:30.839,71.9700,54
57047708358793,15:50:47.708,71.9800,100
57047797559445,15:50:47.797,71.9900,95
57047798680269,15:50:47.798,71.9900,5
57047798680269,15:50:47.798,71.9900,100
57068327116597,15:51:08.327,72.0100,79
57068327791587,15:51:08.327,72.0100,21
57068327791587,15:51:08.327,72.0100,79
57068327804376,15:51:08.327,72.0100,21
57073934107180,15:51:13.934,72.0150,23
57082168598737,15:51:22.168,72.0000,100
57082168675308,15:51:22.168,72.0000,100
57082168756053,15:51:22.168,72.0000,100
57091917571375,15:51:31.917,71.9900,100
57091917571375,15:51:31.917,71.9900,51
57100706612377,15:51:40.706,72.0100,100
57114540961492,15:51:54.540,71.9900,100
57114540961492,15:51:54.540,71.9900,16
57114541701051,15:51:54.541,71.9900,100
57114541757133,15:51:54.541,71.9900,49
57114791919372,15:51:54.791,71.9900,100
57126546357768,15:52:06.546,71.9800,8
57132709943505,15:52:12.709,71.9800,108
57132709943505,15:52:12.709,71.9800,14
57132710533033,15:52:12.710,71.9800,97
57132710533033,15:52:12.710,71.9800,185
57132710545032,15:52:12.710,71.9800,15
57132710827761,15:52:12.710,71.9800,100
57132711526159,15:52:12.711,71.9800,12
57132711600221,15:52:12.711,71.9800,88
57135587434839,15:52:15.587,71.9700,100
57135587839773,15:52:15.587,71.9700,28
57135587874013,15:52:15.587,71.9700,50
57135587952330,15:52:15.587,71.9700,22
57135587952330,15:52:15.587,71.9700,78
57135588310097,15:52:15.588,71.9700,22
57135589370662,15:52:15.589,71.9700,100
57139800397460,15:52:19.800,71.9700,43
57139800653640,15:52:19.800,71.9700,54
57149995699421,15:52:29.995,71.9300,78
57149995730784,15:52:29.995,71.9300,22
57149995730784,15:52:29.995,71.9300,31
57149995918710,15:52:29.995,71.9300,50
57149995925533,15:52:29.995,71.9300,3
57157501313878,15:52:37.501,71.9100,90
57157501343799,15:52:37.501,71.9100,10
57157501917751,15:52:37.501,71.9000,16
57157501917751,15:52:37.501,71.9000,84
57162717792018,15:52:42.717,71.9000,16
57162717792018,15:52:42.717,71.9000,100
57162717792018,15:52:42.717,71.9000,19
57162720707936,15:52:42.720,71.9000,100
57175161407715,15:52:55.161,71.8900,96
57187114467263,15:53:07.114,71.8800,10
57187114467263,15:53:07.114,71.8800,2
57188217318640,15:53:08.217,71.9000,100
57188217318640,15:53:08.217,71.9000,100
57188217505722,15:53:08.217,71.9000,32
57188217726648,15:53:08.217,71.9100,100
57188217735317,15:53:08.217,71.9100,86
57188247447944,15:53:08.247,71.9100,14
57188247447944,15:53:08.247,71.9100,100
57199006153675,15:53:19.006,71.8900,100
57199006153675,15:53:19.006,71.8900,66
57199141486909,15:53:19.141,71.8900,100
57199287453559,15:53:19.287,71.8800,100
57225595962033,15:53:45.595,71.8700,100
57232191809828,15:53:52.191,71.8700,100
57232191874027,15:53:52.191,71.8700,100
57232191903762,15:53:52.191,71.8700,100
57237656619241,15:53:57.656,71.8700,5
57247143011051,15:54:07.143,71.8700,14
57247143391750,15:54:07.143,71.8700,17
57247147254224,15:54:07.147,71.8700,28
57247149700355,15:54:07.149,71.8700,36
57247149700355,15:54:07.149,71.8700,18
57247151371699,15:54:07.151,71.8700,1
57247152117572,15:54:07.152,71.8700,1
57247159004267,15:54:07.159,71.8700,80
57247159004267,15:54:07.159,71.8700,46
57250491429251,15:54:10.491,71.8700,21
57250507897052,15:54:10.507,71.8600,15
57250508123372,15:54:10.508,71.8600,8
57250508254617,15:54:10.508,71.8600,10
57250508850682,15:54:10.508,71.8600,3
57250511415874,15:54:10.511,71.8600,54
57250511455156,15:54:10.511,71.8600,10
57250753547588,15:54:10.753,71.8700,7
57250754054260,15:54:10.754,71.8700,32
57252427553634,15:54:12.427,71.8700,93
57270621258483,15:54:30.621,71.8900,30
57270621258483,15:54:30.621,71.8900,100
57270621348555,15:54:30.621,71.8900,12
57270713899128,15:54:30.713,71.9100,29
57270713899128,15:54:30.713,71.9200,71
57270718236320,15:54:30.718,71.9200,29
57273398075557,15:54:33.398,71.9100,100
57273949514217,15:54:33.949,71.9100,54
57273949514217,15:54:33.949,71.9100,10
57273953985175,15:54:33.953,71.9000,100
57273956868983,15:54:33.956,71.9000,100
57273966395455,15:54:33.966,71.9000,100
57273966402525,15:54:33.966,71.9000,36
57273966830966,15:54:33.966,71.9000,64
57277429871587,15:54:37.429,71.9200,100
57277429871587,15:54:37.429,71.9200,4
57280005509715,15:54:40.005,71.9400,44
57280005533789,15:54:40.005,71.9400,56
57280005533789,15:54:40.005,71.9400,52
57280005562289,15:54:40.005,71.9400,48
57283451389705,15:54:43.451,71.9200,100
57283451672149,15:54:43.451,71.9200,96
57283451672149,15:54:43.451,71.9200,30
57283451672149,15:54:43.451,71.9200,74
57283452112398,15:54:43.452,71.9200,24
57283452133958,15:54:43.452,71.9200,2
57283452633706,15:54:43.452,71.9200,100
57283464572844,15:54:43.464,71.9200,50
57300034089439,15:55:00.034,71.9200,29
57300034089439,15:55:00.034,71.9300,1
57300034244266,15:55:00.034,71.9300,29
57300279409690,15:55:00.279,71.9500,100
57311176553909,15:55:11.176,71.9900,100
57318885678878,15:55:18.885,72.0050,1
57318885678878,15:55:18.885,71.9900,24
57318885678878,15:55:18.885,71.9900,4
57318885700168,15:55:18.885,71.9900,64
57318885700168,15:55:18.885,71.9900,36
57319079107148,15:55:19.079,71.9900,64
57319079107148,15:55:19.079,71.9900,100
57319079107148,15:55:19.079,71.9900,91
57319079107148,15:55:19.079,71.9900,100
57344640070802,15:55:44.640,72.0000,10
57345154294854,15:55:45.154,72.0100,100
57345154337430,15:55:45.154,72.0100,100
57345155645482,15:55:45.155,72.0100,11
57348147370616,15:55:48.147,71.9900,100
57351420985999,15:55:51.420,71.9900,100
57351421034639,15:55:51.421,71.9900,46
57351421068069,15:55:51.421,71.9900,54
57351421068069,15:55:51.421,71.9900,1
57351421068069,15:55:51.421,71.9900,46
57351421109370,15:55:51.421,71.9900,1
57351422502585,15:55:51.422,71.9900,50
57351432870801,15:55:51.432,71.9900,50
57351533811684,15:55:51.533,71.9900,50
57351533839341,15:55:51.533,71.9900,100
57351534237713,15:55:51.534,71.9900,59
57352546410311,15:55:52.546,71.9900,34
57377112253457,15:56:17.112,72.0200,6
57377142829806,15:56:17.142,72.0300,21
57377142852800,15:56:17.142,72.0300,79
57377142852800,15:56:17.142,72.0300,13
57378026201114,15:56:18.026,72.0300,100
57378026232277,15:56:18.026,72.0300,3
57378026232277,15:56:18.026,72.0300,100
57379955436460,15:56:19.955,72.0300,56
57381240945513,15:56:21.240,72.0350,54
57381671376449,15:56:21.671,72.0350,17
57381672714782,15:56:21.672,72.0300,100
57381672714782,15:56:21.672,72.0300,22
57388022567134,15:56:28.022,72.0400,100
57388022567134,15:56:28.022,72.0400,100
57388022567134,15:56:28.022,72.0400,3
57412023509960,15:56:52.023,72.0600,100
57412023509960,15:56:52.023,72.0600,3
57412023509960,15:56:52.023,72.0600,5
57412023509960,15:56:52.023,72.0600,100
57416750920932,15:56:56.750,72.0500,54
57416823757964,15:56:56.823,72.0500,46
57416823757964,15:56:56.823,72.0500,75
57418252957307,15:56:58.252,72.0500,25
57418252957307,15:56:58.252,72.0500,75
57418253025494,15:56:58.253,72.0500,25
57418253025494,15:56:58.253,72.0500,75
57418253348911,15:56:58.253,72.0500,7
57418253760155,15:56:58.253,72.0500,18
57431383491840,15:57:11.383,72.0400,600
57431383491840,15:57:11.383,72.0400,100
57431383491840,15:57:11.383,72.0400,100
57431383491840,15:57:11.383,72.0400,200
57431383491840,15:57:11.383,72.0400,36
57431383558120,15:57:11.383,72.0400,100
57431386604006,15:57:11.386,72.0400,4
57431387033676,15:57:11.387,72.0400,96
57431389745173,15:57:11.389,72.0400,100
57431389745173,15:57:11.389,72.0400,23
57432024446264,15:57:12.024,72.0500,100
57432024446264,15:57:12.024,72.0500,100
57437971130191,15:57:17.971,72.0400,100
57437971130191,15:57:17.971,72.0400,100
57438598878264,15:57:18.598,72.0400,54
57438599337033,15:57:18.599,72.0400,10
57438599337033,15:57:18.599,72.0400,77
57440143934941,15:57:20.143,72.0300,100
57440143934941,15:57:20.143,72.0300,100
57440143934941,15:57:20.143,72.0300,43
57440145076907,15:57:20.145,72.0300,57
57440257431438,15:57:20.257,72.0300,100
57452133134027,15:57:32.133,72.0000,1
57452350821866,15:57:32.350,71.9900,100
57452573363090,15:57:32.573,71.9800,100
57452573363090,15:57:32.573,71.9800,100
57461026154113,15:57:41.026,71.9900,100
57461026154113,15:57:41.026,71.9900,100
57461026154113,15:57:41.026,71.9900,7
57461026154113,15:57:41.026,71.9900,100
57461026154113,15:57:41.026,71.9900,93
57466422202900,15:57:46.422,71.9800,12
57466551227456,15:57:46.551,71.9900,10
57466552223914,15:57:46.552,72.0000,80
57483428107142,15:58:03.428,72.0000,3
57483428107142,15:58:03.428,72.0000,200
57483428107142,15:58:03.428,72.0000,100
57483428107142,15:58:03.428,72.0000,5
57483428107142,15:58:03.428,72.0000,6
57483428107142,15:58:03.428,72.0000,100
57484308684345,15:58:04.308,72.0100,14
57485152520024,15:58:05.152,72.0200,100
57512511453955,15:58:32.511,72.0500,54
57516040373828,15:58:36.040,72.0500,46
57516040373828,15:58:36.040,72.0500,54
57516041367916,15:58:36.041,72.0500,46
57516041367916,15:58:36.041,72.0500,8
57516041409193,15:58:36.041,72.0500,9
57516041610746,15:58:36.041,72.0500,83
57516041610746,15:58:36.041,72.0500,100
57516041610746,15:58:36.041,72.0500,16
57524781281129,15:58:44.781,72.0600,1
57524781281129,15:58:44.781,72.0600,99
57524781308468,15:58:44.781,72.0600,1
57524781308468,15:58:44.781,72.0600,100
57524781308468,15:58:44.781,72.0600,100
57524781308468,15:58:44.781,72.0600,6
57524781308468,15:58:44.781,72.0600,100
57524781355242,15:58:44.781,72.0600,100
57524781384603,15:58:44.781,72.0600,10
57524781410935,15:58:44.781,72.0600,125
57524781505286,15:58:44.781,72.0600,100
57524782506914,15:58:44.782,72.0600,29
57524782506914,15:58:44.782,72.0600,30
57524782506914,15:58:44.782,72.0600,29
57524782582786,15:58:44.782,72.0600,100
57526663072540,15:58:46.663,72.0600,100
57526663072540,15:58:46.663,72.0600,24
57526663106585,15:58:46.663,72.0600,76
57526663114246,15:58:46.663,72.0600,76
57527653844455,15:58:47.653,72.0500,54
57533610430489,15:58:53.610,72.0500,46
57533610430489,15:58:53.610,72.0500,8
57533672045673,15:58:53.672,72.0500,54
57537099716203,15:58:57.099,72.0500,7
57537099716203,15:58:57.099,72.0500,40
57537720457175,15:58:57.720,72.0500,1
57542655617182,15:59:02.655,72.0600,100
57542655657757,15:59:02.655,72.0600,24
57543304002667,15:59:03.304,72.0600,13
57543624978478,15:59:03.624,72.0550,20
57544360695969,15:59:04.360,72.0600,15
57544360695969,15:59:04.360,72.0600,3
57544360695969,15:59:04.360,72.0600,98
57544360927791,15:59:04.360,72.0600,7
57544360927791,15:59:04.360,72.0600,43
57545492827982,15:59:05.492,72.0600,50
57548073340105,15:59:08.073,72.0600,7
57548073340105,15:59:08.073,72.0600,75
57553512297108,15:59:13.512,72.0600,25
57553512297108,15:59:13.512,72.0600,100
57553512297108,15:59:13.512,72.0600,100
57558710632697,15:59:18.710,72.0600,10
57559219548682,15:59:19.219,72.0500,4
57559219548682,15:59:19.219,72.0500,100
57559219548682,15:59:19.219,72.0500,79
57559219548682,15:59:19.219,72.0500,41
57559223939627,15:59:19.223,72.0500,95
57559223939627,15:59:19.223,72.0500,84
57565814970121,15:59:25.814,72.0350,7
57571189311081,15:59:31.189,72.0200,126
57571190532540,15:59:31.190,72.0200,74
57571190532540,15:59:31.190,72.0200,100
57571190532540,15:59:31.190,72.0200,9
57571190569861,15:59:31.190,72.0200,91
57571190569861,15:59:31.190,72.0200,10
57571190569861,15:59:31.190,72.0200,100
57571453618575,15:59:31.453,72.0000,100
57571453618575,15:59:31.453,72.0000,100
57580481319830,15:59:40.481,72.0000,100
57580481810111,15:59:40.481,72.0000,100
57580481810111,15:59:40.481,72.0000,100
57584641092669,15:59:44.641,72.0000,100
57584641092669,15:59:44.641,72.0000,100
57584641092669,15:59:44.641,72.0000,436
57584641729248,15:59:44.641,72.0000,100
57584641729248,15:59:44.641,72.0000,300
57584641787154,15:59:44.641,72.0000,100
57584642201338,15:59:44.642,72.0000,100
57584642221686,15:59:44.642,72.0000,200
57585763392627,15:59:45.763,72.0000,1
57589461571764,15:59:49.461,72.0000,99
57589461571764,15:59:49.461,72.0000,1
57589461639158,15:59:49.461,72.0000,99
57589462821542,15:59:49.462,72.0000,95
57590086907097,15:59:50.086,72.0000,5
57590086907097,15:59:50.086,72.0000,66
57590094709057,15:59:50.094,72.0100,4
57591147476462,15:59:51.147,72.0000,34
57591147476462,15:59:51.147,72.0000,100
57591147476462,15:59:51.147,72.0000,3207
57593618941567,15:59:53.618,72.0000,49
57594142412004,15:59:54.142,72.0000,6
57595118746475,15:59:55.118,72.0000,45
57595118746475,15:59:55.118,72.0000,100
57595118746475,15:59:55.118,72.0000,10
57595118746475,15:59:55.118,72.0000,200
57595118746475,15:59:55.118,72.0000,887
57595119324192,15:59:55.119,72.0000,100
57595119324192,15:59:55.119,72.0000,2000
57595798635125,15:59:55.798,72.0200,19
57595798635125,15:59:55.798,72.0200,100
57595798635125,15:59:55.798,72.0200,100
57598909476887,15:59:58.909,72.0500,10
57598909476887,15:59:58.909,72.0500,100
57599000770946,15:59:59.000,72.0500,100
57599013181919,15:59:59.013,72.0400,43
57599020947224,15:59:59.020,72.0400,9
57599402823798,15:59:59.402,72.0400,248
57600498214312,16:00:00.498,72.0600,18588
