timestamp,time,price,volume
14554139514154,04:02:34.139,8.4100,1000
16367584741415,04:32:47.584,8.4000,1000
19944670221290,05:32:24.670,8.4200,1000
19944670221290,05:32:24.670,8.4200,1000
20347124968634,05:39:07.124,8.4200,1000
20347124968634,05:39:07.124,8.4200,1000
20347124968634,05:39:07.124,8.4200,1000
21451783894581,05:57:31.783,8.4600,1000
21939958642267,06:05:39.958,8.4500,1000
21939958642267,06:05:39.958,8.4500,1000
21939958642267,06:05:39.958,8.4500,1000
23538330173221,06:32:18.330,8.4600,3000
24515498155010,06:48:35.498,8.4700,1000
26100725873174,07:15:00.725,8.4900,1000
26100725873174,07:15:00.725,8.4900,1000
26100725873174,07:15:00.725,8.4900,1000
28874611025183,08:01:14.611,8.4900,200
28874611025183,08:01:14.611,8.4900,1000
28874611025183,08:01:14.611,8.4900,1000
28890088810626,08:01:30.088,8.4900,1000
28890088810626,08:01:30.088,8.4900,1000
28890088810626,08:01:30.088,8.4900,1000
28890093381025,08:01:30.093,8.4900,1000
29980621474789,08:19:40.621,8.4900,1000
30967414651962,08:36:07.414,8.4800,1000
33526381538643,09:18:46.381,8.4600,1000
33856563609531,09:24:16.563,8.4600,1000
33899291244036,09:24:59.291,8.4600,1000
33899291244036,09:24:59.291,8.4600,100
33899291244036,09:24:59.291,8.4600,1000
33899291244036,09:24:59.291,8.4600,1000
34200370492450,09:30:00.370,0.0000,0
34215854831932,09:30:15.854,8.4600,100
34215856502653,09:30:15.856,8.4600,100
34215857942776,09:30:15.857,8.4600,100
34215858904629,09:30:15.858,8.4600,100
34452776942676,09:34:12.776,8.4400,1000
34452776942676,09:34:12.776,8.4400,14
34452776942676,09:34:12.776,8.4400,1000
34452776942676,09:34:12.776,8.4400,1000
34453965958029,09:34:13.965,8.4400,500
34454142894540,09:34:14.142,8.4400,100
34455819165261,09:34:15.819,8.4400,300
34458151309942,09:34:18.151,8.4400,468
34458162079000,09:34:18.162,8.4400,100
34483993557920,09:34:43.993,8.4500,1000
34483993557920,09:34:43.993,8.4500,1000
34486378231022,09:34:46.378,8.4500,1275
34487385233087,09:34:47.385,8.4500,1300
34521339431931,09:35:21.339,8.4500,1300
34521339431931,09:35:21.339,8.4500,100
34609153250303,09:36:49.153,8.4500,426
34609153250303,09:36:49.153,8.4500,74
34609153280017,09:36:49.153,8.4500,375
34611144987812,09:36:51.144,8.4500,92
34644522313831,09:37:24.522,8.4500,100
34644522403661,09:37:24.522,8.4500,780
34644522426065,09:37:24.522,8.4500,614
34644522690291,09:37:24.522,8.4500,106
34704518138357,09:38:24.518,8.4600,90
34704518160494,09:38:24.518,8.4600,10
34872688177163,09:41:12.688,8.4600,500
34872710859087,09:41:12.710,8.4600,2
34872891676474,09:41:12.891,8.4600,1198
34872891676474,09:41:12.891,8.4600,376
34872914998129,09:41:12.914,8.4600,17
34877574217569,09:41:17.574,8.4600,400
34877574217569,09:41:17.574,8.4600,104
34879976209787,09:41:19.976,8.4600,2496
34879976209787,09:41:19.976,8.4600,1000
34879976209787,09:41:19.976,8.4600,100
34883496782082,09:41:23.496,8.4600,577
34885595368444,09:41:25.595,8.4600,1600
34885876479661,09:41:25.876,8.4600,400
35199705584565,09:46:39.705,8.4600,6
35370680116759,09:49:30.680,8.4600,326
35370681412404,09:49:30.681,8.4600,68
35370681412404,09:49:30.681,8.4600,1474
35370681671219,09:49:30.681,8.4600,23
35370681974006,09:49:30.681,8.4600,191
35370681974006,09:49:30.681,8.4600,1
35370681974006,09:49:30.681,8.4600,100
35382434019625,09:49:42.434,8.4600,400
35382434019625,09:49:42.434,8.4600,3000
35382434019625,09:49:42.434,8.4600,100
35382434019625,09:49:42.434,8.4600,100
35382434400445,09:49:42.434,8.4600,26
35382443675664,09:49:42.443,8.4600,1
35419760144236,09:50:19.760,8.4600,7
35475900313933,09:51:15.900,8.4600,1
35684743373525,09:54:44.743,8.4600,1
35762086266042,09:56:02.086,8.4550,1
35862641850465,09:57:42.641,8.4600,8
35952218173432,09:59:12.218,8.4500,400
35952218173432,09:59:12.218,8.4500,1200
35953045571604,09:59:13.045,8.4500,400
35953045571604,09:59:13.045,8.4500,2400
35955127503655,09:59:15.127,8.4500,200
35955127579372,09:59:15.127,8.4500,134
35955127662573,09:59:15.127,8.4500,100
35955127696043,09:59:15.127,8.4500,436
35955127734005,09:59:15.127,8.4500,67
35955127795411,09:59:15.127,8.4500,414
35955127821283,09:59:15.127,8.4500,857
35955138042464,09:59:15.138,8.4500,1092
35955138042464,09:59:15.138,8.4500,8
35970036707856,09:59:30.036,8.4500,92
35974330292139,09:59:34.330,8.4500,100
35974330292139,09:59:34.330,8.4500,300
35986688549074,09:59:46.688,8.4500,1873
35992400154282,09:59:52.400,8.4500,927
35992400154282,09:59:52.400,8.4500,573
35995175323314,09:59:55.175,8.4500,20
35995175391168,09:59:55.175,8.4500,13
35995175452683,09:59:55.175,8.4500,9
35995175511621,09:59:55.175,8.4500,6
35995175570415,09:59:55.175,8.4500,4
35995175628666,09:59:55.175,8.4500,2
35995175686708,09:59:55.175,8.4500,2
35995175744892,09:59:55.175,8.4500,1
35995175804172,09:59:55.175,8.4500,1
36337388386121,10:05:37.388,8.4500,1043
36337644607407,10:05:37.644,8.4500,1957
36337644607407,10:05:37.644,8.4500,458
36337644607407,10:05:37.644,8.4500,200
36337644607407,10:05:37.644,8.4500,200
36337644607407,10:05:37.644,8.4500,500
36337644607407,10:05:37.644,8.4500,200
36337644607407,10:05:37.644,8.4500,300
36353275248070,10:05:53.275,8.4500,3100
36353275248070,10:05:53.275,8.4500,955
36353276122306,10:05:53.276,8.4500,45
36353276122306,10:05:53.276,8.4500,200
36353276122306,10:05:53.276,8.4500,1000
36353276122306,10:05:53.276,8.4500,1000
36353277890898,10:05:53.277,8.4500,100
36353277890898,10:05:53.277,8.4500,100
36353277890898,10:05:53.277,8.4500,3100
36353277890898,10:05:53.277,8.4500,300
36353277919253,10:05:53.277,8.4500,200
36353277927359,10:05:53.277,8.4500,500
36379216562555,10:06:19.216,8.4500,600
36379216562555,10:06:19.216,8.4500,400
36379216562555,10:06:19.216,8.4500,600
36471607062423,10:07:51.607,8.4450,100
36574128549606,10:09:34.128,8.4500,9
36574128549606,10:09:34.128,8.4500,191
36574130025419,10:09:34.130,8.4500,640
36574130053114,10:09:34.130,8.4500,1189
36574131197512,10:09:34.131,8.4500,480
36574131197512,10:09:34.131,8.4500,1000
36574131197512,10:09:34.131,8.4500,208
36574131197512,10:09:34.131,8.4500,1000
36574131197512,10:09:34.131,8.4500,200
36618715881262,10:10:18.715,8.4500,600
36618716398710,10:10:18.716,8.4500,2600
36676444317212,10:11:16.444,8.4500,1
36684433825886,10:11:24.433,8.4500,3
36708711236602,10:11:48.711,8.4500,3100
36708711236602,10:11:48.711,8.4500,400
36708711236602,10:11:48.711,8.4500,100
36708932739647,10:11:48.932,8.4600,23
36712057190409,10:11:52.057,8.4550,100
36712144993964,10:11:52.144,8.4550,100
36713610998742,10:11:53.610,8.4550,100
36714762000297,10:11:54.762,8.4550,100
36739925015246,10:12:19.925,8.4500,600
36739925015246,10:12:19.925,8.4500,400
36739925015246,10:12:19.925,8.4500,2219
36739925909727,10:12:19.925,8.4500,881
36739925909727,10:12:19.925,8.4500,100
36739925909727,10:12:19.925,8.4500,100
36739925909727,10:12:19.925,8.4500,1000
36739925909727,10:12:19.925,8.4500,1000
36739925909727,10:12:19.925,8.4500,1000
36739967542151,10:12:19.967,8.4500,23
36739998936977,10:12:19.998,8.4500,100
36740025091393,10:12:20.025,8.4500,1
36802820002373,10:13:22.820,8.4500,100
36802820378788,10:13:22.820,8.4500,90
36802823415579,10:13:22.823,8.4500,100
36802823968999,10:13:22.823,8.4500,100
36902828358929,10:15:02.828,8.4500,1
36903443320508,10:15:03.443,8.4500,4
36982702445253,10:16:22.702,8.4400,100
36982707668999,10:16:22.707,8.4400,100
37051268785888,10:17:31.268,8.4400,100
37051273437073,10:17:31.273,8.4400,100
37239544377854,10:20:39.544,8.4500,1500
37239544413247,10:20:39.544,8.4500,1700
37239576446995,10:20:39.576,8.4550,17
37270777109481,10:21:10.777,8.4500,250
37270777183994,10:21:10.777,8.4500,150
37314201974088,10:21:54.201,8.4500,100
37314202458706,10:21:54.202,8.4500,841
37314203886683,10:21:54.203,8.4500,200
37314205555235,10:21:54.205,8.4500,100
37314207448417,10:21:54.207,8.4500,100
37324300053027,10:22:04.300,8.4500,80
37373229755260,10:22:53.229,8.4500,100
37373229785442,10:22:53.229,8.4500,1679
37373229785442,10:22:53.229,8.4500,1000
37373229785442,10:22:53.229,8.4500,400
37373229785442,10:22:53.229,8.4500,100
37471620187728,10:24:31.620,8.4500,500
37471621844221,10:24:31.621,8.4500,14
37472876044793,10:24:32.876,8.4500,86
37472876044793,10:24:32.876,8.4500,400
37472876044793,10:24:32.876,8.4500,1114
37472876807820,10:24:32.876,8.4500,2086
37472876807820,10:24:32.876,8.4500,100
37472876807820,10:24:32.876,8.4500,300
37472876807820,10:24:32.876,8.4500,14
37472876845019,10:24:32.876,8.4500,286
37472876845019,10:24:32.876,8.4500,200
37472876845019,10:24:32.876,8.4500,100
37472876845019,10:24:32.876,8.4500,100
37472876845019,10:24:32.876,8.4500,100
37472876845019,10:24:32.876,8.4500,1414
37472876914657,10:24:32.876,8.4500,300
37472876914657,10:24:32.876,8.4500,100
37472876914657,10:24:32.876,8.4500,2100
37472877389586,10:24:32.877,8.4500,786
37472877669372,10:24:32.877,8.4500,314
37472877669372,10:24:32.877,8.4500,286
37472877716553,10:24:32.877,8.4500,14
37472878327006,10:24:32.878,8.4500,86
37472878327006,10:24:32.878,8.4500,300
37566131347475,10:26:06.131,8.4500,750
37566131509271,10:26:06.131,8.4500,100
37566131583324,10:26:06.131,8.4500,2350
37566131583324,10:26:06.131,8.4500,214
37684647769699,10:28:04.647,8.4400,800
37684647769699,10:28:04.647,8.4400,400
37684647769699,10:28:04.647,8.4400,374
37684648144658,10:28:04.648,8.4400,70
37684649510135,10:28:04.649,8.4400,56
37684649510135,10:28:04.649,8.4400,200
37790328552097,10:29:50.328,8.4350,1
37807357158983,10:30:07.357,8.4300,100
37807357158983,10:30:07.357,8.4300,200
37807357158983,10:30:07.357,8.4300,700
37807357396848,10:30:07.357,8.4300,300
37807357396848,10:30:07.357,8.4300,239
37807357534960,10:30:07.357,8.4300,25
37869236212923,10:31:09.236,8.4300,536
37869236212923,10:31:09.236,8.4300,100
37869236212923,10:31:09.236,8.4300,400
37869869955449,10:31:09.869,8.4250,500
37869881425206,10:31:09.881,8.4300,5
38381087256307,10:39:41.087,8.4300,400
38381087286568,10:39:41.087,8.4300,1000
38381093747286,10:39:41.093,8.4300,46
38381111723380,10:39:41.111,8.4300,700
38401104910750,10:40:01.104,8.4300,2454
38401104910750,10:40:01.104,8.4300,40
38401104910750,10:40:01.104,8.4300,200
38535962028114,10:42:15.962,8.4350,200
38611022704699,10:43:31.022,8.4400,3500
38611022704699,10:43:31.022,8.4400,100
38611022704699,10:43:31.022,8.4400,100
38611022704699,10:43:31.022,8.4400,100
38611022704699,10:43:31.022,8.4400,100
38657401716017,10:44:17.401,8.4500,400
38657401716017,10:44:17.401,8.4500,600
38657401716017,10:44:17.401,8.4500,100
38657401716017,10:44:17.401,8.4500,200
38838990709387,10:47:18.990,8.4500,300
39188312740932,10:53:08.312,8.4400,100
39320397941483,10:55:20.397,8.4400,3302
39320397953721,10:55:20.397,8.4400,300
39320397961600,10:55:20.397,8.4400,398
39320397961600,10:55:20.397,8.4400,40
39467599982723,10:57:47.599,8.4400,400
39467599982723,10:57:47.599,8.4400,600
39467670630485,10:57:47.670,8.4350,300
39487614376495,10:58:07.614,8.4400,200
39487614403296,10:58:07.614,8.4400,149
39487614434414,10:58:07.614,8.4400,100
39487614445902,10:58:07.614,8.4400,100
39608839194009,11:00:08.839,8.4400,100
39608839194009,11:00:08.839,8.4400,100
39938706689321,11:05:38.706,8.4500,300
39967044772745,11:06:07.044,8.4450,100
39967044772745,11:06:07.044,8.4450,111
40086266823219,11:08:06.266,8.4400,100
40286100920385,11:11:26.100,8.4450,100
40399264110481,11:13:19.264,8.4500,10
40399264139419,11:13:19.264,8.4500,1590
40399264139419,11:13:19.264,8.4500,400
40399264139419,11:13:19.264,8.4500,1000
40399264139419,11:13:19.264,8.4500,1037
40399264139419,11:13:19.264,8.4500,100
40399264139419,11:13:19.264,8.4500,200
40399277567172,11:13:19.277,8.4500,20
40404531526073,11:13:24.531,8.4500,100
40404531526073,11:13:24.531,8.4500,3300
40404555440654,11:13:24.555,8.4550,32
40405526006689,11:13:25.526,8.4550,200
40415206715582,11:13:35.206,8.4550,300
40415206715582,11:13:35.206,8.4550,100
40415206715582,11:13:35.206,8.4550,108
40448886490148,11:14:08.886,8.4500,600
40448886490148,11:14:08.886,8.4500,400
40448886490148,11:14:08.886,8.4500,2642
40448886525564,11:14:08.886,8.4500,300
40583714792236,11:16:23.714,8.4550,150
40583714792236,11:16:23.714,8.4550,450
40738275794997,11:18:58.275,8.4500,1558
40738275794997,11:18:58.275,8.4500,100
40738275794997,11:18:58.275,8.4500,400
40738275794997,11:18:58.275,8.4500,300
40738275794997,11:18:58.275,8.4500,600
40738275794997,11:18:58.275,8.4500,400
40738275794997,11:18:58.275,8.4500,28
40738275880606,11:18:58.275,8.4500,72
40738275880606,11:18:58.275,8.4500,100
40738275880606,11:18:58.275,8.4500,128
40738276180221,11:18:58.276,8.4500,172
40738276180221,11:18:58.276,8.4500,100
40738276180221,11:18:58.276,8.4500,100
40741094329683,11:19:01.094,8.4500,1200
40996907801562,11:23:16.907,8.4400,17
41019869836540,11:23:39.869,8.4400,54
41020052637528,11:23:40.052,8.4400,100
41170872680226,11:26:10.872,8.4400,2000
41170872912556,11:26:10.872,8.4400,1729
41170872912556,11:26:10.872,8.4400,300
41170872912556,11:26:10.872,8.4400,200
41232939963532,11:27:12.939,8.4400,100
41232939963532,11:27:12.939,8.4400,40
41232939963532,11:27:12.939,8.4400,200
41379274027651,11:29:39.274,8.4500,300
41403598061097,11:30:03.598,8.4500,3900
41403598093978,11:30:03.598,8.4500,200
41511096558373,11:31:51.096,8.4500,400
41511096558373,11:31:51.096,8.4500,600
41511096558373,11:31:51.096,8.4500,1800
41541998310245,11:32:21.998,8.4500,2700
41541998578261,11:32:21.998,8.4500,200
41541998578261,11:32:21.998,8.4500,1000
41591066910179,11:33:11.066,8.4500,100
41591066984725,11:33:11.066,8.4500,40
41612191579225,11:33:32.191,8.4500,400
41612191579225,11:33:32.191,8.4500,1000
41612191579225,11:33:32.191,8.4500,1300
41613925150724,11:33:33.925,8.4500,2800
41613925704700,11:33:33.925,8.4500,500
41613925704700,11:33:33.925,8.4500,100
41613926404013,11:33:33.926,8.4500,100
41625904955902,11:33:45.904,8.4450,100
41683684265888,11:34:43.684,8.4500,400
41683685237580,11:34:43.685,8.4500,400
41683685463698,11:34:43.685,8.4500,3800
41683685520706,11:34:43.685,8.4500,100
41683703845183,11:34:43.703,8.4600,23
41709861880461,11:35:09.861,8.4600,2100
41709862566696,11:35:09.862,8.4600,844
41931645785574,11:38:51.645,8.4600,400
41931645785574,11:38:51.645,8.4600,4500
41931645785574,11:38:51.645,8.4600,100
41931656232310,11:38:51.656,8.4600,22
42421793782751,11:47:01.793,8.4600,1
42528014787364,11:48:48.014,8.4600,1
42654023575813,11:50:54.023,8.4600,3
42923471364223,11:55:23.471,8.4600,9
43149910013270,11:59:09.910,8.4600,1
43189092813138,11:59:49.092,8.4600,2
43420230902751,12:03:40.230,8.4600,383
43420230902751,12:03:40.230,8.4600,417
43420230980733,12:03:40.230,8.4600,2614
43455257321410,12:04:15.257,8.4700,100
43455257321410,12:04:15.257,8.4700,100
43596468253091,12:06:36.468,8.4650,100
43800137728921,12:10:00.137,8.4700,10
43800527406863,12:10:00.527,8.4700,39
43871749448883,12:11:11.749,8.4600,100
43871749448883,12:11:11.749,8.4600,183
43871749448883,12:11:11.749,8.4600,17
43871749927107,12:11:11.749,8.4600,16
44206398715991,12:16:46.398,8.4600,400
44206398715991,12:16:46.398,8.4600,100
44206403190281,12:16:46.403,8.4600,33
44213986832883,12:16:53.986,8.4600,3267
44213986865402,12:16:53.986,8.4600,300
44213986912753,12:16:53.986,8.4600,100
44284249651218,12:18:04.249,8.4600,1200
44284249691324,12:18:04.249,8.4600,1900
44284249691324,12:18:04.249,8.4600,100
44871049496244,12:27:51.049,8.4500,100
44952661522402,12:29:12.661,8.4500,1
44953142534091,12:29:13.142,8.4500,100
44953142926699,12:29:13.142,8.4500,300
44988580844231,12:29:48.580,8.4500,100
44988581222696,12:29:48.581,8.4500,5
44991265553690,12:29:51.265,8.4500,100
44991265937689,12:29:51.265,8.4500,3
45003994213491,12:30:03.994,8.4500,100
45012255756873,12:30:12.255,8.4500,1
45056255206980,12:30:56.255,8.4500,100
45065153845294,12:31:05.153,8.4500,100
45065154230071,12:31:05.154,8.4500,20
45065154254686,12:31:05.154,8.4500,2372
45122611515038,12:32:02.611,8.4450,100
45175885533598,12:32:55.885,8.4400,100
45310751872525,12:35:10.751,8.4400,100
45311019971969,12:35:11.019,8.4400,500
45311019971969,12:35:11.019,8.4400,400
45311019971969,12:35:11.019,8.4400,800
45557970919890,12:39:17.970,8.4400,600
45557970919890,12:39:17.970,8.4400,400
45569173986541,12:39:29.173,8.4400,300
45703900709239,12:41:43.900,8.4400,200
45703900805943,12:41:43.900,8.4400,20
45703906478261,12:41:43.906,8.4400,300
45703906737848,12:41:43.906,8.4400,2480
45703906737848,12:41:43.906,8.4400,100
45703906737848,12:41:43.906,8.4400,92
46432669850447,12:53:52.669,8.4400,400
46432669850447,12:53:52.669,8.4400,100
47116768453261,13:05:16.768,8.4400,600
47116768453261,13:05:16.768,8.4400,61
47116768570699,13:05:16.768,8.4400,300
47117632802696,13:05:17.632,8.4400,100
47117632802696,13:05:17.632,8.4400,100
47117632802696,13:05:17.632,8.4400,70
47117632802696,13:05:17.632,8.4400,100
47117632802696,13:05:17.632,8.4400,100
47117632802696,13:05:17.632,8.4400,40
47117632802696,13:05:17.632,8.4400,100
47117632802696,13:05:17.632,8.4400,84
47117635031457,13:05:17.635,8.4400,100
47117635031457,13:05:17.635,8.4400,2406
47117684196136,13:05:17.684,8.4400,100
47117684477720,13:05:17.684,8.4400,594
47117684477720,13:05:17.684,8.4400,6
47117684868317,13:05:17.684,8.4400,94
47117684868317,13:05:17.684,8.4400,100
47117684868317,13:05:17.684,8.4400,500
47117684925691,13:05:17.684,8.4400,600
48040113974385,13:20:40.113,8.4400,400
48040113974385,13:20:40.113,8.4400,3000
48040113974385,13:20:40.113,8.4400,100
48040193531523,13:20:40.193,8.4400,100
49455257260496,13:44:15.257,8.4350,100
50272297512790,13:57:52.297,8.4400,100
50272297512790,13:57:52.297,8.4400,40
50272297512790,13:57:52.297,8.4400,71
50272297512790,13:57:52.297,8.4400,13
50272297512790,13:57:52.297,8.4400,100
50319107126807,13:58:39.107,8.4400,150
50404080750225,14:00:04.080,8.4500,8
50407750962733,14:00:07.750,8.4500,100
50407750962733,14:00:07.750,8.4500,82
50407751696380,14:00:07.751,8.4600,200
50407751696380,14:00:07.751,8.4600,200
50407795642318,14:00:07.795,8.4600,50
50407795642318,14:00:07.795,8.4600,950
50413014860810,14:00:13.014,8.4700,200
50423490787205,14:00:23.490,8.4700,200
50423491796990,14:00:23.491,8.4700,100
50423491796990,14:00:23.491,8.4700,100
50424045494534,14:00:24.045,8.4700,100
50424045494534,14:00:24.045,8.4700,100
50451664884540,14:00:51.664,8.4800,1700
50466801059702,14:01:06.801,8.4800,978
50466801059702,14:01:06.801,8.4800,14
50472020836406,14:01:12.020,8.4700,200
50472020929785,14:01:12.020,8.4700,1
50472094118587,14:01:12.094,8.4800,200
50472094118587,14:01:12.094,8.4800,300
50477177407076,14:01:17.177,8.4700,200
50479225792616,14:01:19.225,8.4700,200
50479225792616,14:01:19.225,8.4700,200
50479225792616,14:01:19.225,8.4700,200
50480274473640,14:01:20.274,8.4700,200
50489600367273,14:01:29.600,8.4700,200
50489600367273,14:01:29.600,8.4700,200
50489600367273,14:01:29.600,8.4700,100
50495756905970,14:01:35.756,8.4700,2900
50497643255176,14:01:37.643,8.4650,400
50499442872601,14:01:39.442,8.4650,400
50500444093599,14:01:40.444,8.4650,400
50500876136576,14:01:40.876,8.4700,200
50502128447890,14:01:42.128,8.4700,200
50502128447890,14:01:42.128,8.4700,200
50502138556878,14:01:42.138,8.4800,200
50502138556878,14:01:42.138,8.4800,200
50508624222264,14:01:48.624,8.4700,500
50513724204718,14:01:53.724,8.4700,200
50513724204718,14:01:53.724,8.4700,200
50532761128605,14:02:12.761,8.4600,134
50532761248766,14:02:12.761,8.4600,66
50532761792963,14:02:12.761,8.4600,44
50532762087265,14:02:12.762,8.4600,52
50532762160291,14:02:12.762,8.4600,4
50532762160291,14:02:12.762,8.4600,31
50532762237508,14:02:12.762,8.4600,23
50532762275780,14:02:12.762,8.4600,46
50535685330292,14:02:15.685,8.4600,16
50535686029466,14:02:15.686,8.4600,10
50536457250852,14:02:16.457,8.4600,7
50536457329077,14:02:16.457,8.4600,5
50536457414112,14:02:16.457,8.4600,3
50536457479278,14:02:16.457,8.4600,2
50536457540481,14:02:16.457,8.4600,1
50536457602090,14:02:16.457,8.4600,1
50536457665665,14:02:16.457,8.4600,1
50546624713344,14:02:26.624,8.4600,200
50546624713344,14:02:26.624,8.4600,200
50546626254172,14:02:26.626,8.4600,100
50546626254172,14:02:26.626,8.4600,100
50546657700985,14:02:26.657,8.4600,100
50546696730037,14:02:26.696,8.4600,100
50546727795345,14:02:26.727,8.4600,100
50546727795345,14:02:26.727,8.4600,100
50546764099363,14:02:26.764,8.4600,100
50546795313017,14:02:26.795,8.4600,100
50546795313017,14:02:26.795,8.4600,100
50546832728167,14:02:26.832,8.4600,100
50546863976472,14:02:26.863,8.4600,100
50546863976472,14:02:26.863,8.4600,100
50546910042362,14:02:26.910,8.4600,100
50546941834628,14:02:26.941,8.4600,100
50546941834628,14:02:26.941,8.4600,100
50546980281320,14:02:26.980,8.4600,100
50547011516899,14:02:27.011,8.4600,100
50547011516899,14:02:27.011,8.4600,100
50547051670185,14:02:27.051,8.4600,100
50547082861138,14:02:27.082,8.4600,100
50548704731938,14:02:28.704,8.4600,100
50548805382093,14:02:28.805,8.4600,100
50548836838907,14:02:28.836,8.4600,100
50548868905366,14:02:28.868,8.4600,100
50548905934501,14:02:28.905,8.4600,100
50548905934501,14:02:28.905,8.4600,100
50548938340530,14:02:28.938,8.4600,100
50548969986799,14:02:28.969,8.4600,100
50549020660670,14:02:29.020,8.4600,100
50549053105311,14:02:29.053,8.4600,100
50549154893834,14:02:29.154,8.4600,5
50563235181583,14:02:43.235,8.4600,3
50563319891397,14:02:43.319,8.4600,1
50563319956528,14:02:43.319,8.4600,1
50563320020886,14:02:43.320,8.4600,1
50577856714131,14:02:57.856,8.4600,200
50577856714131,14:02:57.856,8.4600,100
50589549266923,14:03:09.549,8.4700,167
50589549269642,14:03:09.549,8.4700,33
50589549269642,14:03:09.549,8.4700,67
50589549346232,14:03:09.549,8.4700,111
50589549413741,14:03:09.549,8.4700,74
50589549478246,14:03:09.549,8.4700,50
50589549540713,14:03:09.549,8.4700,34
50589549602285,14:03:09.549,8.4700,22
50590251959863,14:03:10.251,8.4700,200
50590251959863,14:03:10.251,8.4700,900
50601194098116,14:03:21.194,8.4700,200
50601194700489,14:03:21.194,8.4700,700
50632043074746,14:03:52.043,8.4800,78
50643932506241,14:04:03.932,8.4900,100
50649757187804,14:04:09.757,8.4900,100
50665340507824,14:04:25.340,8.5000,200
50665340507824,14:04:25.340,8.5000,200
50666670203225,14:04:26.670,8.5000,300
50666672311702,14:04:26.672,8.5100,200
50666672553079,14:04:26.672,8.5100,500
50669384781158,14:04:29.384,8.5000,112
50669385956114,14:04:29.385,8.5000,200
50669385956114,14:04:29.385,8.5000,100
50679105130036,14:04:39.105,8.5000,324
50686047998136,14:04:46.047,8.5000,164
50686047998136,14:04:46.047,8.5000,200
50700831205466,14:05:00.831,8.5000,16
50736023299301,14:05:36.023,8.4900,100
50737053938584,14:05:37.053,8.4900,100
50740916081494,14:05:40.916,8.4900,223
50741052240674,14:05:41.052,8.4900,200
50741052240674,14:05:41.052,8.4900,200
50745167338417,14:05:45.167,8.4900,100
50746181493205,14:05:46.181,8.4900,100
50749924114218,14:05:49.924,8.5000,500
50759269090961,14:05:59.269,8.4900,200
50759269093662,14:05:59.269,8.4900,100
50759271594240,14:05:59.271,8.4900,100
50759273819182,14:05:59.273,8.4900,100
50759273819182,14:05:59.273,8.4900,100
50759273819182,14:05:59.273,8.4900,200
50759273819182,14:05:59.273,8.4900,800
50759275068674,14:05:59.275,8.4900,200
50759276111088,14:05:59.276,8.4900,200
50759277142935,14:05:59.277,8.4900,100
51034310990110,14:10:34.310,8.4900,900
51034310990110,14:10:34.310,8.4900,800
51034310990110,14:10:34.310,8.4900,100
51034310990110,14:10:34.310,8.4900,100
51034310990110,14:10:34.310,8.4900,200
51067604270108,14:11:07.604,8.4900,1960
51067604298631,14:11:07.604,8.4900,140
51067604298631,14:11:07.604,8.4900,40
51067820285491,14:11:07.820,8.5000,1642
51067821332495,14:11:07.821,8.5000,200
51107998757983,14:11:47.998,8.5000,15
51107998757983,14:11:47.998,8.5000,100
51107998757983,14:11:47.998,8.5000,83
51107999892298,14:11:47.999,8.5000,500
51430262309105,14:17:10.262,8.5000,4
51435918064656,14:17:15.918,8.5000,1400
51435918871148,14:17:15.918,8.5000,100
51491007842128,14:18:11.007,8.5050,400
51676816352008,14:21:16.816,8.5100,100
51676816352008,14:21:16.816,8.5100,202
51676816378398,14:21:16.816,8.5100,198
51676816378398,14:21:16.816,8.5100,300
51676816378398,14:21:16.816,8.5100,100
51676816378398,14:21:16.816,8.5100,90
51676816381347,14:21:16.816,8.5100,10
51676816381347,14:21:16.816,8.5100,100
51676816381347,14:21:16.816,8.5100,100
51676816381347,14:21:16.816,8.5100,17
51676816381347,14:21:16.816,8.5100,500
51676818144170,14:21:16.818,8.5100,500
51896901579968,14:24:56.901,8.5150,600
51955215274165,14:25:55.215,8.5150,100
51955215274165,14:25:55.215,8.5150,500
51955215274165,14:25:55.215,8.5200,100
51955215274165,14:25:55.215,8.5200,100
51955215274165,14:25:55.215,8.5200,72
51955215274165,14:25:55.215,8.5200,100
51955215274165,14:25:55.215,8.5200,800
51955215274165,14:25:55.215,8.5200,828
51955223112926,14:25:55.223,8.5200,1272
51955223112926,14:25:55.223,8.5200,3700
51955223112926,14:25:55.223,8.5200,128
51955223411942,14:25:55.223,8.5200,200
51955231553721,14:25:55.231,8.5200,1160
51957705156464,14:25:57.705,8.5200,940
51957728250220,14:25:57.728,8.5300,1
52061715702959,14:27:41.715,8.5200,2100
52061715702959,14:27:41.715,8.5200,3700
52061715702959,14:27:41.715,8.5200,200
52061715702959,14:27:41.715,8.5200,200
52092863502756,14:28:12.863,8.5100,134
52092863589273,14:28:12.863,8.5100,66
52105086351190,14:28:25.086,8.5100,800
52105086351190,14:28:25.086,8.5100,600
52105086351190,14:28:25.086,8.5100,200
52122595899046,14:28:42.595,8.5100,34
52122595977749,14:28:42.595,8.5100,22
52122596040522,14:28:42.596,8.5100,15
52122596102644,14:28:42.596,8.5100,10
52122596165184,14:28:42.596,8.5100,7
52122596227909,14:28:42.596,8.5100,4
52122596291887,14:28:42.596,8.5100,3
52122596353453,14:28:42.596,8.5100,2
52122596412312,14:28:42.596,8.5100,1
52122596472800,14:28:42.596,8.5100,1
52122596534882,14:28:42.596,8.5100,1
52154783561946,14:29:14.783,8.5100,134
52470183034555,14:34:30.183,8.5100,600
52470183034555,14:34:30.183,8.5100,2200
52470183034555,14:34:30.183,8.5100,800
52470183034555,14:34:30.183,8.5100,100
52470183034555,14:34:30.183,8.5100,100
52496841041558,14:34:56.841,8.5200,72
52566295981194,14:36:06.295,8.5200,100
52566295981194,14:36:06.295,8.5200,200
52628249040131,14:37:08.249,8.5100,100
52628249142869,14:37:08.249,8.5100,67
52676832423835,14:37:56.832,8.5200,600
52676832423835,14:37:56.832,8.5200,749
52676832526613,14:37:56.832,8.5200,2300
52702951385827,14:38:22.951,8.5300,100
52709738483718,14:38:29.738,8.5300,200
52739562932591,14:38:59.562,8.5300,100
52778610752590,14:39:38.610,8.5300,2000
52778610779117,14:39:38.610,8.5300,400
52778610779117,14:39:38.610,8.5300,1
52778610779117,14:39:38.610,8.5300,23
52778610779117,14:39:38.610,8.5300,100
52944426579579,14:42:24.426,8.5300,800
52944426579579,14:42:24.426,8.5300,266
52944426724526,14:42:24.426,8.5300,500
52973590845853,14:42:53.590,8.5300,11
52973590845853,14:42:53.590,8.5300,100
52986898712552,14:43:06.898,8.5300,600
52997835077810,14:43:17.835,8.5200,800
52997835077810,14:43:17.835,8.5200,600
52997835077810,14:43:17.835,8.5200,2400
52997835077810,14:43:17.835,8.5200,200
52999106625410,14:43:19.106,8.5200,2197
52999106668493,14:43:19.106,8.5200,100
52999145035964,14:43:19.145,8.5250,100
53052817167135,14:44:12.817,8.5300,300
53139461364045,14:45:39.461,8.5300,1
53213098470612,14:46:53.098,8.5400,200
53213098470612,14:46:53.098,8.5400,100
53359802658573,14:49:19.802,8.5400,100
53473963404043,14:51:13.963,8.5200,100
53477090298646,14:51:17.090,8.5200,700
53477090298646,14:51:17.090,8.5200,600
53477090298646,14:51:17.090,8.5200,900
53561588020207,14:52:41.588,8.5300,100
53579231751058,14:52:59.231,8.5300,500
53579231751058,14:52:59.231,8.5300,800
53579231751058,14:52:59.231,8.5300,200
53579231751058,14:52:59.231,8.5300,900
53597297535542,14:53:17.297,8.5300,835
53597312813034,14:53:17.312,8.5300,31
53597327594793,14:53:17.327,8.5300,100
53599991801502,14:53:19.991,8.5300,669
53599991801502,14:53:19.991,8.5300,600
53599991801502,14:53:19.991,8.5300,2200
53599991801502,14:53:19.991,8.5300,200
53599991801502,14:53:19.991,8.5300,431
53623370205843,14:53:43.370,8.5300,100
53654092316555,14:54:14.092,8.5300,100
53801346355382,14:56:41.346,8.5400,2800
53801607257367,14:56:41.607,8.5450,9
53802034879181,14:56:42.034,8.5500,800
53832827386768,14:57:12.827,8.5400,491
53832827416113,14:57:12.827,8.5400,857
53843810382394,14:57:23.810,8.5400,1
53861694157738,14:57:41.694,8.5400,3000
53911276846393,14:58:31.276,8.5400,1
53911472543051,14:58:31.472,8.5400,50
53990188124783,14:59:50.188,8.5400,99
54000700505392,15:00:00.700,8.5400,160
54000762223656,15:00:00.762,8.5400,100
54025798028370,15:00:25.798,8.5400,100
54025798028370,15:00:25.798,8.5400,200
54035110916741,15:00:35.110,8.5450,100
54073063313131,15:01:13.063,8.5400,100
54264131090943,15:04:24.131,8.5300,2518
54264131112198,15:04:24.131,8.5300,282
54264131112198,15:04:24.131,8.5300,200
54264131112198,15:04:24.131,8.5300,100
54264131112198,15:04:24.131,8.5300,49
54264131112198,15:04:24.131,8.5300,443
54561976158437,15:09:21.976,8.5300,93
54561976479821,15:09:21.976,8.5300,200
54561976479821,15:09:21.976,8.5300,122
54561976479821,15:09:21.976,8.5300,34
54561976479821,15:09:21.976,8.5300,100
54562858669476,15:09:22.858,8.5300,3216
54562859028467,15:09:22.859,8.5300,684
54562859028467,15:09:22.859,8.5300,800
54562859028467,15:09:22.859,8.5300,3300
54562859028467,15:09:22.859,8.5300,2958
54562859150241,15:09:22.859,8.5300,300
54610734529246,15:10:10.734,8.5200,1
54643624523324,15:10:43.624,8.5200,200
54643624523324,15:10:43.624,8.5200,100
54643624523324,15:10:43.624,8.5200,100
55081329864130,15:18:01.329,8.5150,100
55214404365259,15:20:14.404,8.5150,100
55214404365259,15:20:14.404,8.5150,100
55241596008017,15:20:41.596,8.5150,100
55264604024109,15:21:04.604,8.5150,100
55391944587672,15:23:11.944,8.5100,200
55391944587672,15:23:11.944,8.5100,100
55391944587672,15:23:11.944,8.5100,100
55502925023082,15:25:02.925,8.5050,100
55502925023082,15:25:02.925,8.5050,100
55528948892961,15:25:28.948,8.5000,2100
55528948892961,15:25:28.948,8.5000,800
55528948892961,15:25:28.948,8.5000,100
55528948892961,15:25:28.948,8.5000,200
55528948892961,15:25:28.948,8.5000,2922
55528948931949,15:25:28.948,8.5000,1768
55536438412596,15:25:36.438,8.5000,200
55536440945510,15:25:36.440,8.5000,1
55598253733944,15:26:38.253,8.5000,100
55614917134673,15:26:54.917,8.5000,200
55800680403790,15:30:00.680,8.5000,100
56096020746659,15:34:56.020,8.4900,200
56101027068953,15:35:01.027,8.4800,100
56135722942160,15:35:35.722,8.4900,600
56137748088798,15:35:37.748,8.4900,200
56137748088798,15:35:37.748,8.4900,100
56341021324856,15:39:01.021,8.4850,100
56461025186198,15:41:01.025,8.4850,100
56480498429750,15:41:20.498,8.4800,100
56480500858314,15:41:20.500,8.4800,67
56480502320756,15:41:20.502,8.4800,45
56527075811675,15:42:07.075,8.4800,50
56533020431427,15:42:13.020,8.4800,38
56533020431427,15:42:13.020,8.4800,100
56533020431427,15:42:13.020,8.4800,1
56533020431427,15:42:13.020,8.4800,100
56533020431427,15:42:13.020,8.4800,100
56533020431427,15:42:13.020,8.4800,100
56533020443640,15:42:13.020,8.4800,100
56561815380740,15:42:41.815,8.4800,600
56582067361065,15:43:02.067,8.4800,1330
56582067387939,15:43:02.067,8.4800,1670
56582067387939,15:43:02.067,8.4800,7
56582067387939,15:43:02.067,8.4800,300
56582067387939,15:43:02.067,8.4800,6
56582067387939,15:43:02.067,8.4800,100
56582067387939,15:43:02.067,8.4800,100
56784711283262,15:46:24.711,8.4850,200
56821026473103,15:47:01.026,8.4800,100
56941026689682,15:49:01.026,8.4800,100
57010835337031,15:50:10.835,8.4800,6
57045452772198,15:50:45.452,8.4850,100
57152443789208,15:52:32.443,8.4800,800
57152443789208,15:52:32.443,8.4800,3400
57152443789208,15:52:32.443,8.4800,100
57152443789208,15:52:32.443,8.4800,200
57152443789208,15:52:32.443,8.4800,400
57152443789208,15:52:32.443,8.4800,100
57152443789208,15:52:32.443,8.4800,800
57152443789208,15:52:32.443,8.4800,3
57152443789208,15:52:32.443,8.4800,100
57152443789208,15:52:32.443,8.4800,100
57152443857028,15:52:32.443,8.4800,100
57152443886827,15:52:32.443,8.4800,100
57152452509716,15:52:32.452,8.4700,800
57152452509716,15:52:32.452,8.4700,1000
57152452509716,15:52:32.452,8.4700,1600
57152452509716,15:52:32.452,8.4700,100
57152452509716,15:52:32.452,8.4700,100
57152452509716,15:52:32.452,8.4700,100
57152452509716,15:52:32.452,8.4700,300
57152452509716,15:52:32.452,8.4700,100
57152452509716,15:52:32.452,8.4700,2300
57152452628634,15:52:32.452,8.4700,600
57152453831590,15:52:32.453,8.4700,90
57152456963896,15:52:32.456,8.4700,110
57152456963896,15:52:32.456,8.4700,190
57152463410531,15:52:32.463,8.4700,2100
57152464359368,15:52:32.464,8.4700,100
57155919030105,15:52:35.919,8.4700,1300
57155919405560,15:52:35.919,8.4700,282
57155919409479,15:52:35.919,8.4700,200
57155919491894,15:52:35.919,8.4700,150
57155919499484,15:52:35.919,8.4700,100
57155919583114,15:52:35.919,8.4700,50
57155920409575,15:52:35.920,8.4700,4000
57155920409575,15:52:35.920,8.4700,400
57181027908987,15:53:01.027,8.4700,100
57246679983410,15:54:06.679,8.4700,198
57301002227006,15:55:01.002,8.4700,400
57322309222120,15:55:22.309,8.4750,300
57322309222120,15:55:22.309,8.4750,200
57541021756129,15:59:01.021,8.4700,100
57541021992201,15:59:01.021,8.4700,100
57541022194348,15:59:01.022,8.4700,100
57560256369859,15:59:20.256,8.4750,100
57560257140781,15:59:20.257,8.4750,100
57560257242313,15:59:20.257,8.4750,100
57587749763361,15:59:47.749,8.4800,100
57587749763361,15:59:47.749,8.4800,600
57587750538757,15:59:47.750,8.4800,600
57587750538757,15:59:47.750,8.4800,1700
57587750538757,15:59:47.750,8.4800,100
57590123811867,15:59:50.123,8.4850,4
57593634644026,15:59:53.634,8.4850,100
57595234653431,15:59:55.234,8.4850,100
57596834628476,15:59:56.834,8.4850,100
57597910724736,15:59:57.910,8.4900,39
57598434615047,15:59:58.434,8.4850,100
57600484781890,16:00:00.484,0.0000,0
