timestamp,time,price,volume
34200098378691,09:30:00.098,0.0000,0
34204995673551,09:30:04.995,65.8200,76
34204995673551,09:30:04.995,65.8100,24
34204996977572,09:30:04.996,65.8300,76
34205007408434,09:30:05.007,65.8200,100
34205973104201,09:30:05.973,65.8100,76
34205973104201,09:30:05.973,65.8100,100
34205973231727,09:30:05.973,65.8100,100
34205974237113,09:30:05.974,65.8100,17
34205974237113,09:30:05.974,65.8100,83
34205974265689,09:30:05.974,65.8100,17
34207938273303,09:30:07.938,65.7700,100
34216493826918,09:30:16.493,65.7500,1
34216493826918,09:30:16.493,65.7500,16
34230689652563,09:30:30.689,65.7000,77
34231116683532,09:30:31.116,65.6800,12
34231376389059,09:30:31.376,65.7300,14
34231376389059,09:30:31.376,65.7300,100
34231376389059,09:30:31.376,65.7300,86
34231376447754,09:30:31.376,65.7300,62
34231376724486,09:30:31.376,65.7300,100
34231376820088,09:30:31.376,65.7300,100
34232153030800,09:30:32.153,65.7600,100
34232396967823,09:30:32.396,65.7600,100
34242983951225,09:30:42.983,65.7900,200
34242986537105,09:30:42.986,65.8000,100
34242986537105,09:30:42.986,65.8000,100
34243308342551,09:30:43.308,65.8100,25
34243309291391,09:30:43.309,65.8200,91
34249271229969,09:30:49.271,65.8500,100
34265765303733,09:31:05.765,65.9300,100
34272882415034,09:31:12.882,65.9700,11
34280685580271,09:31:20.685,65.9200,100
34292686217448,09:31:32.686,65.9100,9
34292739022387,09:31:32.739,65.9100,100
34293688337451,09:31:33.688,65.8700,100
34294686178253,09:31:34.686,65.8300,100
34295686320315,09:31:35.686,65.8200,100
34295686869641,09:31:35.686,65.8400,100
34296688696594,09:31:36.688,65.8200,100
34300371335097,09:31:40.371,65.8400,100
34302455694027,09:31:42.455,65.8600,100
34302456253462,09:31:42.456,65.8700,200
34302456253462,09:31:42.456,65.8700,100
34302459004345,09:31:42.459,65.8800,88
34302459004345,09:31:42.459,65.8800,100
34314440310535,09:31:54.440,65.9300,100
34314440396145,09:31:54.440,65.9100,100
34314688663509,09:31:54.688,65.9200,40
34316845989033,09:31:56.845,65.9200,92
34316846016232,09:31:56.846,65.9200,8
34320667152205,09:32:00.667,65.9800,100
34344463702556,09:32:24.463,65.9800,100
34352687817537,09:32:32.687,66.0100,100
34353029206520,09:32:33.029,65.9900,100
34353029218987,09:32:33.029,65.9800,100
34353050472000,09:32:33.050,65.9900,79
34353050500489,09:32:33.050,65.9900,21
34353051748547,09:32:33.051,65.9800,100
34353051748547,09:32:33.051,65.9800,100
34364047007562,09:32:44.047,65.9900,100
34367593540462,09:32:47.593,66.0000,100
34372322555426,09:32:52.322,65.9900,10
34372332770546,09:32:52.332,65.9900,200
34372344736123,09:32:52.344,65.9800,100
34376068001905,09:32:56.068,65.9600,100
34386066630840,09:33:06.066,65.9300,47
34404489849684,09:33:24.489,65.8900,100
34426507538337,09:33:46.507,65.8500,29
34426507538337,09:33:46.507,65.8600,71
34426514218228,09:33:46.514,65.8200,100
34426514314179,09:33:46.514,65.8200,100
34434741232227,09:33:54.741,65.8000,100
34436075012182,09:33:56.075,65.7800,200
34436086694049,09:33:56.086,65.7800,100
34444093927757,09:34:04.093,65.7900,100
34444093927757,09:34:04.093,65.7900,200
34444094021161,09:34:04.094,65.8000,100
34444686068642,09:34:04.686,65.7800,100
34449686537432,09:34:09.686,65.7800,100
34449686630624,09:34:09.686,65.7900,100
34449687597208,09:34:09.687,65.8000,100
34449691926765,09:34:09.691,65.8100,100
34449790319907,09:34:09.790,65.8200,100
34449854142157,09:34:09.854,65.8200,100
34449854142157,09:34:09.854,65.8200,200
34449857114515,09:34:09.857,65.8200,100
34452686980135,09:34:12.686,65.7800,100
34456754045608,09:34:16.754,65.7400,100
34472607829507,09:34:32.607,65.7400,200
34496441181248,09:34:56.441,65.7200,100
34496687330268,09:34:56.687,65.7100,100
34496688294861,09:34:56.688,65.7000,100
34497689119858,09:34:57.689,65.7200,2
34497689212241,09:34:57.689,65.7100,100
34501076592798,09:35:01.076,65.7200,100
34501076592798,09:35:01.076,65.7200,100
34511455977562,09:35:11.455,65.7000,77
34511456058165,09:35:11.456,65.6900,100
34515323979863,09:35:15.323,65.7000,100
34518705665359,09:35:18.705,65.7300,100
34518705692589,09:35:18.705,65.7300,100
34518705749739,09:35:18.705,65.7300,100
34530927652663,09:35:30.927,65.7400,100
34544838722426,09:35:44.838,65.7100,100
34554793100232,09:35:54.793,65.7600,100
34572652058317,09:36:12.652,65.8100,100
34576688599826,09:36:16.688,65.7600,100
34578044358734,09:36:18.044,65.7800,100
34578047840513,09:36:18.047,65.7900,100
34584051777362,09:36:24.051,65.8200,5
34584051806859,09:36:24.051,65.8200,95
34585085544689,09:36:25.085,65.8500,76
34608455166244,09:36:48.455,65.7800,100
34622540854290,09:37:02.540,65.8300,100
34622540854290,09:37:02.540,65.8300,100
34629687344172,09:37:09.687,65.8600,100
34631426151789,09:37:11.426,65.8700,100
34648847714980,09:37:28.847,65.9000,100
34651568182179,09:37:31.568,65.8500,100
34651577176363,09:37:31.577,65.8500,100
34651577869574,09:37:31.577,65.8600,100
34651578244208,09:37:31.578,65.8600,100
34651578588319,09:37:31.578,65.8600,10
34651579920666,09:37:31.579,65.8600,23
34651582623600,09:37:31.582,65.8600,67
34653687813769,09:37:33.687,65.8400,100
34660422700169,09:37:40.422,65.8400,200
34660426669960,09:37:40.426,65.8500,100
34669833158975,09:37:49.833,65.9400,100
34673335799963,09:37:53.335,65.9300,100
34688806667721,09:38:08.806,65.9800,12
34690623115288,09:38:10.623,65.9700,22
34690623115288,09:38:10.623,65.9700,78
34692891675603,09:38:12.891,65.9600,100
34713554655966,09:38:33.554,65.9700,100
34717693008571,09:38:37.693,65.9600,10
34755812296167,09:39:15.812,66.0000,35
34755813079483,09:39:15.813,66.0000,100
34755813170831,09:39:15.813,66.0000,100
34756686197606,09:39:16.686,65.9800,100
34761087822050,09:39:21.087,65.9400,100
34761091871183,09:39:21.091,65.9400,200
34761091871183,09:39:21.091,65.9400,100
34761092279601,09:39:21.092,65.9400,22
34761092304731,09:39:21.092,65.9400,54
34761296683571,09:39:21.296,65.9400,100
34761296683571,09:39:21.296,65.9400,100
34764245984883,09:39:24.245,65.9600,100
34765731100221,09:39:25.731,65.9700,100
34774180130431,09:39:34.180,65.9700,100
34780769823919,09:39:40.769,65.9600,8
34790331458599,09:39:50.331,65.9300,100
34796450189476,09:39:56.450,65.9000,100
34799384248321,09:39:59.384,65.9100,200
34799384248321,09:39:59.384,65.9100,11
34800091325018,09:40:00.091,65.9300,100
34800691247556,09:40:00.691,65.9100,100
34800691247556,09:40:00.691,65.9100,100
34809960312874,09:40:09.960,65.9000,100
34823020357295,09:40:23.020,65.9500,100
34823020831615,09:40:23.020,65.9500,50
34830686339196,09:40:30.686,65.9500,100
34834244730554,09:40:34.244,65.9200,100
34860211518087,09:41:00.211,65.9400,5
34862060144262,09:41:02.060,65.9400,14
34867228865038,09:41:07.228,65.9900,100
34867228865038,09:41:07.228,65.9900,100
34867283826098,09:41:07.283,65.9900,100
34867283918522,09:41:07.283,65.9900,100
34867284342965,09:41:07.284,65.9900,100
34867284411517,09:41:07.284,65.9900,100
34867284419463,09:41:07.284,65.9900,30
34867284812451,09:41:07.284,65.9900,70
34867288290056,09:41:07.288,65.9900,50
34867288290056,09:41:07.288,65.9900,100
34869687489652,09:41:09.687,65.9600,100
34871687740654,09:41:11.687,65.9400,100
34873640541759,09:41:13.640,65.9600,100
34873640711691,09:41:13.640,65.9500,100
34873643609491,09:41:13.643,65.9500,67
34873643634716,09:41:13.643,65.9500,33
34873643634716,09:41:13.643,65.9500,66
34873643682492,09:41:13.643,65.9500,34
34875686752472,09:41:15.686,65.9300,100
34880116354998,09:41:20.116,65.9200,18
34880262719460,09:41:20.262,65.9400,100
34885236367598,09:41:25.236,65.9300,100
34885681696095,09:41:25.681,65.9300,100
34886153948381,09:41:26.153,65.9400,10
34886593696250,09:41:26.593,65.9300,100
34889688183993,09:41:29.688,65.9500,33
34890154230141,09:41:30.154,65.9800,100
34891797448671,09:41:31.797,65.9600,100
34891803241941,09:41:31.803,65.9700,100
34900685655222,09:41:40.685,65.9600,100
34903214441659,09:41:43.214,65.9900,200
34903214516843,09:41:43.214,65.9900,100
34904353935601,09:41:44.353,65.9800,100
34904353935601,09:41:44.353,65.9800,100
34904353995276,09:41:44.353,65.9800,100
34907240246345,09:41:47.240,65.9500,100
34907337477172,09:41:47.337,65.9400,100
34938039700212,09:42:18.039,65.9500,100
34938039700212,09:42:18.039,65.9500,100
34938040986920,09:42:18.040,65.9600,100
34944965507106,09:42:24.965,65.9400,100
34946688186587,09:42:26.688,65.9200,100
34950486832919,09:42:30.486,65.9400,100
34969896750001,09:42:49.896,65.9500,100
34976572185487,09:42:56.572,65.9600,100
34983479290000,09:43:03.479,65.9800,76
34983479313687,09:43:03.479,65.9800,24
34983479316654,09:43:03.479,65.9800,24
34983479330657,09:43:03.479,65.9800,24
34983479670438,09:43:03.479,65.9800,52
34994159428868,09:43:14.159,66.0300,100
35009350642021,09:43:29.350,66.0400,100
35009350672431,09:43:29.350,66.0400,100
35009967044450,09:43:29.967,66.0500,100
35021351864052,09:43:41.351,66.0300,100
35031135933696,09:43:51.135,66.0400,54
35031136681347,09:43:51.136,66.0400,100
35033620137139,09:43:53.620,66.0500,266
35033620163251,09:43:53.620,66.0500,34
35035026968335,09:43:55.026,66.0600,300
35035026968335,09:43:55.026,66.0600,11
35040540073563,09:44:00.540,66.0700,200
35040540615506,09:44:00.540,66.0600,100
35040540615506,09:44:00.540,66.0600,100
35040540615506,09:44:00.540,66.0600,200
35040542415475,09:44:00.542,66.0500,100
35040688940703,09:44:00.688,66.0500,59
35048190164143,09:44:08.190,66.0100,100
35048190164143,09:44:08.190,66.0100,85
35048914115845,09:44:08.914,65.9900,100
35048914115845,09:44:08.914,65.9900,100
35048928494525,09:44:08.928,65.9900,300
35048928494525,09:44:08.928,65.9900,200
35063473067094,09:44:23.473,65.9100,76
35073866403356,09:44:33.866,65.9600,100
35082628495682,09:44:42.628,65.9400,100
35091979845812,09:44:51.979,65.9800,100
35091979968668,09:44:51.979,65.9800,91
35107242199704,09:45:07.242,66.0100,100
35107242228994,09:45:07.242,66.0100,4
35107242228994,09:45:07.242,66.0100,100
35116043600948,09:45:16.043,66.0300,200
35116043630398,09:45:16.043,66.0300,100
35119059369463,09:45:19.059,66.0400,100
35142245600867,09:45:42.245,66.0100,100
35155184866139,09:45:55.184,66.0300,60
35155184866139,09:45:55.184,66.0300,40
35157502325874,09:45:57.502,66.0300,69
35157502846870,09:45:57.502,66.0300,31
35166249949016,09:46:06.249,65.9900,76
35171799900962,09:46:11.799,66.0200,100
35171799900962,09:46:11.799,66.0200,200
35173690419710,09:46:13.690,66.0000,100
35193087028897,09:46:33.087,66.0100,21
35193087028897,09:46:33.087,66.0100,79
35195901664053,09:46:35.901,66.0300,100
35201630368673,09:46:41.630,66.0300,100
35201630368673,09:46:41.630,66.0300,100
35205688660848,09:46:45.688,66.0000,100
35210184617958,09:46:50.184,65.9900,100
35213688866742,09:46:53.688,65.9900,100
35217841162099,09:46:57.841,65.9800,52
35217841187731,09:46:57.841,65.9800,48
35231799947270,09:47:11.799,66.0000,9
35233237451163,09:47:13.237,65.9700,23
35233238365430,09:47:13.238,65.9700,100
35233238391261,09:47:13.238,65.9700,100
35233238624145,09:47:13.238,65.9700,100
35233238696286,09:47:13.238,65.9700,435
35238586348015,09:47:18.586,65.9800,100
35243949070519,09:47:23.949,65.9800,200
35243949070519,09:47:23.949,65.9800,100
35258547338106,09:47:38.547,65.9800,15
35258547417400,09:47:38.547,65.9800,85
35259608534025,09:47:39.608,65.9600,100
35276129044703,09:47:56.129,65.9900,100
35285722754002,09:48:05.722,65.9900,100
35288621773479,09:48:08.621,65.9500,78
35291672734110,09:48:11.672,65.9300,11
35292296476371,09:48:12.296,65.9500,100
35292296476371,09:48:12.296,65.9500,100
35292296476371,09:48:12.296,65.9500,200
35293025201065,09:48:13.025,65.9500,100
35293688691613,09:48:13.688,65.9400,100
35294507438517,09:48:14.507,65.9500,98
35294507468263,09:48:14.507,65.9500,2
35297690266933,09:48:17.690,65.9300,11
35298770438522,09:48:18.770,65.9400,400
35298770438522,09:48:18.770,65.9400,100
35298825480431,09:48:18.825,65.9400,100
35300689065876,09:48:20.689,65.9300,2
35308776178679,09:48:28.776,65.9600,100
35313091281470,09:48:33.091,65.9300,200
35313091281470,09:48:33.091,65.9300,100
35313093159003,09:48:33.093,65.9200,100
35330634596975,09:48:50.634,65.9600,100
35330643364139,09:48:50.643,65.9500,100
35330664932001,09:48:50.664,65.9400,100
35331931567475,09:48:51.931,65.9300,100
35332155757815,09:48:52.155,65.9300,100
35332492498858,09:48:52.492,65.9400,100
35336287852585,09:48:56.287,65.9700,11
35336305008899,09:48:56.305,65.9500,100
35349703045224,09:49:09.703,65.9600,100
35350144580800,09:49:10.144,65.9600,45
35350144609958,09:49:10.144,65.9600,55
35363462870321,09:49:23.462,65.9800,22
35374874893709,09:49:34.874,66.0100,100
35374874893709,09:49:34.874,66.0100,89
35374874893709,09:49:34.874,66.0100,11
35375416752317,09:49:35.416,66.0100,89
35385106025088,09:49:45.106,66.0000,3
35385106059294,09:49:45.106,66.0000,3
35385107686088,09:49:45.107,66.0000,94
35385107686088,09:49:45.107,66.0000,6
35385136203131,09:49:45.136,66.0000,5
35399374486003,09:49:59.374,66.0300,100
35407685460052,09:50:07.685,66.0600,100
35407685490536,09:50:07.685,66.0600,76
35416272198317,09:50:16.272,66.0600,100
35416272198317,09:50:16.272,66.0600,100
35420686351643,09:50:20.686,66.0500,4
35422685992599,09:50:22.685,66.0500,100
35423102868344,09:50:23.102,66.0700,5
35427686336989,09:50:27.686,66.0500,100
35435850377050,09:50:35.850,66.0300,100
35435850406963,09:50:35.850,66.0300,100
35435959102083,09:50:35.959,66.0000,76
35443049130242,09:50:43.049,66.0100,100
35444935817298,09:50:44.935,66.0100,100
35461688269748,09:51:01.688,66.0000,100
35472689181369,09:51:12.689,66.0100,11
35484631002930,09:51:24.631,66.0000,76
35484631056337,09:51:24.631,66.0000,24
35484688085082,09:51:24.688,65.9900,100
35485687658727,09:51:25.687,65.9900,35
35507771202093,09:51:47.771,65.9850,200
35507771202093,09:51:47.771,65.9900,200
35507771234743,09:51:47.771,65.9900,200
35507814225756,09:51:47.814,65.9900,119
35508177301679,09:51:48.177,65.9800,100
35509701169598,09:51:49.701,65.9600,100
35509824891020,09:51:49.824,65.9700,147
35509824943480,09:51:49.824,65.9700,53
35530859788590,09:52:10.859,65.9400,100
35533770437406,09:52:13.770,65.9400,10
35533770437406,09:52:13.770,65.9400,9
35533772152392,09:52:13.772,65.9300,100
35534691035934,09:52:14.691,65.9300,4
35540468534354,09:52:20.468,65.9300,100
35540468542710,09:52:20.468,65.9300,100
35566642038789,09:52:46.642,65.9500,100
35585038532899,09:53:05.038,65.9200,100
35586971621789,09:53:06.971,65.9100,100
35588244252054,09:53:08.244,65.9000,200
35588245817564,09:53:08.245,65.9000,11
35589941003844,09:53:09.941,65.8700,25
35612110298853,09:53:32.110,65.8800,100
35612110925817,09:53:32.110,65.8800,200
35612111220314,09:53:32.111,65.8800,200
35612116502381,09:53:32.116,65.8800,100
35612738699854,09:53:32.738,65.8700,5
35613757987545,09:53:33.757,65.8900,100
35613819926328,09:53:33.819,65.8800,100
35617686987383,09:53:37.686,65.8400,100
35622685727816,09:53:42.685,65.8200,100
35624782593620,09:53:44.782,65.8300,200
35624782593620,09:53:44.782,65.8300,100
35632724757783,09:53:52.724,65.8500,100
35632724757783,09:53:52.724,65.8500,100
35632724757783,09:53:52.724,65.8500,100
35633944262744,09:53:53.944,65.8500,100
35633945820652,09:53:53.945,65.8700,20
35633945860763,09:53:53.945,65.8700,80
35633945860763,09:53:53.945,65.8700,100
35641529083827,09:54:01.529,65.8600,100
35650602481648,09:54:10.602,65.8500,200
35650602481648,09:54:10.602,65.8500,100
35660010071621,09:54:20.010,65.8400,23
35660025173401,09:54:20.025,65.8400,77
35660727844279,09:54:20.727,65.8400,23
35664380152503,09:54:24.380,65.8550,4
35664380152503,09:54:24.380,65.8550,9
35664380152503,09:54:24.380,65.8550,6
35664380152503,09:54:24.380,65.8550,3
35664380152503,09:54:24.380,65.8550,2
35664380152503,09:54:24.380,65.8550,2
35664380152503,09:54:24.380,65.8550,2
35664380152503,09:54:24.380,65.8550,2
35664380152503,09:54:24.380,65.8550,3
35664380152503,09:54:24.380,65.8550,2
35664380152503,09:54:24.380,65.8550,2
35664380152503,09:54:24.380,65.8550,2
35664380152503,09:54:24.380,65.8550,2
35664380152503,09:54:24.380,65.8550,5
35664380152503,09:54:24.380,65.8550,4
35664380152503,09:54:24.380,65.8550,9
35664380152503,09:54:24.380,65.8550,4
35664380152503,09:54:24.380,65.8700,100
35664380152503,09:54:24.380,65.8700,37
35664380552658,09:54:24.380,65.8700,63
35667203890335,09:54:27.203,65.8600,100
35667211122280,09:54:27.211,65.8500,200
35667211122280,09:54:27.211,65.8500,100
35667216822893,09:54:27.216,65.8500,89
35684651749957,09:54:44.651,65.8500,100
35708682501418,09:55:08.682,65.8700,100
35708683143152,09:55:08.683,65.8700,100
35708683151015,09:55:08.683,65.8700,100
35729452940422,09:55:29.452,65.8800,23
35730598223877,09:55:30.598,65.8800,100
35730598270962,09:55:30.598,65.8800,100
35730619520325,09:55:30.619,65.8600,100
35731977502359,09:55:31.977,65.8400,100
35733439665401,09:55:33.439,65.8500,56
35745269734166,09:55:45.269,65.8700,200
35745269734166,09:55:45.269,65.8700,100
35751688958423,09:55:51.688,65.8400,100
35751689022720,09:55:51.689,65.8400,100
35751689719590,09:55:51.689,65.8400,20
35752381301091,09:55:52.381,65.8400,80
35755750880948,09:55:55.750,65.8100,100
35761685808463,09:56:01.685,65.8100,100
35764312831890,09:56:04.312,65.8000,600
35764657030947,09:56:04.657,65.7900,100
35764899587833,09:56:04.899,65.7900,200
35764899587833,09:56:04.899,65.7900,33
35764899587833,09:56:04.899,65.7900,100
35765423145257,09:56:05.423,65.7900,33
35765457957802,09:56:05.457,65.8000,33
35769685934507,09:56:09.685,65.7700,100
35781438705738,09:56:21.438,65.7700,17
35781438732683,09:56:21.438,65.7700,83
35793690339627,09:56:33.690,65.7800,9
35817504163488,09:56:57.504,65.7800,5
35832687449497,09:57:12.687,65.8300,100
35848314998152,09:57:28.314,65.8400,100
35849029236074,09:57:29.029,65.8400,100
35851697020095,09:57:31.697,65.8300,100
35851697044459,09:57:31.697,65.8300,10
35860985587489,09:57:40.985,65.8500,100
35862897203847,09:57:42.897,65.8200,100
35866291134038,09:57:46.291,65.8200,100
35886689988622,09:58:06.689,65.8100,100
35886928722455,09:58:06.928,65.8100,100
35891906643892,09:58:11.906,65.8000,100
35898460072578,09:58:18.460,65.7700,100
35899690573854,09:58:19.690,65.7600,100
35910363030651,09:58:30.363,65.7700,100
35933224210562,09:58:53.224,65.7500,100
35933226496591,09:58:53.226,65.7500,100
35936406237456,09:58:56.406,65.7500,100
35936406904170,09:58:56.406,65.7500,90
35936407680333,09:58:56.407,65.7500,10
35936691888752,09:58:56.691,65.7400,100
35939689451509,09:58:59.689,65.7300,100
35946308677976,09:59:06.308,65.7200,100
35946308677976,09:59:06.308,65.7200,100
35946308677976,09:59:06.308,65.7200,100
35946308677976,09:59:06.308,65.7200,100
35946360898358,09:59:06.360,65.7100,200
35946360898358,09:59:06.360,65.7100,100
35946690101391,09:59:06.690,65.7000,100
35947316424980,09:59:07.316,65.7100,200
35947689945185,09:59:07.689,65.7000,100
35948546832845,09:59:08.546,65.6900,100
35950687406421,09:59:10.687,65.6800,100
35951687964466,09:59:11.687,65.6800,100
35953534948596,09:59:13.534,65.6800,100
35953534948596,09:59:13.534,65.6800,100
35953535011438,09:59:13.535,65.6800,100
35953538780496,09:59:13.538,65.6800,100
35953548553350,09:59:13.548,65.6900,100
35953549703310,09:59:13.549,65.6900,100
35953687725736,09:59:13.687,65.6800,100
35955687678757,09:59:15.687,65.6900,100
35956688272816,09:59:16.688,65.6900,100
35957688177467,09:59:17.688,65.6900,100
35958325939616,09:59:18.325,65.7000,100
35966688023667,09:59:26.688,65.7000,100
35973764681923,09:59:33.764,65.6900,100
35977687579846,09:59:37.687,65.6900,100
35984347514474,09:59:44.347,65.7000,100
35986265871364,09:59:46.265,65.6900,12
35986265947992,09:59:46.265,65.6900,88
35997710715817,09:59:57.710,65.6700,58
35999091975499,09:59:59.091,65.7000,5
36000459608936,10:00:00.459,65.7000,95
36000459608936,10:00:00.459,65.7000,5
36005021351516,10:00:05.021,65.6900,5
36006051231229,10:00:06.051,65.6900,21
36006304433564,10:00:06.304,65.6900,85
36007297925219,10:00:07.297,65.6800,51
36007298014523,10:00:07.298,65.6900,15
36007640211382,10:00:07.640,65.6900,100
36007641079844,10:00:07.641,65.7000,95
36007641079844,10:00:07.641,65.7000,100
36007641079844,10:00:07.641,65.7000,100
36007641083659,10:00:07.641,65.7000,200
36007641676649,10:00:07.641,65.7000,100
36007643130602,10:00:07.643,65.7000,100
36007687922896,10:00:07.687,65.6900,100
36007693853361,10:00:07.693,65.6900,100
36008688729366,10:00:08.688,65.6800,5
36009688238954,10:00:09.688,65.6800,244
36009688238954,10:00:09.688,65.6800,32
36009688267850,10:00:09.688,65.6800,58
36009688267850,10:00:09.688,65.6800,100
36009688553120,10:00:09.688,65.6900,100
36009688760221,10:00:09.688,65.6800,100
36010108243594,10:00:10.108,65.6800,100
36010687685922,10:00:10.687,65.6800,100
36010687685922,10:00:10.687,65.6800,100
36010862117306,10:00:10.862,65.6700,100
36010862117306,10:00:10.862,65.6700,100
36010883857718,10:00:10.883,65.6700,100
36011688235364,10:00:11.688,65.6500,100
36011688235364,10:00:11.688,65.6500,100
36012198401993,10:00:12.198,65.6700,100
36012198401993,10:00:12.198,65.6700,100
36013689452090,10:00:13.689,65.6600,100
36030673026101,10:00:30.673,65.6900,100
36030673347672,10:00:30.673,65.6900,100
36030674884675,10:00:30.674,65.6800,100
36030674884675,10:00:30.674,65.6800,100
36030674949069,10:00:30.674,65.6800,100
36030674949069,10:00:30.674,65.6800,100
36030674949069,10:00:30.674,65.6800,100
36030675326098,10:00:30.675,65.6800,100
36030680657228,10:00:30.680,65.6700,100
36030686677873,10:00:30.686,65.6600,100
36030686677873,10:00:30.686,65.6600,100
36030686677873,10:00:30.686,65.6600,100
36030686677873,10:00:30.686,65.6600,100
36030687289598,10:00:30.687,65.6600,100
36030687289598,10:00:30.687,65.6600,100
36030687579819,10:00:30.687,65.6600,200
36030687607850,10:00:30.687,65.6600,200
36030687607850,10:00:30.687,65.6600,100
36030687714075,10:00:30.687,65.6700,100
36030816279928,10:00:30.816,65.6600,100
36030816305900,10:00:30.816,65.6600,100
36030816305900,10:00:30.816,65.6600,19
36030816305900,10:00:30.816,65.6600,133
36030816309438,10:00:30.816,65.6600,67
36030816656456,10:00:30.816,65.6600,100
36031688411530,10:00:31.688,65.6500,100
36031688411530,10:00:31.688,65.6500,100
36031688411530,10:00:31.688,65.6500,100
36031690602900,10:00:31.690,65.6500,100
36031690628659,10:00:31.690,65.6500,26
36031694762696,10:00:31.694,65.6400,100
36031694762696,10:00:31.694,65.6400,54
36031694762696,10:00:31.694,65.6400,200
36031695072656,10:00:31.695,65.6400,200
36031695099112,10:00:31.695,65.6400,2
36031695131781,10:00:31.695,65.6400,98
36031695131781,10:00:31.695,65.6400,100
36031695583938,10:00:31.695,65.6400,100
36032688944745,10:00:32.688,65.6400,100
36032688944745,10:00:32.688,65.6300,100
36032689872203,10:00:32.689,65.6200,100
36032689872203,10:00:32.689,65.6200,100
36033689057171,10:00:33.689,65.6100,100
36033689057171,10:00:33.689,65.6100,100
36033689057171,10:00:33.689,65.6100,200
36033696539367,10:00:33.696,65.6100,100
36033697005793,10:00:33.697,65.6100,100
36033697005793,10:00:33.697,65.6100,100
36033697727703,10:00:33.697,65.6100,100
36033698495734,10:00:33.698,65.6100,100
36034687683453,10:00:34.687,65.6000,100
36034687683453,10:00:34.687,65.6000,100
36034687683453,10:00:34.687,65.6000,200
36035024415592,10:00:35.024,65.6000,100
36035024415592,10:00:35.024,65.6000,100
36035024415592,10:00:35.024,65.6000,200
36035024781827,10:00:35.024,65.6000,100
36035688234430,10:00:35.688,65.5900,100
36035688234430,10:00:35.688,65.5900,100
36035718888474,10:00:35.718,65.6000,100
36036687741601,10:00:36.687,65.5800,200
36036687741601,10:00:36.687,65.5800,100
36036688728553,10:00:36.688,65.5700,100
36037688430450,10:00:37.688,65.5700,100
36037688430450,10:00:37.688,65.5700,100
36037688430450,10:00:37.688,65.5700,100
36037688430450,10:00:37.688,65.5700,100
36037688430450,10:00:37.688,65.5700,100
36037706055470,10:00:37.706,65.5700,37
36038688454020,10:00:38.688,65.5600,200
36038688454020,10:00:38.688,65.5600,100
36038688454020,10:00:38.688,65.5600,78
36040027120567,10:00:40.027,65.5600,100
36040687946316,10:00:40.687,65.5500,100
36040687946316,10:00:40.687,65.5500,100
36040687946316,10:00:40.687,65.5500,100
36040687978309,10:00:40.687,65.5500,100
36040687978309,10:00:40.687,65.5500,100
36040687978309,10:00:40.687,65.5500,100
36042788102271,10:00:42.788,65.5500,200
36042790134149,10:00:42.790,65.5500,100
36042790134149,10:00:42.790,65.5500,100
36042790134149,10:00:42.790,65.5500,100
36042790134149,10:00:42.790,65.5500,200
36042790134149,10:00:42.790,65.5500,100
36042929908396,10:00:42.929,65.5500,100
36043688524125,10:00:43.688,65.5400,200
36043688524125,10:00:43.688,65.5400,100
36043688524125,10:00:43.688,65.5400,100
36043688557051,10:00:43.688,65.5400,78
36044688856374,10:00:44.688,65.5300,100
36044688856374,10:00:44.688,65.5300,100
36044689292927,10:00:44.689,65.5300,100
36045175023873,10:00:45.175,65.5400,5
36045175072034,10:00:45.175,65.5400,95
36045175533891,10:00:45.175,65.5400,100
36046688201845,10:00:46.688,65.5300,100
36046688201845,10:00:46.688,65.5300,100
36047687522309,10:00:47.687,65.5200,100
36047687522309,10:00:47.687,65.5200,100
36047687962001,10:00:47.687,65.5200,71
36047688066296,10:00:47.688,65.5200,29
36047688066296,10:00:47.688,65.5200,100
36047688491861,10:00:47.688,65.5200,100
36059691651934,10:00:59.691,65.5800,100
36059692794317,10:00:59.692,65.5800,200
36059692794317,10:00:59.692,65.5800,100
36066161367084,10:01:06.161,65.6000,100
36066161586617,10:01:06.161,65.6000,100
36066161860823,10:01:06.161,65.6000,100
36066161913684,10:01:06.161,65.6000,100
36066162100973,10:01:06.162,65.6000,100
36069688179357,10:01:09.688,65.6100,100
36069688381716,10:01:09.688,65.6200,100
36069688744274,10:01:09.688,65.6200,200
36069688744274,10:01:09.688,65.6200,100
36070498457073,10:01:10.498,65.6300,100
36070688613829,10:01:10.688,65.6200,85
36072630106143,10:01:12.630,65.6500,100
36072631031756,10:01:12.631,65.6600,100
36072631031756,10:01:12.631,65.6600,100
36074294433245,10:01:14.294,65.6400,100
36074608587293,10:01:14.608,65.6300,100
36076807653441,10:01:16.807,65.6200,100
36078688933368,10:01:18.688,65.6100,50
36078689295628,10:01:18.689,65.6100,100
36079688059138,10:01:19.688,65.6100,100
36079688059138,10:01:19.688,65.6100,100
36079998207454,10:01:19.998,65.6100,100
36080688954150,10:01:20.688,65.6100,100
36082689364923,10:01:22.689,65.6100,100
36082689364923,10:01:22.689,65.6100,100
36083688239857,10:01:23.688,65.6400,10
36086374458085,10:01:26.374,65.6200,100
36091725325373,10:01:31.725,65.6100,100
36091725325373,10:01:31.725,65.6100,100
36091725325373,10:01:31.725,65.6100,200
36091725325373,10:01:31.725,65.6100,100
36091725325373,10:01:31.725,65.6100,100
36091739928321,10:01:31.739,65.6000,200
36091739928321,10:01:31.739,65.6000,100
36091739928321,10:01:31.739,65.6000,100
36094687859381,10:01:34.687,65.5900,100
36095688371295,10:01:35.688,65.5900,100
36099561469160,10:01:39.561,65.6100,100
36099688451752,10:01:39.688,65.6000,100
36102928657140,10:01:42.928,65.6000,100
36102928657140,10:01:42.928,65.6000,100
36102928657140,10:01:42.928,65.6000,300
36104688960579,10:01:44.688,65.6000,100
36109689228055,10:01:49.689,65.5900,22
36111974409528,10:01:51.974,65.6000,100
36122303165064,10:02:02.303,65.6300,100
36122303797308,10:02:02.303,65.6300,100
36122303797308,10:02:02.303,65.6300,100
36123688355703,10:02:03.688,65.6200,100
36126698860214,10:02:06.698,65.6300,100
36126698860214,10:02:06.698,65.6300,100
36128803001685,10:02:08.803,65.6200,6
36133044160634,10:02:13.044,65.6100,100
36133044160634,10:02:13.044,65.6100,300
36133734013235,10:02:13.734,65.6000,100
36133734013235,10:02:13.734,65.6000,20
36133737559668,10:02:13.737,65.6000,80
36133737559668,10:02:13.737,65.6000,100
36133737559668,10:02:13.737,65.6000,100
36133741211128,10:02:13.741,65.5900,100
36136809481500,10:02:16.809,65.6000,100
36136809481500,10:02:16.809,65.6000,100
36139551947203,10:02:19.551,65.5900,100
36139551947203,10:02:19.551,65.5900,100
36139551947203,10:02:19.551,65.5900,100
36139687832848,10:02:19.687,65.5900,100
36140687530887,10:02:20.687,65.5900,100
36142687518654,10:02:22.687,65.6000,100
36144687550209,10:02:24.687,65.5900,100
36144817797162,10:02:24.817,65.6000,100
36145975834080,10:02:25.975,65.5900,100
36146687506933,10:02:26.687,65.5900,4
36146687506933,10:02:26.687,65.5900,96
36146766009614,10:02:26.766,65.5900,4
36146766009614,10:02:26.766,65.5900,100
36149429986145,10:02:29.429,65.6100,100
36149429986145,10:02:29.429,65.6100,100
36149430519595,10:02:29.430,65.6100,100
36149432637940,10:02:29.432,65.6100,100
36149432708296,10:02:29.432,65.6100,100
36149689793358,10:02:29.689,65.6100,100
36149937851771,10:02:29.937,65.5900,100
36153307566146,10:02:33.307,65.5800,200
36153307566146,10:02:33.307,65.5800,200
36153687721768,10:02:33.687,65.5800,100
36157315641197,10:02:37.315,65.5800,200
36157315641197,10:02:37.315,65.5800,100
36157315725370,10:02:37.315,65.5800,200
36160389281010,10:02:40.389,65.5700,100
36160389281010,10:02:40.389,65.5700,100
36160389311527,10:02:40.389,65.5700,100
36160691012836,10:02:40.691,65.5500,23
36166120985810,10:02:46.120,65.5300,100
36166407532010,10:02:46.407,65.5200,100
36166689123877,10:02:46.689,65.5000,100
36167689883997,10:02:47.689,65.4900,100
36169330759265,10:02:49.330,65.5000,200
36171325028287,10:02:51.325,65.5400,58
36173542653893,10:02:53.542,65.5400,17
36185790289514,10:03:05.790,65.5500,100
36192318839353,10:03:12.318,65.5400,100
36196070804651,10:03:16.070,65.5400,200
36199656248682,10:03:19.656,65.5500,100
36202952351400,10:03:22.952,65.5600,100
36205384042489,10:03:25.384,65.5500,27
36215526197542,10:03:35.526,65.5800,100
36215828065338,10:03:35.828,65.5700,100
36228248636039,10:03:48.248,65.5500,31
36228248636039,10:03:48.248,65.5500,69
36230312449215,10:03:50.312,65.5500,200
36230325280448,10:03:50.325,65.5500,100
36230325280448,10:03:50.325,65.5500,100
36233414823430,10:03:53.414,65.5200,100
36240695516313,10:04:00.695,65.5300,100
36241480394981,10:04:01.480,65.5400,100
36241529783548,10:04:01.529,65.5300,100
36244708879470,10:04:04.708,65.5200,100
36244708949674,10:04:04.708,65.5200,6
36244710475165,10:04:04.710,65.5200,100
36245446185235,10:04:05.446,65.5200,100
36246532908889,10:04:06.532,65.5100,100
36246688388246,10:04:06.688,65.5100,294
36246696091119,10:04:06.696,65.5100,6
36256738660496,10:04:16.738,65.4700,100
36257747281427,10:04:17.747,65.4800,3
36261808719998,10:04:21.808,65.4800,100
36264545246041,10:04:24.545,65.4900,100
36267845659976,10:04:27.845,65.4600,20
36269121390387,10:04:29.121,65.4600,100
36271109788284,10:04:31.109,65.4500,100
36272655682031,10:04:32.655,65.4400,100
36272688840707,10:04:32.688,65.4400,100
36274899821523,10:04:34.899,65.4300,100
36274899821523,10:04:34.899,65.4300,100
36276134120805,10:04:36.134,65.4200,100
36276134120805,10:04:36.134,65.4200,100
36277539979640,10:04:37.539,65.4300,100
36277539979640,10:04:37.539,65.4300,50
36277540143764,10:04:37.540,65.4300,100
36277540410115,10:04:37.540,65.4300,50
36277690069925,10:04:37.690,65.4300,100
36280431711571,10:04:40.431,65.4200,100
36280431711571,10:04:40.431,65.4200,100
36280688497585,10:04:40.688,65.4100,100
36298547453108,10:04:58.547,65.4200,100
36317336403077,10:05:17.336,65.4100,100
36317336403077,10:05:17.336,65.4100,100
36317336858813,10:05:17.336,65.4100,100
36317337141875,10:05:17.337,65.4100,100
36317365052391,10:05:17.365,65.4200,100
36322119427252,10:05:22.119,65.4300,100
36333683715173,10:05:33.683,65.4600,100
36333687926915,10:05:33.687,65.4600,100
36343356737463,10:05:43.356,65.4800,100
36348481960890,10:05:48.481,65.5000,25
36355603663566,10:05:55.603,65.5100,100
36355618895226,10:05:55.618,65.5000,100
36355618895226,10:05:55.618,65.5000,10
36356420006613,10:05:56.420,65.4900,200
36356420041216,10:05:56.420,65.4900,100
36357691508299,10:05:57.691,65.4800,100
36359422070802,10:05:59.422,65.4800,100
36359422070802,10:05:59.422,65.4800,20
36360349036077,10:06:00.349,65.4900,110
36360349036077,10:06:00.349,65.4900,100
36364708862087,10:06:04.708,65.4800,5
36367903107597,10:06:07.903,65.5000,100
36367922411693,10:06:07.922,65.5000,200
36367922411693,10:06:07.922,65.5000,100
36368329327798,10:06:08.329,65.5000,100
36368329327798,10:06:08.329,65.5000,100
36381933005018,10:06:21.933,65.4900,100
36382216553193,10:06:22.216,65.5000,100
36395704755537,10:06:35.704,65.4800,300
36395717363643,10:06:35.717,65.4700,100
36395717363643,10:06:35.717,65.4700,100
36400687507160,10:06:40.687,65.4700,100
36400687583485,10:06:40.687,65.4700,100
36400687642173,10:06:40.687,65.4700,100
36400705115627,10:06:40.705,65.4700,100
36401689822548,10:06:41.689,65.4600,100
36406454889984,10:06:46.454,65.4400,23
36407727672345,10:06:47.727,65.4400,77
36407727672345,10:06:47.727,65.4400,100
36408332079237,10:06:48.332,65.4200,6
36408332079237,10:06:48.332,65.4200,7
36408332079237,10:06:48.332,65.4200,2
36408692989581,10:06:48.692,65.4100,100
36412473381947,10:06:52.473,65.4100,6
36412473381947,10:06:52.473,65.4100,7
36412473381947,10:06:52.473,65.4100,2
36417903805982,10:06:57.903,65.4000,100
36426913563278,10:07:06.913,65.3900,100
36426914357328,10:07:06.914,65.3900,100
36426914357328,10:07:06.914,65.3900,100
36431689412979,10:07:11.689,65.3600,100
36432268038238,10:07:12.268,65.3600,200
36437144363668,10:07:17.144,65.3600,77
36440999540240,10:07:20.999,65.3600,100
36440999540240,10:07:20.999,65.3600,100
36445318198053,10:07:25.318,65.3700,100
36451822382534,10:07:31.822,65.3700,100
36452659507402,10:07:32.659,65.3600,5
36452659507402,10:07:32.659,65.3600,4
36452659507402,10:07:32.659,65.3600,4
36452659507402,10:07:32.659,65.3600,3
36454162651876,10:07:34.162,65.3500,100
36458591418384,10:07:38.591,65.3500,100
36462394217178,10:07:42.394,65.3500,100
36465591229433,10:07:45.591,65.3400,100
36468792917747,10:07:48.792,65.3400,100
36488429201544,10:08:08.429,65.3500,100
36489264064419,10:08:09.264,65.3550,9
36489264064419,10:08:09.264,65.3550,2
36489264064419,10:08:09.264,65.3550,3
36489264064419,10:08:09.264,65.3550,4
36489264064419,10:08:09.264,65.3550,2
36489264064419,10:08:09.264,65.3550,2
36489264064419,10:08:09.264,65.3550,3
36489264064419,10:08:09.264,65.3550,8
36489264064419,10:08:09.264,65.3550,5
36489264064419,10:08:09.264,65.3550,2
36489264064419,10:08:09.264,65.3550,2
36489264064419,10:08:09.264,65.3550,2
36489264064419,10:08:09.264,65.3550,3
36489264064419,10:08:09.264,65.3550,2
36489264064419,10:08:09.264,65.3550,2
36489264064419,10:08:09.264,65.3550,2
36489264064419,10:08:09.264,65.3550,2
36489264064419,10:08:09.264,65.3550,3
36489264064419,10:08:09.264,65.3600,42
36489264127379,10:08:09.264,65.3600,5
36489264166876,10:08:09.264,65.3600,5
36489872774172,10:08:09.872,65.3600,48
36494268354102,10:08:14.268,65.3600,200
36495332592922,10:08:15.332,65.3500,6
36495337398969,10:08:15.337,65.3400,100
36495337398969,10:08:15.337,65.3400,100
36499687254716,10:08:19.687,65.3300,100
36499687280251,10:08:19.687,65.3300,200
36499687280251,10:08:19.687,65.3300,100
36509274660483,10:08:29.274,65.3400,100
36509274719690,10:08:29.274,65.3400,29
36511292259125,10:08:31.292,65.3500,100
36513261709333,10:08:33.261,65.3400,100
36524636673738,10:08:44.636,65.3600,100
36524636673738,10:08:44.636,65.3600,100
36537228148805,10:08:57.228,65.3800,100
36538692632390,10:08:58.692,65.4100,77
36540915396627,10:09:00.915,65.4100,23
36543500827521,10:09:03.500,65.4100,100
36553569651860,10:09:13.569,65.3900,100
36553686422248,10:09:13.686,65.3800,300
36559878125408,10:09:19.878,65.4100,100
36575800251475,10:09:35.800,65.4400,100
36579844218616,10:09:39.844,65.4500,100
36579844218616,10:09:39.844,65.4500,2
36579844225856,10:09:39.844,65.4500,98
36579852776632,10:09:39.852,65.4700,5
36604878599665,10:10:04.878,65.4700,100
36604879231986,10:10:04.879,65.4700,100
36604879231986,10:10:04.879,65.4700,100
36604879231986,10:10:04.879,65.4700,100
36604879231986,10:10:04.879,65.4700,100
36604879231986,10:10:04.879,65.4700,100
36604879231986,10:10:04.879,65.4700,100
36604879696374,10:10:04.879,65.4700,100
36604879696374,10:10:04.879,65.4700,100
36604879696374,10:10:04.879,65.4700,100
36604879696374,10:10:04.879,65.4700,100
36604880353924,10:10:04.880,65.4600,100
36604975835498,10:10:04.975,65.4500,200
36604975835498,10:10:04.975,65.4500,100
36604975862693,10:10:04.975,65.4500,6
36604975862693,10:10:04.975,65.4500,100
36605503817902,10:10:05.503,65.4400,100
36606687953475,10:10:06.687,65.4200,100
36606687953475,10:10:06.687,65.4200,100
36607686997397,10:10:07.686,65.4100,100
36607724665313,10:10:07.724,65.4100,100
36607724665313,10:10:07.724,65.4100,100
36609687132698,10:10:09.687,65.4100,100
36610688557588,10:10:10.688,65.4000,100
36610763389783,10:10:10.763,65.4100,100
36610763787305,10:10:10.763,65.4100,100
36611686311271,10:10:11.686,65.4000,100
36611686311271,10:10:11.686,65.4000,100
36612689258785,10:10:12.689,65.3900,100
36615017511659,10:10:15.017,65.3800,100
36615017511659,10:10:15.017,65.3800,100
36621698736701,10:10:21.698,65.3800,1
36621698736701,10:10:21.698,65.3800,100
36621698736701,10:10:21.698,65.3800,99
36621698768613,10:10:21.698,65.3800,1
36621699827314,10:10:21.699,65.3900,100
36622283514369,10:10:22.283,65.4000,100
36622425248165,10:10:22.425,65.4000,100
36622425248165,10:10:22.425,65.4000,100
36623686908550,10:10:23.686,65.3900,100
36623984380181,10:10:23.984,65.3900,100
36623984380181,10:10:23.984,65.3900,100
36626427244854,10:10:26.427,65.3800,200
36626686190050,10:10:26.686,65.3800,100
36628053457334,10:10:28.053,65.3900,100
36629627038056,10:10:29.627,65.4000,200
36630853944972,10:10:30.853,65.3900,100
36631063492515,10:10:31.063,65.3800,100
36637283472153,10:10:37.283,65.3600,100
36637283472153,10:10:37.283,65.3600,100
36639047667430,10:10:39.047,65.3800,100
36639047667430,10:10:39.047,65.3800,100
36639411777338,10:10:39.411,65.3700,100
36645905865451,10:10:45.905,65.3600,100
36667740574416,10:11:07.740,65.3400,100
36668744462055,10:11:08.744,65.3300,100
36669841910219,10:11:09.841,65.3200,100
36679344966577,10:11:19.344,65.3300,100
36679344966577,10:11:19.344,65.3300,100
36679344966577,10:11:19.344,65.3300,100
36685395529789,10:11:25.395,65.3500,100
36707412198819,10:11:47.412,65.3700,100
36708689580499,10:11:48.689,65.3800,25
36708689847334,10:11:48.689,65.3800,40
36708689855915,10:11:48.689,65.3800,5
36708689961173,10:11:48.689,65.3800,30
36708691496510,10:11:48.691,65.3900,25
36708694379343,10:11:48.694,65.3900,32
36708694387240,10:11:48.694,65.3900,43
36708694387240,10:11:48.694,65.3900,100
36708761963053,10:11:48.761,65.3900,100
36711687732406,10:11:51.687,65.3600,82
36712312460143,10:11:52.312,65.3600,200
36712312492106,10:11:52.312,65.3600,18
36712313938284,10:11:52.313,65.3500,100
36717685958185,10:11:57.685,65.3400,100
36721659063146,10:12:01.659,65.3500,100
36721677612330,10:12:01.677,65.3500,200
36721677612330,10:12:01.677,65.3500,100
36721677612330,10:12:01.677,65.3500,100
36721678309105,10:12:01.678,65.3400,100
36721689132162,10:12:01.689,65.3400,100
36721689132162,10:12:01.689,65.3400,100
36723586516804,10:12:03.586,65.3300,100
36723586516804,10:12:03.586,65.3300,7
36723586516804,10:12:03.586,65.3300,100
36723586782241,10:12:03.586,65.3400,1
36723587024138,10:12:03.587,65.3300,1
36723587024138,10:12:03.587,65.3300,4
36723587831149,10:12:03.587,65.3300,96
36723687638118,10:12:03.687,65.3200,100
36724216011229,10:12:04.216,65.3300,1
36724216011229,10:12:04.216,65.3300,100
36724688579861,10:12:04.688,65.3300,100
36724688634020,10:12:04.688,65.3300,1
36725688789780,10:12:05.688,65.3400,77
36725688789780,10:12:05.688,65.3300,77
36725688789780,10:12:05.688,65.3300,46
36726220914597,10:12:06.220,65.3500,100
36728686548330,10:12:08.686,65.3400,100
36734834675550,10:12:14.834,65.3500,100
36734852487174,10:12:14.852,65.3500,200
36734852487174,10:12:14.852,65.3500,100
36734852487174,10:12:14.852,65.3500,100
36734852487174,10:12:14.852,65.3500,100
36734852487174,10:12:14.852,65.3500,100
36734852487174,10:12:14.852,65.3500,100
36734852487174,10:12:14.852,65.3500,100
36734852487174,10:12:14.852,65.3500,100
36735686707809,10:12:15.686,65.3400,100
36736171483231,10:12:16.171,65.3400,100
36762216079760,10:12:42.216,65.3400,100
36762216111838,10:12:42.216,65.3400,97
36766687596769,10:12:46.687,65.3100,100
36768272443475,10:12:48.272,65.3100,100
36768856588412,10:12:48.856,65.3200,100
36768856588412,10:12:48.856,65.3200,100
36778542262409,10:12:58.542,65.3100,77
36781709666391,10:13:01.709,65.3300,100
36781715108514,10:13:01.715,65.3300,17
36781715161324,10:13:01.715,65.3300,17
36782686549980,10:13:02.686,65.3200,100
36787243788483,10:13:07.243,65.3300,13
36807524943854,10:13:27.524,65.3600,5
36807531993038,10:13:27.531,65.3600,95
36807582943285,10:13:27.582,65.3500,100
36807582943285,10:13:27.582,65.3500,100
36811645842462,10:13:31.645,65.3500,100
36811645842462,10:13:31.645,65.3500,88
36812688222180,10:13:32.688,65.3400,200
36812688250861,10:13:32.688,65.3400,100
36812721485260,10:13:32.721,65.3400,57
36814687080475,10:13:34.687,65.3300,100
36816686043555,10:13:36.686,65.3100,100
36822385890592,10:13:42.385,65.3100,100
36825090396882,10:13:45.090,65.3100,100
36825090396882,10:13:45.090,65.3100,100
36827553793201,10:13:47.553,65.3100,2
36833474883817,10:13:53.474,65.3200,100
36833788942561,10:13:53.788,65.3100,100
36833788942561,10:13:53.788,65.3100,100
36834687988233,10:13:54.687,65.3000,100
36835947034313,10:13:55.947,65.3000,200
36835947034313,10:13:55.947,65.3000,100
36835948386141,10:13:55.948,65.3000,100
36840216172376,10:14:00.216,65.2900,100
36840216236637,10:14:00.216,65.2900,100
36840216258355,10:14:00.216,65.2900,100
36840216649684,10:14:00.216,65.2900,100
36841204807562,10:14:01.204,65.2900,100
36841691060068,10:14:01.691,65.2900,100
36842695289115,10:14:02.695,65.2800,17
36842708572548,10:14:02.708,65.2800,39
36842709032583,10:14:02.709,65.2800,12
36845155485707,10:14:05.155,65.2800,13
36858187488835,10:14:18.187,65.3100,100
36858187881134,10:14:18.187,65.3100,100
36858187881134,10:14:18.187,65.3100,100
36858187881134,10:14:18.187,65.3100,100
36858187908388,10:14:18.187,65.3100,100
36858689728500,10:14:18.689,65.3000,100
36858689728500,10:14:18.689,65.3000,100
36868507908434,10:14:28.507,65.3100,100
36868507908434,10:14:28.507,65.3100,100
36870686587312,10:14:30.686,65.2900,13
36870686587312,10:14:30.686,65.2900,87
36870688764379,10:14:30.688,65.2900,13
36870688764379,10:14:30.688,65.2900,8
36875095745882,10:14:35.095,65.2900,100
36875095745882,10:14:35.095,65.2900,100
36875096157886,10:14:35.096,65.2900,100
36875686917635,10:14:35.686,65.2800,100
36878634764270,10:14:38.634,65.2800,67
36882295775819,10:14:42.295,65.2700,102
36882295784124,10:14:42.295,65.2700,98
36884091320339,10:14:44.091,65.2800,100
36895798815652,10:14:55.798,65.3000,100
36896086955528,10:14:56.086,65.3000,100
36902649274586,10:15:02.649,65.2900,100
36902649366945,10:15:02.649,65.2900,100
36902694564879,10:15:02.694,65.2900,100
36902694564879,10:15:02.694,65.2900,100
36902731343296,10:15:02.731,65.2800,100
36903689299442,10:15:03.689,65.2700,100
36904469571759,10:15:04.469,65.2700,10
36904469584754,10:15:04.469,65.2700,90
36904469947800,10:15:04.469,65.2700,100
36904474969242,10:15:04.474,65.2700,83
36904689120305,10:15:04.689,65.2600,100
36905691800786,10:15:05.691,65.2500,100
36908215525359,10:15:08.215,65.2400,77
36910024011685,10:15:10.024,65.2400,17
36910024011685,10:15:10.024,65.2400,83
36910024111829,10:15:10.024,65.2400,117
36913689240808,10:15:13.689,65.2400,77
36913689240808,10:15:13.689,65.2400,23
36916225829516,10:15:16.225,65.2500,100
36929582211592,10:15:29.582,65.2600,100
36935958544134,10:15:35.958,65.2600,2
36942309192246,10:15:42.309,65.3000,100
36942309192246,10:15:42.309,65.3000,100
36942309192246,10:15:42.309,65.3000,87
36942309192246,10:15:42.309,65.3000,100
36964082982939,10:16:04.082,65.2900,100
36964082982939,10:16:04.082,65.2900,100
36965221890178,10:16:05.221,65.3000,100
36965221890178,10:16:05.221,65.3000,100
36969685865525,10:16:09.685,65.3000,100
36969685890368,10:16:09.685,65.3000,100
36969703949720,10:16:09.703,65.3000,100
36970437602674,10:16:10.437,65.3000,200
36970437602674,10:16:10.437,65.3000,100
36970475636212,10:16:10.475,65.3000,100
36973248508831,10:16:13.248,65.3000,100
36973248508831,10:16:13.248,65.3000,100
36973456205693,10:16:13.456,65.3000,200
36973456205693,10:16:13.456,65.3000,100
36975016508597,10:16:15.016,65.3100,100
36975054592286,10:16:15.054,65.3000,100
36975276284623,10:16:15.276,65.3000,100
36975276284623,10:16:15.276,65.3000,100
36985994790327,10:16:25.994,65.3100,100
36985994790327,10:16:25.994,65.3100,100
36986011938752,10:16:26.011,65.3000,100
36986011938752,10:16:26.011,65.3000,100
36992005020551,10:16:32.005,65.3000,100
36992006844630,10:16:32.006,65.3000,10
36992078935241,10:16:32.078,65.3000,9
36992078935241,10:16:32.078,65.3000,100
36995065533323,10:16:35.065,65.3000,200
36995065533323,10:16:35.065,65.3000,100
37012978167282,10:16:52.978,65.2500,100
37018599833794,10:16:58.599,65.2300,100
37021148344841,10:17:01.148,65.2400,100
37028048849102,10:17:08.048,65.2300,100
37031144430512,10:17:11.144,65.2200,100
37031144433161,10:17:11.144,65.2200,100
37031144506791,10:17:11.144,65.2200,60
37031144554911,10:17:11.144,65.2200,40
37031144702874,10:17:11.144,65.2200,200
37031144702874,10:17:11.144,65.2200,100
37031420926089,10:17:11.420,65.2100,100
37031580511828,10:17:11.580,65.2100,200
37031580511828,10:17:11.580,65.2100,200
37032585204091,10:17:12.585,65.2200,100
37032585204091,10:17:12.585,65.2200,100
37032824033992,10:17:12.824,65.2100,100
37035008607349,10:17:15.008,65.2200,100
37050928271763,10:17:30.928,65.2100,300
37050937324149,10:17:30.937,65.2000,100
37050937324149,10:17:30.937,65.2000,100
37054571554467,10:17:34.571,65.1900,44
37054571554467,10:17:34.571,65.1900,156
37054571585986,10:17:34.571,65.1900,44
37059026923564,10:17:39.026,65.1900,100
37059035809770,10:17:39.035,65.1900,4
37061743106525,10:17:41.743,65.1800,100
37066654159771,10:17:46.654,65.1500,36
37066925882952,10:17:46.925,65.1500,41
37067530311674,10:17:47.530,65.1600,100
37067654161785,10:17:47.654,65.1600,2
37068459272926,10:17:48.459,65.1600,62
37070499878527,10:17:50.499,65.1600,100
37077775449280,10:17:57.775,65.1600,100
37081152308122,10:18:01.152,65.1700,100
37082623744562,10:18:02.623,65.1700,100
37082623744562,10:18:02.623,65.1700,100
37085021800878,10:18:05.021,65.1700,28
37087380785047,10:18:07.380,65.1600,9
37087380785047,10:18:07.380,65.1600,100
37087383768159,10:18:07.383,65.1500,100
37089785065746,10:18:09.785,65.1500,100
37091886977311,10:18:11.886,65.1400,100
37091886977311,10:18:11.886,65.1400,100
37097738029056,10:18:17.738,65.1500,100
37099733480834,10:18:19.733,65.1600,100
37099733628321,10:18:19.733,65.1600,100
37104726124326,10:18:24.726,65.1600,100
37104726138473,10:18:24.726,65.1600,100
37104746625215,10:18:24.746,65.1600,100
37104966069665,10:18:24.966,65.1700,100
37104966069665,10:18:24.966,65.1700,100
37113002403826,10:18:33.002,65.1800,100
37113002403826,10:18:33.002,65.1800,43
37113002614821,10:18:33.002,65.1800,21
37113002954652,10:18:33.002,65.1800,36
37123810762356,10:18:43.810,65.2200,100
37129985524931,10:18:49.985,65.2300,100
37129985524931,10:18:49.985,65.2300,100
37136500680972,10:18:56.500,65.2300,100
37136506111449,10:18:56.506,65.2400,100
37136511625741,10:18:56.511,65.2400,99
37142863495182,10:19:02.863,65.2500,50
37143871429823,10:19:03.871,65.2500,13
37149084431981,10:19:09.084,65.2600,100
37149153043170,10:19:09.153,65.2700,21
37155983316141,10:19:15.983,65.2500,100
37155983338492,10:19:15.983,65.2500,100
37158506066942,10:19:18.506,65.2400,100
37174267390491,10:19:34.267,65.2700,100
37179199475041,10:19:39.199,65.2700,77
37191296170183,10:19:51.296,65.2300,100
37191943179741,10:19:51.943,65.2400,100
37205145932757,10:20:05.145,65.2800,3
37205145949305,10:20:05.145,65.2800,97
37207677473982,10:20:07.677,65.2900,100
37210032217533,10:20:10.032,65.2700,8
37210411688782,10:20:10.411,65.2600,100
37210411688782,10:20:10.411,65.2600,100
37222438806827,10:20:22.438,65.2700,100
37229862391001,10:20:29.862,65.3000,9
37229878556690,10:20:29.878,65.3100,100
37232653444507,10:20:32.653,65.3000,94
37232653856228,10:20:32.653,65.3000,6
37232653856228,10:20:32.653,65.3000,94
37232654625702,10:20:32.654,65.2900,100
37232654625702,10:20:32.654,65.2900,100
37232654625702,10:20:32.654,65.2900,5
37232960752850,10:20:32.960,65.2900,9
37232960752850,10:20:32.960,65.2900,91
37232960784525,10:20:32.960,65.2900,9
37239409783270,10:20:39.409,65.2800,100
37239409783270,10:20:39.409,65.2800,100
37246476095347,10:20:46.476,65.2900,100
37251848983219,10:20:51.848,65.3000,100
37264407014407,10:21:04.407,65.2650,6
37266401349791,10:21:06.401,65.2650,7
37266401349791,10:21:06.401,65.2700,100
37266401349791,10:21:06.401,65.2700,100
37267041625148,10:21:07.041,65.2600,100
37269565190923,10:21:09.565,65.2400,85
37270796876763,10:21:10.796,65.2300,35
37279407118446,10:21:19.407,65.2100,100
37279407419843,10:21:19.407,65.2100,100
37293940579402,10:21:33.940,65.2300,100
37302137323057,10:21:42.137,65.2300,100
37302567519655,10:21:42.567,65.2300,100
37312533272381,10:21:52.533,65.2400,100
37315162672211,10:21:55.162,65.2500,100
37328104177296,10:22:08.104,65.2700,97
37331614810602,10:22:11.614,65.2700,100
37334879011554,10:22:14.879,65.2900,100
37334879469839,10:22:14.879,65.2900,100
37334879469839,10:22:14.879,65.2900,100
37334879500403,10:22:14.879,65.2900,100
37334879500403,10:22:14.879,65.2900,100
37334879910021,10:22:14.879,65.2900,100
37334879910021,10:22:14.879,65.2900,100
37334879910021,10:22:14.879,65.2900,100
37334881059238,10:22:14.881,65.2900,100
37334881139841,10:22:14.881,65.2900,53
37334881156447,10:22:14.881,65.2900,47
37334881156447,10:22:14.881,65.2900,53
37334881645591,10:22:14.881,65.2800,100
37334881688166,10:22:14.881,65.2800,100
37334881701533,10:22:14.881,65.2800,100
37334882288947,10:22:14.882,65.2800,500
37334882288947,10:22:14.882,65.2800,33
37335420514316,10:22:15.420,65.2800,100
37335420730233,10:22:15.420,65.2800,9
37337914999002,10:22:17.914,65.2700,97
37337915028868,10:22:17.915,65.2700,3
37337925282283,10:22:17.925,65.2700,97
37338035767820,10:22:18.035,65.2700,3
37338035767820,10:22:18.035,65.2700,95
37338035822593,10:22:18.035,65.2700,5
37338045187474,10:22:18.045,65.2700,97
37338156587255,10:22:18.156,65.2700,3
37338156587255,10:22:18.156,65.2700,94
37339167417211,10:22:19.167,65.2600,66
37339171365315,10:22:19.171,65.2600,34
37345634552143,10:22:25.634,65.2500,5
37345635374600,10:22:25.635,65.2500,26
37346173978000,10:22:26.173,65.2500,69
37346173978000,10:22:26.173,65.2500,100
37346174395257,10:22:26.174,65.2500,100
37346174978126,10:22:26.174,65.2500,100
37362320918628,10:22:42.320,65.2100,3
37362320921268,10:22:42.320,65.2100,2
37362320923281,10:22:42.320,65.2100,2
37362320928090,10:22:42.320,65.2100,2
37362320928772,10:22:42.320,65.2100,7
37362320930897,10:22:42.320,65.2100,4
37362320931399,10:22:42.320,65.2100,2
37363017283602,10:22:43.017,65.2100,100
37388175043090,10:23:08.175,65.2100,100
37389553620916,10:23:09.553,65.2200,100
37398194515929,10:23:18.194,65.2200,200
37401437806956,10:23:21.437,65.2200,100
37402418917040,10:23:22.418,65.2100,100
37412502537321,10:23:32.502,65.2100,86
37412502565365,10:23:32.502,65.2100,14
37412504582637,10:23:32.504,65.2200,100
37415235311284,10:23:35.235,65.2300,100
37428848235323,10:23:48.848,65.2400,53
37434634872659,10:23:54.634,65.2200,53
37434634952872,10:23:54.634,65.2200,47
37434634952872,10:23:54.634,65.2200,100
37435201518916,10:23:55.201,65.2100,100
37441741181601,10:24:01.741,65.2200,100
37447057480068,10:24:07.057,65.2000,53
37447346603301,10:24:07.346,65.2100,100
37463419435029,10:24:23.419,65.2000,100
37468573193288,10:24:28.573,65.2000,9
37468598578654,10:24:28.598,65.1700,2
37468598705053,10:24:28.598,65.1700,2
37468598705590,10:24:28.598,65.1700,2
37468598922058,10:24:28.598,65.1700,2
37469303956465,10:24:29.303,65.1800,33
37473581643017,10:24:33.581,65.1700,100
37475366817767,10:24:35.366,65.1800,100
37475420532098,10:24:35.420,65.1800,100
37475420580959,10:24:35.420,65.1800,48
37493012767974,10:24:53.012,65.1900,52
37493012797425,10:24:53.012,65.1900,48
37493012797425,10:24:53.012,65.1900,31
37493012884406,10:24:53.012,65.1900,69
37493022375609,10:24:53.022,65.2000,100
37494135186888,10:24:54.135,65.1800,100
37500014379885,10:25:00.014,65.1900,100
37500143905933,10:25:00.143,65.2000,100
37500143905933,10:25:00.143,65.2000,100
37500144083395,10:25:00.144,65.2000,100
37500144155201,10:25:00.144,65.2000,73
37500167115418,10:25:00.167,65.2000,98
37506685196370,10:25:06.685,65.2100,100
37506685196370,10:25:06.685,65.2100,100
37515356742520,10:25:15.356,65.2400,100
37517933454400,10:25:17.933,65.2300,90
37528134841577,10:25:28.134,65.2300,100
37531740236341,10:25:31.740,65.2500,100
37538590478251,10:25:38.590,65.2600,100
37538605404101,10:25:38.605,65.2600,200
37538605404101,10:25:38.605,65.2600,100
37538766367415,10:25:38.766,65.2500,100
37538766367415,10:25:38.766,65.2500,100
37554419062666,10:25:54.419,65.2400,100
37557462976900,10:25:57.462,65.2600,5
37557466231370,10:25:57.466,65.2600,82
37558422575857,10:25:58.422,65.2400,100
37559420006985,10:25:59.420,65.2400,100
37559420033148,10:25:59.420,65.2400,151
37559420033148,10:25:59.420,65.2400,100
37559420033148,10:25:59.420,65.2400,100
37559420034577,10:25:59.420,65.2400,31
37559421584541,10:25:59.421,65.2300,100
37564066804682,10:26:04.066,65.2200,9
37564420936983,10:26:04.420,65.2100,100
37567934418995,10:26:07.934,65.2100,89
37589246321046,10:26:29.246,65.1700,100
37591882737907,10:26:31.882,65.1800,100
37592232811659,10:26:32.232,65.1800,100
37592232811659,10:26:32.232,65.1800,100
37599258238350,10:26:39.258,65.1600,200
37601229308838,10:26:41.229,65.1700,100
37605647326275,10:26:45.647,65.1600,200
37605648846221,10:26:45.648,65.1500,5
37605648876016,10:26:45.648,65.1500,100
37606001279401,10:26:46.001,65.1450,2
37606001279401,10:26:46.001,65.1500,98
37606001310600,10:26:46.001,65.1500,2
37607933543397,10:26:47.933,65.1600,53
37607933599841,10:26:47.933,65.1600,100
37613421977169,10:26:53.421,65.1600,97
37626935373972,10:27:06.935,65.1500,100
37627051505576,10:27:07.051,65.1500,53
37627068568544,10:27:07.068,65.1500,47
37627830505054,10:27:07.830,65.1500,7
37627830505054,10:27:07.830,65.1500,93
37627830536063,10:27:07.830,65.1500,7
37628005429582,10:27:08.005,65.1600,50
37632691096723,10:27:12.691,65.1600,100
37644367790353,10:27:24.367,65.1700,100
37644367790353,10:27:24.367,65.1700,100
37650091582208,10:27:30.091,65.1800,100
37654086552183,10:27:34.086,65.2000,1
37663459496561,10:27:43.459,65.2100,100
37676518064830,10:27:56.518,65.2000,200
37685600779260,10:28:05.600,65.2200,100
37685600779260,10:28:05.600,65.2200,100
37685600779260,10:28:05.600,65.2200,100
37685600779260,10:28:05.600,65.2200,100
37685852866704,10:28:05.852,65.2300,100
37685854354027,10:28:05.854,65.2400,100
37685854354027,10:28:05.854,65.2400,100
37685854354027,10:28:05.854,65.2400,100
37685854638088,10:28:05.854,65.2400,200
37685854638088,10:28:05.854,65.2400,100
37685871346741,10:28:05.871,65.2300,52
37686110076474,10:28:06.110,65.2200,100
37686110076474,10:28:06.110,65.2200,99
37686110076474,10:28:06.110,65.2200,100
37686110404147,10:28:06.110,65.2200,200
37686110404147,10:28:06.110,65.2200,100
37686111077651,10:28:06.111,65.2300,100
37686111077651,10:28:06.111,65.2300,200
37686423755233,10:28:06.423,65.2200,15
37686423755233,10:28:06.423,65.2200,100
37686423755233,10:28:06.423,65.2200,100
37687420345532,10:28:07.420,65.2100,100
37687420345532,10:28:07.420,65.2100,8
37688422024876,10:28:08.422,65.2000,100
37694470933861,10:28:14.470,65.2100,100
37695283885804,10:28:15.283,65.2100,100
37708846543171,10:28:28.846,65.1900,100
37708849800907,10:28:28.849,65.1800,98
37708849800907,10:28:28.849,65.1800,100
37708872547412,10:28:28.872,65.1700,100
37708872547412,10:28:28.872,65.1700,100
37711420022452,10:28:31.420,65.1600,100
37713419211926,10:28:33.419,65.1500,100
37714289219786,10:28:34.289,65.1500,900
37714290273689,10:28:34.290,65.1400,500
37719625013118,10:28:39.625,65.1300,100
37719630846422,10:28:39.630,65.1400,200
37719636601511,10:28:39.636,65.1500,100
37719636601511,10:28:39.636,65.1500,100
37719644188948,10:28:39.644,65.1600,100
37719645327070,10:28:39.645,65.1600,100
37719653838366,10:28:39.653,65.1600,100
37719943117678,10:28:39.943,65.1600,100
37720003304043,10:28:40.003,65.1600,100
37721421665491,10:28:41.421,65.1400,100
37723802709049,10:28:43.802,65.1400,100
37723802709049,10:28:43.802,65.1400,100
37723802709049,10:28:43.802,65.1400,100
37724418884885,10:28:44.418,65.1400,100
37726907235944,10:28:46.907,65.1500,100
37726907235944,10:28:46.907,65.1500,100
37726907235944,10:28:46.907,65.1500,100
37748419840855,10:29:08.419,65.1800,50
37748419840855,10:29:08.419,65.1800,50
37748419871965,10:29:08.419,65.1800,50
37776056813245,10:29:36.056,65.2000,100
37776058987256,10:29:36.058,65.2100,100
37776058987256,10:29:36.058,65.2100,100
37778262842268,10:29:38.262,65.2300,100
37782833001447,10:29:42.833,65.2500,100
37791826591692,10:29:51.826,65.2500,100
37796338968316,10:29:56.338,65.2600,100
37796339051614,10:29:56.339,65.2500,100
37797173511251,10:29:57.173,65.2600,100
37800069660203,10:30:00.069,65.2800,100
37800082020112,10:30:00.082,65.3200,100
37800082020112,10:30:00.082,65.3200,100
37800085081400,10:30:00.085,65.3300,100
37800087002516,10:30:00.087,65.3500,100
37800087002516,10:30:00.087,65.3500,100
37800087002516,10:30:00.087,65.3500,100
37800087002516,10:30:00.087,65.3500,200
37800087711286,10:30:00.087,65.3700,100
37800105523781,10:30:00.105,65.3900,100
37800107402606,10:30:00.107,65.4200,24
37800107444003,10:30:00.107,65.4200,113
37800107487862,10:30:00.107,65.4200,63
37800107487862,10:30:00.107,65.4200,37
37800107957858,10:30:00.107,65.4200,29
37800110073133,10:30:00.110,65.4200,28
37800117465999,10:30:00.117,65.4200,46
37800117860579,10:30:00.117,65.4200,11
37800129640640,10:30:00.129,65.3600,33
37800134227825,10:30:00.134,65.3500,100
37800134227825,10:30:00.134,65.3500,100
37800134227825,10:30:00.134,65.3500,89
37800134227825,10:30:00.134,65.3500,100
37800134615326,10:30:00.134,65.3700,33
37800160884666,10:30:00.160,65.3300,33
37800160884666,10:30:00.160,65.3300,100
37800160884666,10:30:00.160,65.3300,300
37800160884666,10:30:00.160,65.3300,367
37800170779449,10:30:00.170,65.3700,100
37800178282014,10:30:00.178,65.3500,33
37800178282014,10:30:00.178,65.3400,100
37800178282014,10:30:00.178,65.3400,100
37800178282014,10:30:00.178,65.3400,100
37800182256887,10:30:00.182,65.3300,33
37800186348101,10:30:00.186,65.3600,100
37800193144179,10:30:00.193,65.3300,100
37800193144179,10:30:00.193,65.3300,33
37800193178293,10:30:00.193,65.3500,10
37800193349661,10:30:00.193,65.3300,100
37800194420824,10:30:00.194,65.3500,100
37800194587396,10:30:00.194,65.3300,10
37800194587396,10:30:00.194,65.3300,100
37800194587396,10:30:00.194,65.3300,94
37800194587396,10:30:00.194,65.3300,10
37800194927910,10:30:00.194,65.3500,100
37800197677974,10:30:00.197,65.3500,4
37800198431447,10:30:00.198,65.3300,88
37800200405989,10:30:00.200,65.3300,12
37800203209043,10:30:00.203,65.3500,76
37800205210376,10:30:00.205,65.3200,100
37800205210376,10:30:00.205,65.3200,100
37800205210376,10:30:00.205,65.3200,100
37800205233084,10:30:00.205,65.3200,10
37800205233084,10:30:00.205,65.3200,33
37800205682920,10:30:00.205,65.3300,33
37800280206424,10:30:00.280,65.3800,13
37800326327830,10:30:00.326,65.3800,66
37800382698418,10:30:00.382,65.3800,4
37800407236008,10:30:00.407,65.3800,33
37800563561691,10:30:00.563,65.3600,33
37800563561691,10:30:00.563,65.3500,100
37800563561691,10:30:00.563,65.3500,89
37800585843577,10:30:00.585,65.3400,33
37800585843577,10:30:00.585,65.3300,100
37800585843577,10:30:00.585,65.3300,100
37800586577199,10:30:00.586,65.3300,4
37800611303205,10:30:00.611,65.3500,38
37800615525421,10:30:00.615,65.3500,12
37800615839723,10:30:00.615,65.3500,12
37800623508581,10:30:00.623,65.3400,33
37800623508581,10:30:00.623,65.3300,96
37800623508581,10:30:00.623,65.3300,100
37800623508581,10:30:00.623,65.3300,33
37800623508581,10:30:00.623,65.3300,138
37800625212211,10:30:00.625,65.3300,33
37801140325329,10:30:01.140,65.3700,224
37801140935566,10:30:01.140,65.3700,200
37801140935566,10:30:01.140,65.3700,100
37801447233918,10:30:01.447,65.3600,100
37801447233918,10:30:01.447,65.3600,100
37802419544958,10:30:02.419,65.3600,200
37802419544958,10:30:02.419,65.3600,100
37802420049666,10:30:02.420,65.3600,100
37803421886746,10:30:03.421,65.3600,100
37803421886746,10:30:03.421,65.3600,8
37810339610216,10:30:10.339,65.3700,100
37810339610216,10:30:10.339,65.3700,100
37813234736307,10:30:13.234,65.3700,100
37813234736307,10:30:13.234,65.3700,100
37813238729563,10:30:13.238,65.3700,100
37813238739489,10:30:13.238,65.3700,48
37813238790071,10:30:13.238,65.3700,52
37816771462937,10:30:16.771,65.3800,100
37816772044460,10:30:16.772,65.3700,25
37816772325299,10:30:16.772,65.3700,75
37816772325299,10:30:16.772,65.3700,100
37816772404375,10:30:16.772,65.3700,5
37816772696664,10:30:16.772,65.3700,95
37816775376429,10:30:16.775,65.3600,100
37817423269379,10:30:17.423,65.3500,76
37820618351651,10:30:20.618,65.3500,33
37820889495532,10:30:20.889,65.3500,100
37820889495532,10:30:20.889,65.3500,100
37830818889862,10:30:30.818,65.3500,1
37830911004038,10:30:30.911,65.3500,1
37831535556783,10:30:31.535,65.3500,2
37831918794437,10:30:31.918,65.3500,2
37832274863970,10:30:32.274,65.3500,1
37832305975444,10:30:32.305,65.3500,26
37832409506770,10:30:32.409,65.3700,100
37832409506770,10:30:32.409,65.3700,130
37832409506770,10:30:32.409,65.3700,33
37832409549898,10:30:32.409,65.3800,100
37832409549898,10:30:32.409,65.3800,100
37832409549898,10:30:32.409,65.3800,100
37833149859661,10:30:33.149,65.3600,200
37834587809649,10:30:34.587,65.3600,76
37835420402814,10:30:35.420,65.3400,100
37836208369742,10:30:36.208,65.3400,200
37836421079741,10:30:36.421,65.3300,100
37836421079741,10:30:36.421,65.3300,100
37836421131760,10:30:36.421,65.3300,100
37837420421210,10:30:37.420,65.3300,100
37837420460533,10:30:37.420,65.3300,100
37838422008292,10:30:38.422,65.3200,100
37838423119240,10:30:38.423,65.3200,200
37838423181310,10:30:38.423,65.3200,100
37841458652092,10:30:41.458,65.2900,100
37842416076777,10:30:42.416,65.3000,100
37842416076777,10:30:42.416,65.3000,124
37842418930713,10:30:42.418,65.3000,100
37844427996964,10:30:44.427,65.3000,100
37844427996964,10:30:44.427,65.3000,100
37844427996964,10:30:44.427,65.3000,100
37845290990878,10:30:45.290,65.3100,100
37845310382943,10:30:45.310,65.3100,200
37845334978117,10:30:45.334,65.3100,100
37845419778027,10:30:45.419,65.3000,100
37846421365343,10:30:46.421,65.3000,100
37847002902003,10:30:47.002,65.3100,41
37847416423184,10:30:47.416,65.3100,59
37847722645930,10:30:47.722,65.3100,100
37847867227229,10:30:47.867,65.3100,100
37848627373777,10:30:48.627,65.3000,100
37848627664933,10:30:48.627,65.3000,100
37848627664933,10:30:48.627,65.3000,100
37849357395045,10:30:49.357,65.3100,100
37849359291646,10:30:49.359,65.3000,100
37851420570664,10:30:51.420,65.2900,100
37851478739678,10:30:51.478,65.2800,200
37851478739678,10:30:51.478,65.2800,86
37851478780546,10:30:51.478,65.2800,14
37855299618505,10:30:55.299,65.2900,200
37855299618505,10:30:55.299,65.2900,100
37855299645550,10:30:55.299,65.2900,200
37855300087152,10:30:55.300,65.2900,12
37855300118255,10:30:55.300,65.2900,88
37855300118255,10:30:55.300,65.2900,12
37855300156037,10:30:55.300,65.2900,12
37855300217217,10:30:55.300,65.2900,12
37855300274489,10:30:55.300,65.2900,12
37855300332438,10:30:55.300,65.2900,12
37855300390803,10:30:55.300,65.2900,12
37855300541606,10:30:55.300,65.2900,12
37855300599050,10:30:55.300,65.2900,4
37855300662946,10:30:55.300,65.2900,8
37856276739425,10:30:56.276,65.2900,100
37856471308834,10:30:56.471,65.2800,100
37856471308834,10:30:56.471,65.2800,100
37857621390873,10:30:57.621,65.2200,100
37857621486361,10:30:57.621,65.2200,50
37857622028687,10:30:57.622,65.2200,100
37859480705659,10:30:59.480,65.2500,100
37859480705659,10:30:59.480,65.2600,100
37860358169825,10:31:00.358,65.2600,100
37860358660979,10:31:00.358,65.2600,100
37860358660979,10:31:00.358,65.2600,100
37860358660979,10:31:00.358,65.2600,100
37860358660979,10:31:00.358,65.2600,100
37860579652434,10:31:00.579,65.2400,100
37860579901421,10:31:00.579,65.2400,100
37861182146690,10:31:01.182,65.2400,100
37861182146690,10:31:01.182,65.2400,93
37862856745227,10:31:02.856,65.2700,100
37862856769037,10:31:02.856,65.2700,200
37862859280086,10:31:02.859,65.2700,100
37862859280086,10:31:02.859,65.2700,100
37863421434317,10:31:03.421,65.2600,100
37863421434317,10:31:03.421,65.2600,100
37864421758632,10:31:04.421,65.2500,100
37864421758632,10:31:04.421,65.2500,100
37864482774702,10:31:04.482,65.2600,100
37864482774702,10:31:04.482,65.2600,100
37864482803323,10:31:04.482,65.2600,200
37877689192648,10:31:17.689,65.2900,100
37877689192648,10:31:17.689,65.2900,76
37877689209777,10:31:17.689,65.2900,24
37877689209777,10:31:17.689,65.2900,176
37884609095522,10:31:24.609,65.3100,100
37884609095522,10:31:24.609,65.3100,100
37891194454236,10:31:31.194,65.3700,100
37891195788063,10:31:31.195,65.3800,100
37891198369597,10:31:31.198,65.4000,33
37897421970126,10:31:37.421,65.4200,4
37897421970126,10:31:37.421,65.4200,100
37897421970126,10:31:37.421,65.4200,86
37901379989214,10:31:41.379,65.4300,14
37901380034780,10:31:41.380,65.4300,86
37901380034780,10:31:41.380,65.4300,100
37902609796163,10:31:42.609,65.4200,4
37903165307461,10:31:43.165,65.4200,12
37903251333327,10:31:43.251,65.4200,84
37903251333327,10:31:43.251,65.4200,15
37903251661763,10:31:43.251,65.4200,12
37903251895111,10:31:43.251,65.4200,135
37903251900874,10:31:43.251,65.4200,38
37903251900874,10:31:43.251,65.4200,100
37917422011745,10:31:57.422,65.4100,100
37917794717043,10:31:57.794,65.4100,100
37917794717043,10:31:57.794,65.4100,100
37918422474784,10:31:58.422,65.3900,100
37921808683328,10:32:01.808,65.3800,100
37921808683328,10:32:01.808,65.3800,200
37930807588640,10:32:10.807,65.3500,12
37930807588640,10:32:10.807,65.3500,11
37930807601026,10:32:10.807,65.3500,189
37936422988076,10:32:16.422,65.3400,100
37937421688388,10:32:17.421,65.3300,100
37937426022884,10:32:17.426,65.3200,100
37938420714150,10:32:18.420,65.3200,100
37940421690871,10:32:20.421,65.3100,300
37940421690871,10:32:20.421,65.3100,100
37940705849730,10:32:20.705,65.3000,100
37943423481155,10:32:23.423,65.2900,80
37943559774868,10:32:23.559,65.3000,100
37943875795534,10:32:23.875,65.3000,100
37943876163858,10:32:23.876,65.3000,100
37943876527063,10:32:23.876,65.3000,6
37943876551406,10:32:23.876,65.3000,94
37943980339848,10:32:23.980,65.3000,100
37943980922789,10:32:23.980,65.3000,100
37946422482480,10:32:26.422,65.2900,100
37946424846433,10:32:26.424,65.3000,100
37946424846433,10:32:26.424,65.3000,88
37946427286124,10:32:26.427,65.2900,54
37950199359945,10:32:30.199,65.3000,100
37950199780982,10:32:30.199,65.3000,100
37950200315460,10:32:30.200,65.3000,100
37950200555040,10:32:30.200,65.3000,100
37950202355124,10:32:30.202,65.3000,200
37950424109883,10:32:30.424,65.2900,100
37950424109883,10:32:30.424,65.2900,100
37950435818358,10:32:30.435,65.2800,100
37950439840747,10:32:30.439,65.2700,100
37953124695447,10:32:33.124,65.2700,100
37953127840529,10:32:33.127,65.2800,10
37953128087615,10:32:33.128,65.2900,100
37953423278982,10:32:33.423,65.2800,90
37953487736781,10:32:33.487,65.2900,63
37953487736781,10:32:33.487,65.3000,32
37955506919161,10:32:35.506,65.2900,100
37955506919161,10:32:35.506,65.2900,100
37956364222584,10:32:36.364,65.2900,100
37956364222584,10:32:36.364,65.2900,100
37956420857025,10:32:36.420,65.2700,100
37957398090913,10:32:37.398,65.2700,100
37957398090913,10:32:37.398,65.2700,100
37957398117544,10:32:37.398,65.2700,100
37957398117544,10:32:37.398,65.2700,200
37957398117544,10:32:37.398,65.2700,100
37957398117544,10:32:37.398,65.2700,55
37958565838201,10:32:38.565,65.2700,54
37959915354011,10:32:39.915,65.2800,100
37960421986758,10:32:40.421,65.2700,100
37961065853082,10:32:41.065,65.2700,54
37961065853082,10:32:41.065,65.2700,100
37970747102174,10:32:50.747,65.2800,54
37972301634304,10:32:52.301,65.2800,46
37972302374012,10:32:52.302,65.2800,54
37974180334617,10:32:54.180,65.2800,5
37974180466819,10:32:54.180,65.2800,16
37974180476115,10:32:54.180,65.2800,79
37977870665966,10:32:57.870,65.3000,100
37979297746568,10:32:59.297,65.3000,19
37979297771753,10:32:59.297,65.3000,81
37979915720537,10:32:59.915,65.3000,1
37981525538632,10:33:01.525,65.3000,71
37982157982754,10:33:02.157,65.3000,100
37982427289947,10:33:02.427,65.2900,100
37982427289947,10:33:02.427,65.2900,63
37982460578341,10:33:02.460,65.3000,100
37982461165346,10:33:02.461,65.3000,100
37984558453304,10:33:04.558,65.2900,100
37984560668967,10:33:04.560,65.2900,200
37984560668967,10:33:04.560,65.2900,100
37985424726885,10:33:05.424,65.2800,95
37985424726885,10:33:05.424,65.2800,100
37985540880959,10:33:05.540,65.2800,100
37985540880959,10:33:05.540,65.2800,63
37985918871325,10:33:05.918,65.2700,5
37986609859904,10:33:06.609,65.2700,95
37986772853561,10:33:06.772,65.2800,100
37987361781699,10:33:07.361,65.2700,100
37988333102814,10:33:08.333,65.2700,100
37988333102814,10:33:08.333,65.2700,100
37988333102814,10:33:08.333,65.2700,20
37988333146762,10:33:08.333,65.2700,54
37988333200661,10:33:08.333,65.2700,100
37988333240622,10:33:08.333,65.2700,26
37988423119659,10:33:08.423,65.2600,200
37988423218965,10:33:08.423,65.2600,100
37988815499797,10:33:08.815,65.2600,100
37992706479098,10:33:12.706,65.2700,100
37993364969397,10:33:13.364,65.3000,20
37995422021630,10:33:15.422,65.2700,80
37995422150798,10:33:15.422,65.2700,20
37995422150798,10:33:15.422,65.2700,5
37996557079516,10:33:16.557,65.2500,11
37996557234883,10:33:16.557,65.2500,100
37996560164891,10:33:16.560,65.2400,15
37997882103006,10:33:17.882,65.2500,3
38002804469303,10:33:22.804,65.2500,12
38007038408454,10:33:27.038,65.2600,100
38007038408454,10:33:27.038,65.2600,100
38007420895932,10:33:27.420,65.2600,100
38012341626814,10:33:32.341,65.3000,80
38012341626814,10:33:32.341,65.3000,100
38012341626814,10:33:32.341,65.3000,100
38012347037825,10:33:32.347,65.3100,95
38012347062849,10:33:32.347,65.3100,5
38012422276659,10:33:32.422,65.3000,100
38014435181935,10:33:34.435,65.3000,100
38014435181935,10:33:34.435,65.3000,100
38014537832253,10:33:34.537,65.3000,162
38014761238886,10:33:34.761,65.3000,54
38015460593108,10:33:35.460,65.3000,46
38015462846607,10:33:35.462,65.3000,200
38015462846607,10:33:35.462,65.3000,100
38016420874785,10:33:36.420,65.2900,100
38019546930309,10:33:39.546,65.3100,100
38025175468735,10:33:45.175,65.3400,5
38025175468735,10:33:45.175,65.3400,18
38028441948922,10:33:48.441,65.3300,100
38028441948922,10:33:48.441,65.3300,100
38028941706026,10:33:48.941,65.3200,54
38041642042159,10:34:01.642,65.3300,80
38041642116650,10:34:01.642,65.3300,75
38041642215348,10:34:01.642,65.3300,45
38042426615820,10:34:02.426,65.3200,100
38044698093378,10:34:04.698,65.3300,20
38044698119601,10:34:04.698,65.3300,80
38045777940945,10:34:05.777,65.3300,11
38046294159810,10:34:06.294,65.3200,100
38046294159810,10:34:06.294,65.3200,100
38046294159810,10:34:06.294,65.3200,11
38046421412494,10:34:06.421,65.3100,100
38046421412494,10:34:06.421,65.3100,100
38047420798743,10:34:07.420,65.3100,100
38048008736856,10:34:08.008,65.3100,100
38048008736856,10:34:08.008,65.3100,300
38048016283620,10:34:08.016,65.3000,70
38048018088345,10:34:08.018,65.3000,38
38048019746506,10:34:08.019,65.3000,62
38048021355392,10:34:08.021,65.3000,3
38048021413733,10:34:08.021,65.3000,2
38048021471888,10:34:08.021,65.3000,2
38048021499994,10:34:08.021,65.3000,4
38048021603958,10:34:08.021,65.3000,7
38048021643849,10:34:08.021,65.3000,5
38048021677188,10:34:08.021,65.3000,2
38048057641322,10:34:08.057,65.3000,13
38052090328644,10:34:12.090,65.2900,79
38052420849153,10:34:12.420,65.2800,100
38062259900097,10:34:22.259,65.2800,68
38066104125733,10:34:26.104,65.3000,100
38072421080347,10:34:32.421,65.3400,83
38073421809695,10:34:33.421,65.3600,96
38073421809695,10:34:33.421,65.3600,4
38076397830828,10:34:36.397,65.3500,100
38076617920850,10:34:36.617,65.3500,100
38078419626504,10:34:38.419,65.3600,96
38082583331700,10:34:42.583,65.3700,100
38082596293196,10:34:42.596,65.3600,100
38084626624634,10:34:44.626,65.3650,100
38084946865682,10:34:44.946,65.3700,100
38085847698147,10:34:45.847,65.3800,96
38085852008040,10:34:45.852,65.3800,4
38086829506327,10:34:46.829,65.4000,70
38086829591205,10:34:46.829,65.4000,26
38088200478969,10:34:48.200,65.4100,100
38088200478969,10:34:48.200,65.4100,100
38088423914424,10:34:48.423,65.4100,100
38088474389539,10:34:48.474,65.4200,100
38089022450503,10:34:49.022,65.4200,100
38094422114808,10:34:54.422,65.4200,100
38097465103442,10:34:57.465,65.4000,6
38097466645606,10:34:57.466,65.4000,94
38099381460720,10:34:59.381,65.4000,100
38100497972205,10:35:00.497,65.4000,100
38101437739286,10:35:01.437,65.4200,100
38106420971427,10:35:06.420,65.4300,100
38109419587605,10:35:09.419,65.4200,96
38112026595649,10:35:12.026,65.4200,100
38112026595649,10:35:12.026,65.4200,97
38112026624236,10:35:12.026,65.4200,3
38121061583441,10:35:21.061,65.4200,17
38121073408046,10:35:21.073,65.4200,83
38121317209031,10:35:21.317,65.4200,17
38125651283438,10:35:25.651,65.4400,100
38134133940954,10:35:34.133,65.4500,100
38138657705655,10:35:38.657,65.4600,100
38138956248589,10:35:38.956,65.4600,200
38138956248589,10:35:38.956,65.4600,100
38138956248589,10:35:38.956,65.4600,200
38139421532875,10:35:39.421,65.4600,100
38149703397384,10:35:49.703,65.4800,100
38159574376353,10:35:59.574,65.4900,100
38160199533736,10:36:00.199,65.4800,5
38160199668435,10:36:00.199,65.4800,95
38160199668435,10:36:00.199,65.4800,100
38160202192145,10:36:00.202,65.4700,100
38162008988841,10:36:02.008,65.4650,3
38162008988841,10:36:02.008,65.4650,2
38162008988841,10:36:02.008,65.4650,4
38162008988841,10:36:02.008,65.4650,7
38162008988841,10:36:02.008,65.4650,2
38162008988841,10:36:02.008,65.4650,2
38162008988841,10:36:02.008,65.4650,2
38162008988841,10:36:02.008,65.4650,3
38162008988841,10:36:02.008,65.4650,2
38162008988841,10:36:02.008,65.4650,2
38162008988841,10:36:02.008,65.4650,2
38162008988841,10:36:02.008,65.4700,69
38162625130793,10:36:02.625,65.4700,31
38167032388219,10:36:07.032,65.4700,13
38167032604059,10:36:07.032,65.4700,30
38168871977791,10:36:08.871,65.4800,100
38168871977791,10:36:08.871,65.4800,100
38168871977791,10:36:08.871,65.4800,100
38168874047054,10:36:08.874,65.4900,79
38172811967624,10:36:12.811,65.4900,21
38172811967624,10:36:12.811,65.4900,60
38172812041301,10:36:12.812,65.4900,40
38175467332479,10:36:15.467,65.5000,100
38180763955850,10:36:20.763,65.5100,100
38180767644384,10:36:20.767,65.5200,12
38181507937992,10:36:21.507,65.5100,70
38185232672370,10:36:25.232,65.5100,30
38185232672370,10:36:25.232,65.5100,100
38185232672370,10:36:25.232,65.5100,9
38188655303950,10:36:28.655,65.5000,57
38188655303950,10:36:28.655,65.5000,43
38188655754805,10:36:28.655,65.5000,57
38190538147370,10:36:30.538,65.5200,100
38190538147370,10:36:30.538,65.5200,100
38205025035944,10:36:45.025,65.5400,100
38205606173231,10:36:45.606,65.5500,100
38217465523083,10:36:57.465,65.5650,18
38217465523083,10:36:57.465,65.5600,100
38217465523083,10:36:57.465,65.5600,82
38217465568161,10:36:57.465,65.5600,18
38217696047269,10:36:57.696,65.5600,100
38218422041419,10:36:58.422,65.5600,100
38218430059385,10:36:58.430,65.5600,20
38221422811048,10:37:01.422,65.5500,100
38221788663038,10:37:01.788,65.5600,80
38221788663038,10:37:01.788,65.5600,100
38222380101293,10:37:02.380,65.5700,100
38222382011936,10:37:02.382,65.5600,100
38224092676152,10:37:04.092,65.5500,29
38225420697744,10:37:05.420,65.5400,100
38225420697744,10:37:05.420,65.5400,100
38225420697744,10:37:05.420,65.5400,100
38225420697744,10:37:05.420,65.5400,100
38225748028013,10:37:05.748,65.5300,100
38225748028013,10:37:05.748,65.5300,100
38226421747508,10:37:06.421,65.5100,100
38226421747508,10:37:06.421,65.5100,100
38226421747508,10:37:06.421,65.5100,100
38226496857097,10:37:06.496,65.5100,100
38226496857097,10:37:06.496,65.5100,100
38227423129682,10:37:07.423,65.5000,100
38227423129682,10:37:07.423,65.5000,100
38235257119946,10:37:15.257,65.4600,100
38235421061651,10:37:15.421,65.4600,100
38237422389293,10:37:17.422,65.4600,100
38237979230980,10:37:17.979,65.4650,100
38237979230980,10:37:17.979,65.4700,100
38239258200146,10:37:19.258,65.4600,20
38239258349151,10:37:19.258,65.4600,76
38239258843501,10:37:19.258,65.4600,100
38239333455945,10:37:19.333,65.4600,25
38239333991522,10:37:19.333,65.4600,25
38239413069258,10:37:19.413,65.4600,62
38239413108278,10:37:19.413,65.4600,38
38239413108278,10:37:19.413,65.4600,100
38240131237781,10:37:20.131,65.4300,2
38240224776291,10:37:20.224,65.4200,100
38240224776291,10:37:20.224,65.4200,100
38240720679621,10:37:20.720,65.4400,100
38243421309362,10:37:23.421,65.4300,100
38247119591323,10:37:27.119,65.4400,100
38247421546396,10:37:27.421,65.4400,100
38255559737793,10:37:35.559,65.3900,39
38255559807842,10:37:35.559,65.3900,22
38255559813913,10:37:35.559,65.3900,39
38255579714462,10:37:35.579,65.3800,300
38255634105668,10:37:35.634,65.3800,100
38260881799597,10:37:40.881,65.3700,100
38260881799597,10:37:40.881,65.3700,200
38260885991085,10:37:40.885,65.3600,100
38263186314078,10:37:43.186,65.3700,100
38263188077708,10:37:43.188,65.3800,100
38264970013701,10:37:44.970,65.3800,100
38264970013701,10:37:44.970,65.3800,94
38270456823109,10:37:50.456,65.3900,78
38275184071054,10:37:55.184,65.3700,6
38275184513160,10:37:55.184,65.3700,5
38275184543111,10:37:55.184,65.3700,189
38275184543111,10:37:55.184,65.3700,200
38275184543111,10:37:55.184,65.3700,100
38276499964807,10:37:56.499,65.3800,6
38276504983106,10:37:56.504,65.3800,88
38276546100098,10:37:56.546,65.3800,100
38280146001352,10:38:00.146,65.3800,100
38280146001352,10:38:00.146,65.3800,200
38280146028611,10:38:00.146,65.3800,100
38283012596022,10:38:03.012,65.4000,100
38285676035876,10:38:05.676,65.4100,100
38289738857278,10:38:09.738,65.4300,5
38295655942156,10:38:15.655,65.4300,8
38295655942156,10:38:15.655,65.4300,100
38296113274604,10:38:16.113,65.4200,100
38297065572495,10:38:17.065,65.4300,100
38302531780479,10:38:22.531,65.4600,100
38309055116303,10:38:29.055,65.4400,220
38309055199279,10:38:29.055,65.4400,80
38314344028869,10:38:34.344,65.4600,100
38320413538861,10:38:40.413,65.4500,100
38320413538861,10:38:40.413,65.4500,100
38321396787428,10:38:41.396,65.4400,100
38321397767511,10:38:41.397,65.4300,6
38321527261672,10:38:41.527,65.4400,76
38322216295919,10:38:42.216,65.4400,64
38322216295919,10:38:42.216,65.4500,100
38322216295919,10:38:42.216,65.4500,36
38322818423841,10:38:42.818,65.4500,13
38325390774321,10:38:45.390,65.4400,50
38325390799741,10:38:45.390,65.4400,15
38325390844793,10:38:45.390,65.4400,85
38327559969947,10:38:47.559,65.4400,100
38332747896610,10:38:52.747,65.4400,55
38335223119390,10:38:55.223,65.4500,100
38335243906907,10:38:55.243,65.4400,39
38335243906907,10:38:55.243,65.4400,16
38340102025131,10:39:00.102,65.4400,84
38340108468698,10:39:00.108,65.4300,94
38340142208131,10:39:00.142,65.4300,100
38340142208131,10:39:00.142,65.4300,300
38340142604330,10:39:00.142,65.4300,89
38340142627416,10:39:00.142,65.4300,11
38340143242401,10:39:00.143,65.4300,100
38340829295797,10:39:00.829,65.4400,40
38340839371877,10:39:00.839,65.4400,100
38341223846197,10:39:01.223,65.4400,100
38341223846197,10:39:01.223,65.4400,100
38342236453074,10:39:02.236,65.4400,65
38342236486860,10:39:02.236,65.4400,35
38342236486860,10:39:02.236,65.4400,100
38342236500592,10:39:02.236,65.4400,64
38342236569613,10:39:02.236,65.4400,19
38344390817095,10:39:04.390,65.4300,100
38350527379758,10:39:10.527,65.4200,100
38351685909422,10:39:11.685,65.4000,94
38351703193306,10:39:11.703,65.4000,100
38351703193306,10:39:11.703,65.4000,100
38354583274564,10:39:14.583,65.4000,100
38355251662091,10:39:15.251,65.4000,100
38358116979856,10:39:18.116,65.3900,300
38358116979856,10:39:18.116,65.3900,100
38358121284295,10:39:18.121,65.3700,100
38358121284295,10:39:18.121,65.3700,100
38358121284295,10:39:18.121,65.3700,100
38358122884729,10:39:18.122,65.3600,5
38358125202518,10:39:18.125,65.3600,95
38358134436419,10:39:18.134,65.3500,100
38358794745512,10:39:18.794,65.3300,2
38358794750582,10:39:18.794,65.3300,7
38358794751094,10:39:18.794,65.3300,6
38358794752560,10:39:18.794,65.3300,5
38358794753926,10:39:18.794,65.3300,2
38358794754471,10:39:18.794,65.3300,2
38358794758951,10:39:18.794,65.3300,4
38358794760457,10:39:18.794,65.3300,7
38368475173704,10:39:28.475,65.3600,100
38385240002297,10:39:45.240,65.3900,100
38386334596182,10:39:46.334,65.4000,100
38387392868326,10:39:47.392,65.4000,100
38395310549937,10:39:55.310,65.4000,100
38404591458795,10:40:04.591,65.4000,57
38404591523629,10:40:04.591,65.4000,43
38404591523629,10:40:04.591,65.4000,300
38404591523629,10:40:04.591,65.4000,7
38406413088887,10:40:06.413,65.3900,200
38406643402317,10:40:06.643,65.3900,100
38410020076163,10:40:10.020,65.3700,100
38410020104380,10:40:10.020,65.3700,12
38412924759519,10:40:12.924,65.3700,100
38416219892960,10:40:16.219,65.3800,100
38419069497339,10:40:19.069,65.3800,100
38420627362385,10:40:20.627,65.4000,100
38422940495275,10:40:22.940,65.4000,200
38422940495275,10:40:22.940,65.4000,100
38424113842561,10:40:24.113,65.4200,100
38424113842561,10:40:24.113,65.4200,100
38424114297928,10:40:24.114,65.4200,9
38424132907766,10:40:24.132,65.4100,100
38424135657880,10:40:24.135,65.4000,100
38427466011639,10:40:27.466,65.3900,100
38427968010433,10:40:27.968,65.3900,100
38428469016294,10:40:28.469,65.3900,100
38435111021786,10:40:35.111,65.3900,100
38443736178678,10:40:43.736,65.3800,100
38443736178678,10:40:43.736,65.3800,100
38443736178678,10:40:43.736,65.3800,100
38443737381647,10:40:43.737,65.3700,100
38444749221872,10:40:44.749,65.3700,100
38445521960528,10:40:45.521,65.3700,190
38445521992466,10:40:45.521,65.3700,10
38452920868586,10:40:52.920,65.3600,196
38452920925028,10:40:52.920,65.3600,4
38456013350229,10:40:56.013,65.3700,20
38456013351480,10:40:56.013,65.3700,80
38461192704210,10:41:01.192,65.3900,100
38461223448860,10:41:01.223,65.4000,100
38461223448860,10:41:01.223,65.4000,100
38461223448860,10:41:01.223,65.4000,89
38461331196118,10:41:01.331,65.4000,94
38461331231077,10:41:01.331,65.4000,6
38461596537280,10:41:01.596,65.4000,100
38461913019126,10:41:01.913,65.4000,100
38462179867102,10:41:02.179,65.4200,2
38462179913737,10:41:02.179,65.4200,198
38462179913737,10:41:02.179,65.4200,100
38462179913737,10:41:02.179,65.4200,100
38462179913737,10:41:02.179,65.4200,100
38462181861678,10:41:02.181,65.4300,100
38462194671085,10:41:02.194,65.4400,100
38462194671085,10:41:02.194,65.4400,100
38462195269646,10:41:02.195,65.4300,100
38462232895750,10:41:02.232,65.4200,94
38462232895750,10:41:02.232,65.4200,100
38462232895750,10:41:02.232,65.4200,14
38462233205951,10:41:02.233,65.4200,78
38462233228943,10:41:02.233,65.4300,100
38462237746121,10:41:02.237,65.4200,100
38462237746121,10:41:02.237,65.4200,100
38462237746121,10:41:02.237,65.4200,100
38462237746121,10:41:02.237,65.4200,1
38462243436641,10:41:02.243,65.4200,200
38462267184570,10:41:02.267,65.4100,200
38462267184570,10:41:02.267,65.4100,183
38462271333920,10:41:02.271,65.4100,100
38462289584464,10:41:02.289,65.4000,100
38462289584464,10:41:02.289,65.4000,200
38462292723079,10:41:02.292,65.4000,100
38462549225340,10:41:02.549,65.4100,100
38462564585929,10:41:02.564,65.4000,100
38468669959781,10:41:08.669,65.3800,11
38468669959781,10:41:08.669,65.3800,7
38468669959781,10:41:08.669,65.3800,4
38468669959781,10:41:08.669,65.3800,7
38468669959781,10:41:08.669,65.3800,6
38468669959781,10:41:08.669,65.3800,7
38475023906782,10:41:15.023,65.3800,100
38475023954532,10:41:15.023,65.3800,89
38478559559330,10:41:18.559,65.3900,48
38480260443683,10:41:20.260,65.3900,52
38482868995868,10:41:22.868,65.3900,100
38492303631992,10:41:32.303,65.3900,100
38493046372904,10:41:33.046,65.3900,100
38493046372904,10:41:33.046,65.3900,100
38510020578736,10:41:50.020,65.4300,100
38520631728998,10:42:00.631,65.4400,100
38528191867160,10:42:08.191,65.5000,10
38528195090746,10:42:08.195,65.5000,90
38528195373497,10:42:08.195,65.5000,100
38529233993124,10:42:09.233,65.5000,100
38529233993124,10:42:09.233,65.5000,1
38529234054806,10:42:09.234,65.5000,99
38529234054806,10:42:09.234,65.5000,7
38529383737830,10:42:09.383,65.5000,95
38531415483262,10:42:11.415,65.5000,100
38533000280093,10:42:13.000,65.5000,100
38533028690202,10:42:13.028,65.4900,100
38533028690202,10:42:13.028,65.4900,100
38535228335488,10:42:15.228,65.4700,100
38535228760237,10:42:15.228,65.4700,200
38538136328762,10:42:18.136,65.4600,100
38538136328762,10:42:18.136,65.4600,300
38538136328762,10:42:18.136,65.4600,100
38538136328762,10:42:18.136,65.4600,100
38538136328762,10:42:18.136,65.4600,100
38539345272769,10:42:19.345,65.4400,93
38539345272769,10:42:19.345,65.4400,100
38539345272769,10:42:19.345,65.4400,100
38551264394718,10:42:31.264,65.4100,75
38551264619489,10:42:31.264,65.4100,25
38552971720886,10:42:32.971,65.4100,100
38555369489932,10:42:35.369,65.3900,300
38557921874692,10:42:37.921,65.3700,100
38557921903441,10:42:37.921,65.3700,100
38559836684104,10:42:39.836,65.3800,300
38567295829118,10:42:47.295,65.3800,100
38572848520318,10:42:52.848,65.3700,100
38573525042478,10:42:53.525,65.3800,200
38592009345789,10:43:12.009,65.4100,100
38592009345789,10:43:12.009,65.4100,100
38602628964637,10:43:22.628,65.4300,100
38602628964637,10:43:22.628,65.4300,100
38605526632226,10:43:25.526,65.4400,100
38612338539635,10:43:32.338,65.4500,100
38612338539635,10:43:32.338,65.4500,100
38612858310939,10:43:32.858,65.4400,94
38612858310939,10:43:32.858,65.4400,100
38614358161047,10:43:34.358,65.4400,100
38619859336922,10:43:39.859,65.4500,55
38619859410513,10:43:39.859,65.4500,45
38619859410513,10:43:39.859,65.4500,55
38619859486084,10:43:39.859,65.4500,45
38619969975922,10:43:39.969,65.4400,100
38619969975922,10:43:39.969,65.4400,100
38619991370770,10:43:39.991,65.4300,100
38619994557524,10:43:39.994,65.4300,100
38621047200106,10:43:41.047,65.4100,100
38622045719868,10:43:42.045,65.4100,32
38622045719868,10:43:42.045,65.4100,300
38622105678546,10:43:42.105,65.4100,100
38622170108050,10:43:42.170,65.4100,100
38623045085990,10:43:43.045,65.4000,100
38623045085990,10:43:43.045,65.4000,100
38624046202250,10:43:44.046,65.3900,100
38624070296628,10:43:44.070,65.4000,46
38624071047488,10:43:44.071,65.4000,100
38624091043182,10:43:44.091,65.4100,46
38624106846233,10:43:44.106,65.4100,54
38624106846233,10:43:44.106,65.4100,87
38624335389752,10:43:44.335,65.4100,13
38624335389752,10:43:44.335,65.4100,100
38625048308231,10:43:45.048,65.4000,100
38625048308231,10:43:45.048,65.4000,46
38625048308231,10:43:45.048,65.4000,100
38625060273339,10:43:45.060,65.4000,81
38625060273339,10:43:45.060,65.4000,19
38625060326178,10:43:45.060,65.4000,69
38625072521776,10:43:45.072,65.4000,200
38625072521776,10:43:45.072,65.4000,100
38625072549634,10:43:45.072,65.4000,200
38626046933363,10:43:46.046,65.4000,100
38627045917242,10:43:47.045,65.4000,100
38627061889522,10:43:47.061,65.4000,100
38628046825410,10:43:48.046,65.4000,100
38629047473822,10:43:49.047,65.4000,68
38629069003946,10:43:49.069,65.4000,100
38629069003946,10:43:49.069,65.4000,81
38629069634667,10:43:49.069,65.4000,100
38629072173990,10:43:49.072,65.4000,187
38629072209490,10:43:49.072,65.4000,13
38630417572525,10:43:50.417,65.3950,20
38640044148944,10:44:00.044,65.3800,100
38642135107840,10:44:02.135,65.3900,25
38642135107840,10:44:02.135,65.3900,75
38642135133658,10:44:02.135,65.3900,25
38648050001505,10:44:08.050,65.4000,100
38648050061053,10:44:08.050,65.4000,7
38651651699430,10:44:11.651,65.4100,100
38653759939373,10:44:13.759,65.4000,100
38653759965423,10:44:13.759,65.4000,100
38664285941490,10:44:24.285,65.4400,100
38671046346615,10:44:31.046,65.4300,1
38673822388594,10:44:33.822,65.4300,100
38673822388594,10:44:33.822,65.4300,300
38673822418076,10:44:33.822,65.4300,100
38673822418076,10:44:33.822,65.4300,33
38673822421024,10:44:33.822,65.4300,167
38682955051533,10:44:42.955,65.4200,86
38682955100925,10:44:42.955,65.4200,14
38683354253153,10:44:43.354,65.4100,15
38683354562158,10:44:43.354,65.4100,85
38686183502166,10:44:46.183,65.4100,100
38686183834371,10:44:46.183,65.4100,100
38689045926297,10:44:49.045,65.4100,100
38696752201176,10:44:56.752,65.4000,100
38705251468527,10:45:05.251,65.4000,100
38706175185686,10:45:06.175,65.4000,100
38707130644625,10:45:07.130,65.4000,100
38710969433492,10:45:10.969,65.3900,77
38712502784948,10:45:12.502,65.3800,94
38713941009520,10:45:13.941,65.3500,5
38713941042949,10:45:13.941,65.3500,100
38714705712316,10:45:14.705,65.3600,100
38719247451360,10:45:19.247,65.3500,300
38719249002674,10:45:19.249,65.3500,100
38719268461235,10:45:19.268,65.3500,100
38734527957136,10:45:34.527,65.3500,100
38737969842579,10:45:37.969,65.3700,1
38752487908579,10:45:52.487,65.3900,100
38770669171829,10:46:10.669,65.3900,100
38776329016987,10:46:16.329,65.4400,100
38776330148587,10:46:16.330,65.4500,100
38776330148587,10:46:16.330,65.4500,100
38776330148587,10:46:16.330,65.4500,100
38776330854439,10:46:16.330,65.4500,30
38776333754235,10:46:16.333,65.4500,70
38776333754235,10:46:16.333,65.4500,100
38776333754235,10:46:16.333,65.4500,100
38776335746362,10:46:16.335,65.4500,200
38776344791540,10:46:16.344,65.4500,100
38778062316189,10:46:18.062,65.4500,5
38778062400513,10:46:18.062,65.4500,9
38778062458485,10:46:18.062,65.4500,6
38778062528828,10:46:18.062,65.4500,7
38778062648362,10:46:18.062,65.4500,4
38778063063709,10:46:18.063,65.4500,5
38779045022219,10:46:19.045,65.4500,64
38779045022219,10:46:19.045,65.4400,100
38779045022219,10:46:19.045,65.4400,4
38779045022219,10:46:19.045,65.4400,100
38779045022219,10:46:19.045,65.4400,36
38779054758768,10:46:19.054,65.4500,100
38795025322171,10:46:35.025,65.4600,100
38795025366562,10:46:35.025,65.4600,7
38806749260572,10:46:46.749,65.4400,100
38806750032911,10:46:46.750,65.4400,100
38808705944309,10:46:48.705,65.4300,100
38809047479062,10:46:49.047,65.4200,100
38813411892642,10:46:53.411,65.4200,70
38813640317670,10:46:53.640,65.4200,30
38813640697678,10:46:53.640,65.4200,100
38815046242941,10:46:55.046,65.4100,100
38823046689486,10:47:03.046,65.3700,100
38827589003086,10:47:07.589,65.3700,100
38827589003086,10:47:07.589,65.3700,100
38829026674313,10:47:09.026,65.3700,100
38830314284036,10:47:10.314,65.3700,8
38830314319095,10:47:10.314,65.3700,57
38830314322747,10:47:10.314,65.3700,16
38830314366229,10:47:10.314,65.3700,19
38848941101319,10:47:28.941,65.3800,2
38850423284752,10:47:30.423,65.3700,100
38851045684086,10:47:31.045,65.3600,100
38855047517851,10:47:35.047,65.3500,100
38861327075101,10:47:41.327,65.3500,5
38861327075101,10:47:41.327,65.3500,2
38861327075101,10:47:41.327,65.3500,7
38861327075101,10:47:41.327,65.3500,4
38861327075101,10:47:41.327,65.3500,2
38861327075101,10:47:41.327,65.3500,2
38861327075101,10:47:41.327,65.3500,5
38861734237213,10:47:41.734,65.3400,31
38861734270784,10:47:41.734,65.3400,69
38869250098811,10:47:49.250,65.3400,100
38876554518582,10:47:56.554,65.3200,100
38876570357079,10:47:56.570,65.3200,100
38876570381046,10:47:56.570,65.3200,100
38878950854539,10:47:58.950,65.3200,11
38879171380926,10:47:59.171,65.3300,76
38879171405353,10:47:59.171,65.3300,24
38882283055404,10:48:02.283,65.3300,100
38892270472919,10:48:12.270,65.3300,34
38897926509494,10:48:17.926,65.3200,8
38897926509494,10:48:17.926,65.3200,100
38897932746714,10:48:17.932,65.3100,500
38898047240648,10:48:18.047,65.3000,100
38898047240648,10:48:18.047,65.3000,5
38899047246013,10:48:19.047,65.2900,100
38899047246013,10:48:19.047,65.2900,100
38900047466402,10:48:20.047,65.2800,30
38900047490944,10:48:20.047,65.2800,70
38900346755555,10:48:20.346,65.2800,54
38900350500142,10:48:20.350,65.2900,95
38904591026783,10:48:24.591,65.2900,100
38905151607433,10:48:25.151,65.3000,100
38908544637450,10:48:28.544,65.3000,200
38908544637450,10:48:28.544,65.3000,100
38912046488847,10:48:32.046,65.2900,96
38924580334808,10:48:44.580,65.2800,100
38942045539907,10:49:02.045,65.2400,26
38942045761883,10:49:02.045,65.2400,74
38942045761883,10:49:02.045,65.2400,100
38948836037204,10:49:08.836,65.2300,100
38961490425657,10:49:21.490,65.2300,100
38961490733342,10:49:21.490,65.2300,100
38970966737594,10:49:30.966,65.2300,100
38977044127201,10:49:37.044,65.2300,100
38989000234005,10:49:49.000,65.2100,100
38989419603849,10:49:49.419,65.2100,100
38992567999848,10:49:52.567,65.2100,54
38992568023894,10:49:52.568,65.2100,41
38996526777855,10:49:56.526,65.2100,48
38996526777855,10:49:56.526,65.2100,47
39002559197740,10:50:02.559,65.2200,100
39002559197740,10:50:02.559,65.2200,87
39003172130939,10:50:03.172,65.2300,100
39003560139708,10:50:03.560,65.2300,95
39003560139708,10:50:03.560,65.2300,5
39003560167920,10:50:03.560,65.2300,95
39003560167920,10:50:03.560,65.2300,8
39003872049273,10:50:03.872,65.2300,100
39015296226806,10:50:15.296,65.2100,100
39019923301084,10:50:19.923,65.2000,5
39020047722248,10:50:20.047,65.1900,100
39020047722248,10:50:20.047,65.1900,100
39020047844652,10:50:20.047,65.1900,100
39020047867955,10:50:20.047,65.1900,16
39020048157631,10:50:20.048,65.1900,84
39022045432244,10:50:22.045,65.1800,100
39026046339241,10:50:26.046,65.1700,100
39026046339241,10:50:26.046,65.1700,100
39028343460705,10:50:28.343,65.1900,100
39029045326863,10:50:29.045,65.1800,77
39031514555580,10:50:31.514,65.2000,100
39033527474231,10:50:33.527,65.2100,100
39035722698032,10:50:35.722,65.2000,100
39035722698032,10:50:35.722,65.2000,37
39035722698032,10:50:35.722,65.2000,28
39035722698032,10:50:35.722,65.2000,38
39047448048454,10:50:47.448,65.2000,100
39052840703486,10:50:52.840,65.2100,100
39060831770538,10:51:00.831,65.2300,11
39060831816731,10:51:00.831,65.2300,20
39060831937837,10:51:00.831,65.2300,69
39060831937837,10:51:00.831,65.2300,100
39060931013171,10:51:00.931,65.2400,100
39068451496157,10:51:08.451,65.2500,25
39068452818724,10:51:08.452,65.2500,75
39068456729271,10:51:08.456,65.2600,100
39076353773749,10:51:16.353,65.2800,100
39076353773749,10:51:16.353,65.2800,100
39078158275477,10:51:18.158,65.3000,100
39081499797865,10:51:21.499,65.3000,100
39085563168506,10:51:25.563,65.2900,100
39085563168506,10:51:25.563,65.2900,100
39085563168506,10:51:25.563,65.2900,100
39085564803560,10:51:25.564,65.2900,100
39113470105645,10:51:53.470,65.2850,100
39113470150534,10:51:53.470,65.2800,100
39113470150534,10:51:53.470,65.2800,100
39125044361164,10:52:05.044,65.2600,100
39127330583729,10:52:07.330,65.2700,100
39153760799608,10:52:33.760,65.2700,100
39153760799608,10:52:33.760,65.2700,8
39153760799608,10:52:33.760,65.2700,100
39153791058354,10:52:33.791,65.2600,100
39154044759852,10:52:34.044,65.2600,100
39154435179830,10:52:34.435,65.2700,100
39155046778835,10:52:35.046,65.2600,100
39155046778835,10:52:35.046,65.2600,100
39155268523135,10:52:35.268,65.2700,100
39157939523042,10:52:37.939,65.2500,100
39157939523042,10:52:37.939,65.2500,100
39158045912144,10:52:38.045,65.2400,100
39158045912144,10:52:38.045,65.2400,100
39158045912144,10:52:38.045,65.2400,100
39159047256252,10:52:39.047,65.2300,100
39163045001125,10:52:43.045,65.2100,100
39166047386020,10:52:46.047,65.2000,100
39179234399200,10:52:59.234,65.1900,100
39179234433602,10:52:59.234,65.1900,100
39179234433602,10:52:59.234,65.1900,90
39180649216655,10:53:00.649,65.1800,100
39181666589933,10:53:01.666,65.1800,100
39182204542293,10:53:02.204,65.2000,200
39182204542293,10:53:02.204,65.2000,100
39182735981745,10:53:02.735,65.2000,200
39182735981745,10:53:02.735,65.2000,100
39182735981745,10:53:02.735,65.2000,100
39182736477208,10:53:02.736,65.2000,100
39182736477208,10:53:02.736,65.2000,100
39186045804683,10:53:06.045,65.1700,100
39186049642908,10:53:06.049,65.1700,100
39186051264922,10:53:06.051,65.1600,100
39186051264922,10:53:06.051,65.1600,100
39186847109776,10:53:06.847,65.1600,135
39186847336077,10:53:06.847,65.1600,265
39189047831622,10:53:09.047,65.1500,100
39197140124075,10:53:17.140,65.1700,12
39201044524993,10:53:21.044,65.1700,100
39211893982765,10:53:31.893,65.1500,5
39211893988777,10:53:31.893,65.1500,95
39213200066543,10:53:33.200,65.1400,100
39213200066543,10:53:33.200,65.1400,100
39213201258842,10:53:33.201,65.1400,100
39220033937045,10:53:40.033,65.1300,200
39220196556205,10:53:40.196,65.1200,100
39220196556205,10:53:40.196,65.1200,100
39221046418983,10:53:41.046,65.1200,100
39227619386793,10:53:47.619,65.1300,10
39227619386793,10:53:47.619,65.1300,90
39228045049429,10:53:48.045,65.1200,100
39237978153578,10:53:57.978,65.1500,100
39237978153578,10:53:57.978,65.1500,25
39241046352475,10:54:01.046,65.1500,77
39241046352475,10:54:01.046,65.1500,23
39243184113676,10:54:03.184,65.1800,200
39243185719832,10:54:03.185,65.1900,100
39243434817669,10:54:03.434,65.2000,100
39243434817669,10:54:03.434,65.2000,100
39243434817669,10:54:03.434,65.2000,33
39244058055159,10:54:04.058,65.1900,100
39244058055159,10:54:04.058,65.1900,100
39245047232529,10:54:05.047,65.1900,10
39245245188162,10:54:05.245,65.1900,8
39250445834032,10:54:10.445,65.1800,100
39250445861674,10:54:10.445,65.1800,100
39250452209864,10:54:10.452,65.1700,100
39260357135846,10:54:20.357,65.1850,7
39260357135846,10:54:20.357,65.1850,7
39260357135846,10:54:20.357,65.1850,4
39260357135846,10:54:20.357,65.1850,11
39260358763809,10:54:20.358,65.1900,100
39278699598826,10:54:38.699,65.1900,100
39279818683818,10:54:39.818,65.2000,100
39282457255233,10:54:42.457,65.2100,100
39285088938758,10:54:45.088,65.2300,100
39285088938758,10:54:45.088,65.2300,100
39289083919719,10:54:49.083,65.2500,100
39289087028393,10:54:49.087,65.2500,94
39289087053953,10:54:49.087,65.2500,6
39289087349374,10:54:49.087,65.2500,6
39295715750878,10:54:55.715,65.2600,100
39295715750878,10:54:55.715,65.2600,100
39308077593283,10:55:08.077,65.2700,100
39308077593283,10:55:08.077,65.2700,100
39309044552173,10:55:09.044,65.2700,100
39311293273713,10:55:11.293,65.2800,100
39311293273713,10:55:11.293,65.2800,100
39311293788333,10:55:11.293,65.2900,100
39311549111275,10:55:11.549,65.2900,100
39311549111275,10:55:11.549,65.2900,100
39311549760790,10:55:11.549,65.3000,200
39311549760790,10:55:11.549,65.3000,100
39314280688438,10:55:14.280,65.3100,100
39320700878567,10:55:20.700,65.3400,100
39320702894601,10:55:20.702,65.3600,100
39320952264297,10:55:20.952,65.3700,100
39320952264297,10:55:20.952,65.3700,100
39320952264297,10:55:20.952,65.3700,21
39320954309807,10:55:20.954,65.3700,79
39320954309807,10:55:20.954,65.3700,21
39322325932215,10:55:22.325,65.3600,100
39323033516100,10:55:23.033,65.3500,100
39323033516100,10:55:23.033,65.3500,100
39323704680037,10:55:23.704,65.3500,200
39323704680037,10:55:23.704,65.3500,100
39323707298287,10:55:23.707,65.3500,100
39325323079266,10:55:25.323,65.3400,100
39326899852057,10:55:26.899,65.3200,100
39326900104908,10:55:26.900,65.3200,100
39333470529471,10:55:33.470,65.3100,100
39340047559268,10:55:40.047,65.2900,100
39340047559268,10:55:40.047,65.2900,100
39340047559268,10:55:40.047,65.2900,100
39345044398102,10:55:45.044,65.2600,100
39350049601301,10:55:50.049,65.2600,100
39353776266894,10:55:53.776,65.2500,100
39354814076240,10:55:54.814,65.2400,2
39354814089049,10:55:54.814,65.2400,2
39354814945845,10:55:54.814,65.2400,96
39371046095897,10:56:11.046,65.2600,90
39371109274972,10:56:11.109,65.2700,200
39371109613234,10:56:11.109,65.2700,100
39371109638782,10:56:11.109,65.2700,100
39371109992510,10:56:11.109,65.2700,100
39371110183673,10:56:11.110,65.2700,100
39372096257573,10:56:12.096,65.2500,100
39372097071554,10:56:12.097,65.2500,47
39374047645992,10:56:14.047,65.2300,9
39378660694983,10:56:18.660,65.2400,100
39378660694983,10:56:18.660,65.2400,53
39393364500060,10:56:33.364,65.2400,100
39393365929156,10:56:33.365,65.2500,100
39393365929156,10:56:33.365,65.2500,100
39401045804063,10:56:41.045,65.2700,34
39401045804063,10:56:41.045,65.2700,66
39412302779657,10:56:52.302,65.2700,34
39412659117046,10:56:52.659,65.2600,100
39412902132569,10:56:52.902,65.2600,100
39413051999851,10:56:53.051,65.2500,100
39413051999851,10:56:53.051,65.2500,100
39420066308605,10:57:00.066,65.2500,100
