timestamp,time,price,volume
34200845267968,09:30:00.845,0.0000,0
34231631626193,09:30:31.631,42.1800,100
34232544487824,09:30:32.544,42.1800,300
34232544487824,09:30:32.544,42.0500,100
34232544487824,09:30:32.544,42.0500,100
34232544769340,09:30:32.544,42.0400,100
34232544968429,09:30:32.544,42.0400,100
34232545269071,09:30:32.545,42.0400,100
34232545269071,09:30:32.545,42.0400,100
34232545327320,09:30:32.545,42.0400,100
34232545915971,09:30:32.545,42.0400,100
34232545965324,09:30:32.545,42.0400,100
34232546198241,09:30:32.546,42.0400,100
34232546627856,09:30:32.546,42.0300,100
34232546656886,09:30:32.546,42.0400,100
34232546656886,09:30:32.546,42.0400,100
34232546745559,09:30:32.546,42.0400,200
34232546904863,09:30:32.546,42.0400,100
34232554261724,09:30:32.554,42.0300,25
34233034349213,09:30:33.034,42.0100,75
34233034349213,09:30:33.034,42.0200,100
34233034349213,09:30:33.034,42.0200,25
34233034376205,09:30:33.034,42.0200,75
34233034402589,09:30:33.034,42.0200,100
34233034405924,09:30:33.034,42.0200,75
34233034409320,09:30:33.034,42.0200,100
34233034422324,09:30:33.034,42.0200,75
34235001273536,09:30:35.001,42.0200,100
34235001273536,09:30:35.001,42.0200,100
34235001370419,09:30:35.001,42.0200,100
34235001382277,09:30:35.001,42.0200,100
34235001388359,09:30:35.001,42.0200,200
34235001415215,09:30:35.001,42.0200,50
34235001464894,09:30:35.001,42.0200,100
34235001686713,09:30:35.001,42.0200,50
34235002356848,09:30:35.002,42.0200,100
34235002526744,09:30:35.002,42.0200,100
34235002526744,09:30:35.002,42.0200,200
34235008204287,09:30:35.008,42.0200,100
34235008204287,09:30:35.008,42.0200,1
34235008298481,09:30:35.008,42.0200,100
34240001508645,09:30:40.001,42.0200,100
34240001527714,09:30:40.001,42.0200,50
34240001620185,09:30:40.001,42.0200,100
34240001687335,09:30:40.001,42.0200,200
34240001719909,09:30:40.001,42.0200,50
34241634762791,09:30:41.634,42.0200,100
34245001378948,09:30:45.001,42.0200,100
34245001596149,09:30:45.001,42.0200,50
34245001858907,09:30:45.001,42.0200,50
34250001234361,09:30:50.001,42.0200,100
34250001258769,09:30:50.001,42.0200,50
34250001526026,09:30:50.001,42.0200,50
34253765804991,09:30:53.765,42.0200,100
34300000928140,09:31:40.000,42.0200,100
34300000956080,09:31:40.000,42.0200,50
34300001095827,09:31:40.001,42.0200,100
34300001254675,09:31:40.001,42.0200,50
34300001769933,09:31:40.001,42.0200,100
34300001784064,09:31:40.001,42.0200,105
34300007898781,09:31:40.007,42.0200,100
34300007898781,09:31:40.007,42.0200,36
34300008002283,09:31:40.008,42.0200,100
34305001721388,09:31:45.001,42.0200,5
34305001747255,09:31:45.001,42.0200,7
34305001790090,09:31:45.001,42.0200,88
34305001790090,09:31:45.001,42.0200,7
34306164028766,09:31:46.164,41.9800,1
34313765859648,09:31:53.765,42.2900,100
34313766095112,09:31:53.766,42.3000,100
34313766183350,09:31:53.766,42.3000,100
34314012479514,09:31:54.012,42.2000,100
34314012479514,09:31:54.012,42.2000,100
34314012625357,09:31:54.012,42.2000,37
34316991983946,09:31:56.991,42.2500,100
34316992093200,09:31:56.992,42.2500,100
34316992278156,09:31:56.992,42.2500,19
34394772878534,09:33:14.772,42.4400,100
34394773189094,09:33:14.773,42.4500,100
34395129186042,09:33:15.129,42.5000,50
34399406193779,09:33:19.406,42.4100,100
34447627378486,09:34:07.627,42.7500,100
34447627789895,09:34:07.627,42.7800,100
34447628104823,09:34:07.628,42.7800,100
34490413147744,09:34:50.413,43.0000,82
34490413147744,09:34:50.413,43.0000,100
34490413147744,09:34:50.413,43.0000,18
34494865211897,09:34:54.865,42.8900,100
34530578459687,09:35:30.578,42.8300,100
34712335150336,09:38:32.335,42.5500,5
34935692826964,09:42:15.692,42.3300,5
35527796586096,09:52:07.796,42.0000,100
35609231392818,09:53:29.231,42.0000,48
35609231430734,09:53:29.231,42.0000,52
35609231430734,09:53:29.231,42.0000,10
35609231682438,09:53:29.231,42.0100,54
35609232119875,09:53:29.232,42.0100,46
35666170963273,09:54:26.170,41.9800,10
35768438589973,09:56:08.438,42.0300,100
35768438750928,09:56:08.438,42.0300,100
35768439950929,09:56:08.439,42.0300,100
35805231619945,09:56:45.231,42.0900,100
35812575354966,09:56:52.575,42.0900,100
35881500401985,09:58:01.500,42.0900,100
35881575835757,09:58:01.575,42.0800,100
36251601345980,10:04:11.601,41.8900,100
36251601429516,10:04:11.601,41.8900,205
36251601429516,10:04:11.601,41.8900,6
36338632313174,10:05:38.632,41.8600,61
36338632317312,10:05:38.632,41.8600,39
36338632420413,10:05:38.632,41.8700,100
36338632712185,10:05:38.632,41.8700,100
36338664992182,10:05:38.664,41.8700,100
36371602105198,10:06:11.602,41.9100,100
36438449556236,10:07:18.449,41.9100,950
36930968144548,10:15:30.968,41.9400,100
37044726155466,10:17:24.726,41.9400,100
37044726181200,10:17:24.726,41.9400,59
37044726234151,10:17:24.726,41.9400,41
37095883214293,10:18:15.883,41.9100,100
37118502979855,10:18:38.502,41.8700,100
37811904929283,10:30:11.904,41.8100,100
37870919994269,10:31:10.919,41.8800,100
37870920007792,10:31:10.920,41.8800,100
37870920010293,10:31:10.920,41.8800,100
37870920108070,10:31:10.920,41.8800,100
37870920120962,10:31:10.920,41.8800,100
38446860389857,10:40:46.860,41.9000,100
38836309556062,10:47:16.309,41.9100,41
38837045651779,10:47:17.045,41.9000,100
38853877643499,10:47:33.877,41.8800,59
39192869636658,10:53:12.869,41.8500,100
39224824193687,10:53:44.824,41.8300,200
39467228048244,10:57:47.228,41.9100,100
39664716075185,11:01:04.716,41.9900,100
39664716075185,11:01:04.716,41.9900,100
39664716075185,11:01:04.716,41.9900,100
39664716075185,11:01:04.716,41.9900,90
39664716138755,11:01:04.716,41.9900,90
39664716550842,11:01:04.716,41.9900,10
39919004621032,11:05:19.004,42.0200,100
39919004621032,11:05:19.004,42.0200,200
40293380889130,11:11:33.380,41.8900,5
40301382285741,11:11:41.382,41.8600,100
40570976211045,11:16:10.976,41.8100,100
40745827924367,11:19:05.827,41.7700,100
40920055480914,11:22:00.055,41.7000,100
41001628475235,11:23:21.628,41.6500,100
41023121771231,11:23:43.121,41.6400,121
41023121771231,11:23:43.121,41.6400,79
41023121824252,11:23:43.121,41.6400,21
41113172593189,11:25:13.172,41.6200,100
41113173033260,11:25:13.173,41.6200,22
41137163719285,11:25:37.163,41.5700,9
41141839830887,11:25:41.839,41.6200,100
41141839859017,11:25:41.839,41.6200,100
41141839859017,11:25:41.839,41.6200,100
41163849265323,11:26:03.849,41.6200,100
41366115628608,11:29:26.115,41.6100,100
41366116039425,11:29:26.116,41.6200,25
41366116061475,11:29:26.116,41.6200,44
41366116187375,11:29:26.116,41.6200,12
41366116187997,11:29:26.116,41.6200,19
41366119133925,11:29:26.119,41.6100,200
41371297306999,11:29:31.297,41.6500,100
41371297339385,11:29:31.297,41.6600,25
41371297784953,11:29:31.297,41.6600,44
41371297786312,11:29:31.297,41.6600,22
41371297913730,11:29:31.297,41.6600,9
41825208321352,11:37:05.208,41.7000,7
41827333518579,11:37:07.333,41.6700,100
42134186842569,11:42:14.186,41.6900,100
42134186843201,11:42:14.186,41.6900,100
42134186857133,11:42:14.186,41.6900,100
42134197402466,11:42:14.197,41.7000,100
42134197402466,11:42:14.197,41.7000,100
42597295988576,11:49:57.295,41.8000,122
42734572586849,11:52:14.572,41.7700,100
42734572586849,11:52:14.572,41.7700,100
42734572615817,11:52:14.572,41.7700,100
42734572615817,11:52:14.572,41.7700,200
42738786584735,11:52:18.786,41.7300,100
42738786584735,11:52:18.786,41.7300,100
42918200519311,11:55:18.200,41.8000,100
42918200519311,11:55:18.200,41.8000,100
42918200848241,11:55:18.200,41.8000,100
42918200870514,11:55:18.200,41.8000,100
42995174701069,11:56:35.174,41.8000,100
42995175147266,11:56:35.175,41.8000,100
42995175147266,11:56:35.175,41.8000,120
42996017034211,11:56:36.017,41.7700,100
43218738021902,12:00:18.738,41.8600,200
43353699213703,12:02:33.699,41.9500,100
43353699213703,12:02:33.699,41.9500,100
43356259338634,12:02:36.259,42.0000,100
43356259338634,12:02:36.259,42.0100,200
43603268381688,12:06:43.268,41.9400,100
43603268980272,12:06:43.268,41.9400,100
44207068095184,12:16:47.068,42.0400,100
44207068095184,12:16:47.068,42.0400,300
44235873668058,12:17:15.873,42.0200,100
44235873668058,12:17:15.873,42.0200,100
44235875706993,12:17:15.875,42.0100,100
44972731473936,12:29:32.731,41.8400,100
45136242239170,12:32:16.242,41.8000,100
45257549348696,12:34:17.549,41.7100,5
45386733317893,12:36:26.733,41.7100,100
45606327004953,12:40:06.327,41.7100,200
45941941818169,12:45:41.941,41.7500,100
45941941818169,12:45:41.941,41.7500,100
45973581512194,12:46:13.581,41.7600,100
46045714280281,12:47:25.714,41.7600,100
46046010463347,12:47:26.010,41.7600,100
46050441688429,12:47:30.441,41.7300,200
46284973897070,12:51:24.973,41.7600,100
46284973897070,12:51:24.973,41.7600,100
46284973897070,12:51:24.973,41.7600,100
46344216013247,12:52:24.216,41.7100,100
46344217047647,12:52:24.217,41.6800,100
46352128948456,12:52:32.128,41.6500,121
46356970439574,12:52:36.970,41.6000,121
46365742161798,12:52:45.742,41.6100,75
46369011000573,12:52:49.011,41.6400,100
46369011000573,12:52:49.011,41.6500,100
46428444083285,12:53:48.444,41.6900,100
46653890690117,12:57:33.890,41.6400,27
46966535332535,13:02:46.535,41.7000,800
47099193090496,13:04:59.193,41.6600,1
47106485861935,13:05:06.485,41.6200,100
47490168672966,13:11:30.168,41.6300,100
47490168672966,13:11:30.168,41.6300,100
47490169053554,13:11:30.169,41.6300,100
47592251677463,13:13:12.251,41.6300,100
47592252276641,13:13:12.252,41.6300,100
47592252308126,13:13:12.252,41.6300,100
47592252586885,13:13:12.252,41.6300,100
47711295308701,13:15:11.295,41.6300,100
47737457785930,13:15:37.457,41.6300,100
47737457785930,13:15:37.457,41.6300,100
48186231100336,13:23:06.231,41.6300,100
48186231100336,13:23:06.231,41.6300,100
48186231223782,13:23:06.231,41.6300,100
48428375815476,13:27:08.375,41.6300,100
48690308546223,13:31:30.308,41.6400,100
48690879659283,13:31:30.879,41.6400,100
48705876283727,13:31:45.876,41.6400,100
48833533681573,13:33:53.533,41.6300,100
48833533681573,13:33:53.533,41.6300,100
48833534111699,13:33:53.534,41.6300,100
48833534111699,13:33:53.534,41.6300,1
48833534111699,13:33:53.534,41.6300,99
48833534128224,13:33:53.534,41.6300,1
48833534128224,13:33:53.534,41.6300,99
48833534141792,13:33:53.534,41.6300,1
48875544966320,13:34:35.544,41.6100,122
49200643851483,13:40:00.643,41.6300,100
49200643851483,13:40:00.643,41.6300,200
49200644048565,13:40:00.644,41.6300,100
49200644157751,13:40:00.644,41.6300,25
49200644183072,13:40:00.644,41.6300,75
49200644223484,13:40:00.644,41.6300,97
49200644232130,13:40:00.644,41.6300,3
49200644232130,13:40:00.644,41.6300,41
49200644233081,13:40:00.644,41.6300,95
49200644244280,13:40:00.644,41.6300,39
49200644370283,13:40:00.644,41.6300,25
49462795527120,13:44:22.795,41.6500,50
49462795547039,13:44:22.795,41.6500,50
49462795547039,13:44:22.795,41.6500,100
49462795547039,13:44:22.795,41.6500,96
49462795556752,13:44:22.795,41.6500,4
49591969912187,13:46:31.969,41.6200,100
49658314311757,13:47:38.314,41.6000,100
49822679693588,13:50:22.679,41.6000,100
50125747146834,13:55:25.747,41.6000,100
50250264999758,13:57:30.264,41.5600,100
50250264999758,13:57:30.264,41.5600,122
50322759174195,13:58:42.759,41.5100,200
50338000752105,13:58:58.000,41.5100,200
50338000792593,13:58:58.000,41.5100,122
50338000792593,13:58:58.000,41.5100,121
50373878958241,13:59:33.878,41.5100,200
50373878958241,13:59:33.878,41.5000,85
50373878958241,13:59:33.878,41.5000,15
50373897895422,13:59:33.897,41.5100,100
50374458025040,13:59:34.458,41.5500,100
50374459694082,13:59:34.459,41.5600,100
50374459694082,13:59:34.459,41.5600,100
50374460020736,13:59:34.460,41.5600,100
50374460200924,13:59:34.460,41.5600,100
50429972563413,14:00:29.972,41.7300,100
50441763300206,14:00:41.763,41.7400,200
50448204454001,14:00:48.204,41.7400,300
50448204484697,14:00:48.204,41.7400,2
50448204505974,14:00:48.204,41.7400,13
50448204791639,14:00:48.204,41.7400,6
50626386580917,14:03:46.386,41.7500,100
50626386580917,14:03:46.386,41.7500,100
50626387312042,14:03:46.387,41.8000,75
50626387873417,14:03:46.387,41.8000,25
50652626797268,14:04:12.626,41.7600,99
50652630530786,14:04:12.630,41.7600,1
50652630530786,14:04:12.630,41.7600,21
50685415082438,14:04:45.415,41.7500,22
50685415090640,14:04:45.415,41.7500,26
50685415101423,14:04:45.415,41.7500,27
50685417199864,14:04:45.417,41.7600,100
50685431072249,14:04:45.431,41.7600,100
50685834816092,14:04:45.834,41.7700,100
50779909525868,14:06:19.909,41.7800,88
50779909525868,14:06:19.909,41.7800,100
50794328950464,14:06:34.328,41.8600,100
50794329012518,14:06:34.329,41.8700,100
51152179973689,14:12:32.179,41.8600,200
51261814497087,14:14:21.814,41.9500,100
51261815000958,14:14:21.815,41.9500,100
51300268737686,14:15:00.268,41.9300,100
51341193312423,14:15:41.193,41.8800,100
51661504008236,14:21:01.504,41.9400,100
51661504008236,14:21:01.504,41.9700,100
51661504159041,14:21:01.504,41.9700,100
51753912234859,14:22:33.912,41.9600,200
51753912234859,14:22:33.912,41.9700,100
51753912326830,14:22:33.912,41.9700,1
51753912628304,14:22:33.912,41.9700,99
51753912628304,14:22:33.912,41.9700,1
51759110654125,14:22:39.110,41.9700,99
51759329515316,14:22:39.329,42.0000,100
51759329542932,14:22:39.329,42.0000,100
52010716511573,14:26:50.716,41.9800,100
52204030637360,14:30:04.030,41.9000,100
52204030845132,14:30:04.030,41.9000,100
52204032022440,14:30:04.032,41.8800,200
52204032059727,14:30:04.032,41.8800,200
52229384254383,14:30:29.384,41.8800,100
52230636360091,14:30:30.636,41.9200,100
52230636360091,14:30:30.636,41.9200,100
52230820762461,14:30:30.820,41.9400,100
52230820762461,14:30:30.820,41.9400,100
52230820762461,14:30:30.820,41.9400,100
52230820865761,14:30:30.820,41.9400,100
52275407353524,14:31:15.407,41.9400,100
52317134227943,14:31:57.134,41.9200,100
52464272029282,14:34:24.272,41.9100,100
52566865012142,14:36:06.865,41.9500,121
52566865039144,14:36:06.865,41.9500,100
52629531540065,14:37:09.531,41.9700,200
52667482124805,14:37:47.482,42.0000,100
52667482124805,14:37:47.482,42.0000,100
53465181906249,14:51:05.181,42.0700,120
53465181906249,14:51:05.181,42.0600,80
53742906857035,14:55:42.906,42.1300,100
53742908201511,14:55:42.908,42.1300,100
53809900689124,14:56:49.900,42.1700,100
53809900689124,14:56:49.900,42.1700,100
53809900766073,14:56:49.900,42.1700,100
53809901170752,14:56:49.901,42.1700,74
53809901191162,14:56:49.901,42.1700,26
53839043927915,14:57:19.043,42.1600,100
54066186615968,15:01:06.186,42.1500,100
54298190606707,15:04:58.190,42.0500,100
54321059568356,15:05:21.059,42.0000,1000
54321059568356,15:05:21.059,42.0000,100
54338876366231,15:05:38.876,42.0300,100
54500537916458,15:08:20.537,42.0700,14
54500538294349,15:08:20.538,42.0800,14
54500538316244,15:08:20.538,42.0800,17
54500538320164,15:08:20.538,42.0800,69
54501056014656,15:08:21.056,42.1150,200
54632722276435,15:10:32.722,42.0800,100
54632722276435,15:10:32.722,42.0800,100
54906926304975,15:15:06.926,42.0200,100
55000730010748,15:16:40.730,42.0200,134
55089556609280,15:18:09.556,42.0200,6
55089556609280,15:18:09.556,42.0100,94
55089556623120,15:18:09.556,42.0000,100
55089557206626,15:18:09.557,42.0000,100
55089557206626,15:18:09.557,42.0000,100
55178780079376,15:19:38.780,42.0400,100
55178780819330,15:19:38.780,42.0400,100
55178781471697,15:19:38.781,42.0600,100
55585634960037,15:26:25.634,42.0400,100
55587265792121,15:26:27.265,42.0300,100
55588712681696,15:26:28.712,42.0500,100
55620048737915,15:27:00.048,42.0400,200
55622005265082,15:27:02.005,42.0500,85
55622005265082,15:27:02.005,42.0500,2
55640314293536,15:27:20.314,42.0600,100
55798135355751,15:29:58.135,42.0400,100
55805585215674,15:30:05.585,42.0200,100
55871127169908,15:31:11.127,42.0300,2
55920246525986,15:32:00.246,42.0200,100
56003894228276,15:33:23.894,42.0100,100
56003895397360,15:33:23.895,42.0000,100
56041040795915,15:34:01.040,42.0100,2
56055096760394,15:34:15.096,42.0000,100
56055096924914,15:34:15.096,42.0000,100
56066897696081,15:34:26.897,42.0000,100
56066898068741,15:34:26.898,42.0000,100
56066898747592,15:34:26.898,42.0000,49
56294508306599,15:38:14.508,41.9900,200
56294508306599,15:38:14.508,41.9900,100
56294510209795,15:38:14.510,42.0000,68
56294510238136,15:38:14.510,42.0000,13
56294510238136,15:38:14.510,42.0000,100
56294510607047,15:38:14.510,42.0000,100
56294511525728,15:38:14.511,42.0100,100
56294512098941,15:38:14.512,42.0100,2
56294512883905,15:38:14.512,42.0100,81
56395123536835,15:39:55.123,42.0200,100
56395123536835,15:39:55.123,42.0200,100
56418239066116,15:40:18.239,42.0100,61
56427715334670,15:40:27.715,42.0100,39
56431163955333,15:40:31.163,42.0100,100
56453489116472,15:40:53.489,42.0300,2
56453491225693,15:40:53.491,42.0300,84
56470201352342,15:41:10.201,42.0200,100
56601624708692,15:43:21.624,42.0300,100
56632114370941,15:43:52.114,42.0500,11
56632114370941,15:43:52.114,42.0500,2
56651899481242,15:44:11.899,42.0500,100
56700789969706,15:45:00.789,42.0800,100
56738053591014,15:45:38.053,42.1100,2
56738053591014,15:45:38.053,42.1100,89
56738053591014,15:45:38.053,42.1100,9
56738053619683,15:45:38.053,42.1100,91
56738053619683,15:45:38.053,42.1100,100
56748435371499,15:45:48.435,42.1000,60
56748435371499,15:45:48.435,42.1000,23
56748435371499,15:45:48.435,42.1000,17
56748435687662,15:45:48.435,42.1000,83
56817294112747,15:46:57.294,42.1100,49
56817294442594,15:46:57.294,42.1100,51
56821452613343,15:47:01.452,42.1200,100
56836790599640,15:47:16.790,42.1300,200
56850043923737,15:47:30.043,42.1200,69
56850044003403,15:47:30.044,42.1200,31
56850044003403,15:47:30.044,42.1200,30
56979215396790,15:49:39.215,42.1000,100
56979215482731,15:49:39.215,42.1000,30
56979216004778,15:49:39.216,42.0900,2
56979216010888,15:49:39.216,42.0900,37
56979216017242,15:49:39.216,42.0900,61
56979219878126,15:49:39.219,42.0800,10
56979418019894,15:49:39.418,42.0800,108
56979789784527,15:49:39.789,42.0600,100
56981461985374,15:49:41.461,42.0550,200
57019440103409,15:50:19.440,42.0500,69
57031200377550,15:50:31.200,42.0500,100
57068507746945,15:51:08.507,42.0500,2
57068507746945,15:51:08.507,42.0500,96
57118492324008,15:51:58.492,42.0500,2
57118493442959,15:51:58.493,42.0500,9
57118499173584,15:51:58.499,42.0400,57
57118527540372,15:51:58.527,42.0400,23
57124762911013,15:52:04.762,42.0400,20
57124762911013,15:52:04.762,42.0400,21
57181519860930,15:53:01.519,41.9800,100
57181520577894,15:53:01.520,41.9700,100
57193434820297,15:53:13.434,41.9700,200
57193685050656,15:53:13.685,41.9800,72
57206537229152,15:53:26.537,41.9800,29
57206537229152,15:53:26.537,41.9800,3
57206537229152,15:53:26.537,41.9800,100
57206537229152,15:53:26.537,41.9800,68
57206537618782,15:53:26.537,41.9800,16
57206537618782,15:53:26.537,41.9800,2
57266608417517,15:54:26.608,41.9800,2
57266608417517,15:54:26.608,41.9800,89
57266608417517,15:54:26.608,41.9800,300
57266608417517,15:54:26.608,41.9800,9
57269319140652,15:54:29.319,41.9700,100
57269319141477,15:54:29.319,41.9700,100
57269321817781,15:54:29.321,41.9600,3
57297072116166,15:54:57.072,41.9800,2
57297072116166,15:54:57.072,41.9800,78
57301991650579,15:55:01.991,41.9900,75
57301991650579,15:55:01.991,41.9900,100
57302303910384,15:55:02.303,41.9900,22
57308624564180,15:55:08.624,42.0000,30
57323004737666,15:55:23.004,42.0000,100
57323005034516,15:55:23.005,42.0000,3
57342799852431,15:55:42.799,42.0200,100
57344159107731,15:55:44.159,42.0300,2
57344159107731,15:55:44.159,42.0300,49
57375155905511,15:56:15.155,42.1100,34
57375155905511,15:56:15.155,42.1100,15
57383474530020,15:56:23.474,42.1300,15
57383515697798,15:56:23.515,42.1300,1
57397241179944,15:56:37.241,42.1500,3
57397241179944,15:56:37.241,42.1500,71
57416761826793,15:56:56.761,42.1400,100
57416761830477,15:56:56.761,42.1400,5
57419939734820,15:56:59.939,42.1300,100
57437693912807,15:57:17.693,42.1300,8
57437798484376,15:57:17.798,42.1300,92
57437798484376,15:57:17.798,42.1300,19
57437798512199,15:57:17.798,42.1300,7
57449385541863,15:57:29.385,42.1100,42
57449385541863,15:57:29.385,42.1100,80
57461138676711,15:57:41.138,42.1000,100
57474151483183,15:57:54.151,42.1100,86
57474151483183,15:57:54.151,42.1100,100
57491867640933,15:58:11.867,42.1300,11
57542005243179,15:59:02.005,42.1400,68
57542005243179,15:59:02.005,42.1400,100
57542005243179,15:59:02.005,42.1400,100
57549184577827,15:59:09.184,42.1400,13
57562429167706,15:59:22.429,42.1300,200
57566145125475,15:59:26.145,42.1350,50
57572005596379,15:59:32.005,42.1000,100
57579947799097,15:59:39.947,42.1000,200
57579947799097,15:59:39.947,42.1100,200
57579947799097,15:59:39.947,42.1100,100
57580220552899,15:59:40.220,42.1200,9
57590122530494,15:59:50.122,42.1350,81
57595034454849,15:59:55.034,42.1500,100
57595034454849,15:59:55.034,42.1500,66
57600344564735,16:00:00.344,0.0000,0
