timestamp,time,price,volume
32472538374374,09:01:12.538,6.0500,10
34200352937699,09:30:00.352,0.0000,0
34281955626531,09:31:21.955,6.0300,200
34281955667282,09:31:21.955,6.0300,100
34281955876210,09:31:21.955,6.0300,32
34320054594279,09:32:00.054,6.0300,200
34320054594279,09:32:00.054,6.0300,300
34320054594279,09:32:00.054,6.0300,1
34320054594279,09:32:00.054,6.0300,1150
34320054594279,09:32:00.054,6.0300,25
34320054594279,09:32:00.054,6.0300,100
34320054594279,09:32:00.054,6.0300,100
34362754801744,09:32:42.754,6.0050,400
34362754801744,09:32:42.754,6.0050,300
34362754801744,09:32:42.754,6.0050,100
34362754801744,09:32:42.754,6.0100,300
34362755336250,09:32:42.755,6.0100,500
34362755336250,09:32:42.755,6.0100,62
34426173012715,09:33:46.173,6.0150,300
34494871918903,09:34:54.871,6.0100,1
34630821467751,09:37:10.821,6.0100,899
34630821467751,09:37:10.821,6.0100,100
34630821467751,09:37:10.821,6.0100,100
34630821467751,09:37:10.821,6.0100,100
34630821467751,09:37:10.821,6.0100,100
34630821467751,09:37:10.821,6.0100,100
34630821467751,09:37:10.821,6.0100,100
34630821467751,09:37:10.821,6.0100,100
34630821467751,09:37:10.821,6.0100,500
34630821467751,09:37:10.821,6.0100,400
34630821467751,09:37:10.821,6.0100,2500
34630821467751,09:37:10.821,6.0100,1400
34630821467751,09:37:10.821,6.0100,100
34630821467751,09:37:10.821,6.0100,100
34630821467751,09:37:10.821,6.0100,100
34630821467751,09:37:10.821,6.0100,15
34630821467751,09:37:10.821,6.0100,30000
34630934517087,09:37:10.934,6.0000,1
34630934517087,09:37:10.934,6.0000,2
34630934517087,09:37:10.934,6.0000,30
34630934517087,09:37:10.934,6.0000,4500
34630934517087,09:37:10.934,6.0000,300
34630934517087,09:37:10.934,6.0000,200
34630934517087,09:37:10.934,6.0000,8
34630935066361,09:37:10.935,6.0000,200
34630935066361,09:37:10.935,6.0000,100
34697121484939,09:38:17.121,5.9950,800
34697121484939,09:38:17.121,6.0000,38
34697121484939,09:38:17.121,6.0000,300
34697121484939,09:38:17.121,6.0000,200
34697121484939,09:38:17.121,6.0000,400
34697121539007,09:38:17.121,6.0000,600
34697121539007,09:38:17.121,6.0000,100
34697121539007,09:38:17.121,6.0000,100
34739148125248,09:38:59.148,6.0100,200
34739148125248,09:38:59.148,6.0100,300
34739148125248,09:38:59.148,6.0100,400
34739148125248,09:38:59.148,6.0100,100
34739148125248,09:38:59.148,6.0100,100
34739149707531,09:38:59.149,6.0100,7700
34739149707531,09:38:59.149,6.0100,1200
34739149707531,09:38:59.149,6.0100,1100
34739149707531,09:38:59.149,6.0100,1000
34739149707531,09:38:59.149,6.0100,100
34739149707531,09:38:59.149,6.0100,800
34739149707531,09:38:59.149,6.0100,300
34739149707531,09:38:59.149,6.0100,200
34739149707531,09:38:59.149,6.0100,200
34739528289888,09:38:59.528,6.0100,300
34739528289888,09:38:59.528,6.0100,200
34739528289888,09:38:59.528,6.0100,300
34777192477875,09:39:37.192,6.0000,500
34777192477875,09:39:37.192,6.0000,100
34777192477875,09:39:37.192,6.0000,100
34777192477875,09:39:37.192,6.0000,100
34777192477875,09:39:37.192,6.0000,3400
34777192477875,09:39:37.192,6.0000,100
34841160466961,09:40:41.160,5.9950,200
34841161808356,09:40:41.161,5.9950,200
34884628287563,09:41:24.628,5.9900,4
34884628287563,09:41:24.628,5.9900,100
34884628287563,09:41:24.628,5.9900,100
34884628287563,09:41:24.628,5.9900,100
34884628287563,09:41:24.628,5.9900,1000
34884628287563,09:41:24.628,5.9900,200
34884628287563,09:41:24.628,5.9900,100
35022013415488,09:43:42.013,5.9800,70
35022013415488,09:43:42.013,5.9800,16
35022013415488,09:43:42.013,5.9800,14
35022013514608,09:43:42.013,5.9800,3
35022013514608,09:43:42.013,5.9800,200
35022013514608,09:43:42.013,5.9800,100
35022013514608,09:43:42.013,5.9800,1000
35022013514608,09:43:42.013,5.9800,100
35022013514608,09:43:42.013,5.9800,100
35022013514608,09:43:42.013,5.9800,100
35022013514608,09:43:42.013,5.9800,800
35022013514608,09:43:42.013,5.9800,100
35022013514608,09:43:42.013,5.9800,74
35022013530946,09:43:42.013,5.9800,26
35230529368711,09:47:10.529,5.9800,200
35230529368711,09:47:10.529,5.9800,300
35230529368711,09:47:10.529,5.9800,440
35230529368711,09:47:10.529,5.9800,100
35230529368711,09:47:10.529,5.9800,2429
35230529422312,09:47:10.529,5.9800,400
35230529431424,09:47:10.529,5.9800,1271
35230529431424,09:47:10.529,5.9800,100
35230529431424,09:47:10.529,5.9800,300
35230529431424,09:47:10.529,5.9800,100
35230529431424,09:47:10.529,5.9800,500
35230529431424,09:47:10.529,5.9800,100
35230529431424,09:47:10.529,5.9800,400
35230529431424,09:47:10.529,5.9800,100
35230529431424,09:47:10.529,5.9800,100
35230529431424,09:47:10.529,5.9800,100
35230529431424,09:47:10.529,5.9800,300
35233235721143,09:47:13.235,5.9800,200
35233235721143,09:47:13.235,5.9800,300
35233235721143,09:47:13.235,5.9800,500
35233235721143,09:47:13.235,5.9800,300
35233235721143,09:47:13.235,5.9800,100
35236234070205,09:47:16.234,5.9800,300
35236754741474,09:47:16.754,5.9800,300
35239754540663,09:47:19.754,5.9800,200
35239754540663,09:47:19.754,5.9800,200
35242753726635,09:47:22.753,5.9800,100
35243665693638,09:47:23.665,5.9800,300
35245753732012,09:47:25.753,5.9800,100
35248754144069,09:47:28.754,5.9800,100
35251460397944,09:47:31.460,5.9800,200
35251460397944,09:47:31.460,5.9800,200
35251460397944,09:47:31.460,5.9800,200
35288388060708,09:48:08.388,5.9750,100
35358777217566,09:49:18.777,5.9750,400
35394185959806,09:49:54.185,5.9750,100
35394189382889,09:49:54.189,5.9750,100
35394190760656,09:49:54.190,5.9750,100
35394194114723,09:49:54.194,5.9750,100
35394195470740,09:49:54.195,5.9750,100
35394197270842,09:49:54.197,5.9750,100
35394201848180,09:49:54.201,5.9750,100
35394203228248,09:49:54.203,5.9750,100
35394205073968,09:49:54.205,5.9750,100
35394207127532,09:49:54.207,5.9750,100
35398488661791,09:49:58.488,5.9750,100
35398493338915,09:49:58.493,5.9750,100
35398495096213,09:49:58.495,5.9750,100
35398496768809,09:49:58.496,5.9750,100
35398499004317,09:49:58.499,5.9750,100
35398500803272,09:49:58.500,5.9750,100
35398500803272,09:49:58.500,5.9750,100
35398504147805,09:49:58.504,5.9750,200
35398505498277,09:49:58.505,5.9750,100
35398505498277,09:49:58.505,5.9750,100
35398507237171,09:49:58.507,5.9750,100
35398513831872,09:49:58.513,5.9750,100
35398515107389,09:49:58.515,5.9750,100
35398517106939,09:49:58.517,5.9750,100
35398519073033,09:49:58.519,5.9750,100
35398519073033,09:49:58.519,5.9750,200
35433501962563,09:50:33.501,5.9750,300
35433504323065,09:50:33.504,5.9750,800
35433504323065,09:50:33.504,5.9750,200
35433504323065,09:50:33.504,5.9700,100
35510283543738,09:51:50.283,5.9800,100
35510283543738,09:51:50.283,5.9800,100
35510283543738,09:51:50.283,5.9800,100
35510283543738,09:51:50.283,5.9800,100
35510283543738,09:51:50.283,5.9800,200
35667053415794,09:54:27.053,5.9900,166
35667053441856,09:54:27.053,5.9900,34
35667053441856,09:54:27.053,5.9900,300
35667053441856,09:54:27.053,5.9900,154
35674754094745,09:54:34.754,5.9900,46
35674754094745,09:54:34.754,5.9900,54
35674754094745,09:54:34.754,5.9900,100
35674754094745,09:54:34.754,5.9900,500
35674754094745,09:54:34.754,5.9900,100
35674754094745,09:54:34.754,5.9900,100
35674754094745,09:54:34.754,5.9900,200
35674754094745,09:54:34.754,5.9900,200
35674754094745,09:54:34.754,5.9900,100
35674754320056,09:54:34.754,5.9900,7700
35674755615884,09:54:34.755,5.9900,100
35674755615884,09:54:34.755,5.9900,197
35786053284663,09:56:26.053,5.9950,200
35786054781278,09:56:26.054,5.9950,200
35786056800969,09:56:26.056,5.9950,200
35786058937472,09:56:26.058,5.9950,200
35786065451122,09:56:26.065,5.9950,200
35786067472372,09:56:26.067,5.9950,200
35786067472372,09:56:26.067,5.9950,200
35940264515857,09:59:00.264,6.0000,1
35940264572541,09:59:00.264,6.0000,99
35940264572541,09:59:00.264,6.0000,400
35940264572541,09:59:00.264,6.0000,100
35940264572541,09:59:00.264,6.0000,100
35940264572541,09:59:00.264,6.0000,100
35940279261294,09:59:00.279,6.0000,3100
35940279261294,09:59:00.279,6.0000,1200
35940279261294,09:59:00.279,6.0000,120
35940279261294,09:59:00.279,6.0000,1000
35940279261294,09:59:00.279,6.0000,800
35940279261294,09:59:00.279,6.0000,300
35940279261294,09:59:00.279,6.0000,100
35940279261294,09:59:00.279,6.0000,300
35940279261294,09:59:00.279,6.0000,1000
35940279261294,09:59:00.279,6.0000,400
35940279261294,09:59:00.279,6.0000,1264
35940279307395,09:59:00.279,6.0000,200
35940279307395,09:59:00.279,6.0000,1200
35951982516892,09:59:11.982,6.0000,178
36011642802376,10:00:11.642,5.9900,4500
36011642802376,10:00:11.642,5.9900,1800
36011642802376,10:00:11.642,5.9900,3489
36011642816288,10:00:11.642,5.9900,1511
36011642816288,10:00:11.642,5.9900,500
36011642816288,10:00:11.642,5.9900,100
36011642816288,10:00:11.642,5.9900,200
36011642816288,10:00:11.642,5.9900,300
36028222911490,10:00:28.222,5.9850,1
36078072341388,10:01:18.072,5.9850,200
36078073084578,10:01:18.073,5.9800,2800
36078073084578,10:01:18.073,5.9800,400
36078073084578,10:01:18.073,5.9800,100
36078073084578,10:01:18.073,5.9800,100
36078073084578,10:01:18.073,5.9800,100
36078073084578,10:01:18.073,5.9800,100
36078073084578,10:01:18.073,5.9800,100
36078073084578,10:01:18.073,5.9800,100
36078073084578,10:01:18.073,5.9800,1600
36078073084578,10:01:18.073,5.9800,400
36078073429213,10:01:18.073,5.9800,100
36078959250065,10:01:18.959,5.9800,100
36105591060239,10:01:45.591,5.9800,1800
36105591060239,10:01:45.591,5.9800,100
36105591060239,10:01:45.591,5.9800,100
36105591060239,10:01:45.591,5.9800,100
36105591060239,10:01:45.591,5.9800,100
36105591060239,10:01:45.591,5.9800,200
36105591060239,10:01:45.591,5.9800,300
36105591060239,10:01:45.591,5.9800,100
36139228294052,10:02:19.228,5.9800,3100
36139228294052,10:02:19.228,5.9800,100
36139228294052,10:02:19.228,5.9800,100
36139228294052,10:02:19.228,5.9800,100
36167162027420,10:02:47.162,5.9750,100
36187362932435,10:03:07.362,5.9750,2
36246236953608,10:04:06.236,5.9800,100
36246236953608,10:04:06.236,5.9800,200
36246236992757,10:04:06.236,5.9800,29
36336001434352,10:05:36.001,5.9850,800
36336001434352,10:05:36.001,5.9850,800
36336001434352,10:05:36.001,5.9850,800
36336001434352,10:05:36.001,5.9850,100
36336001434352,10:05:36.001,5.9900,23
36383424448459,10:06:23.424,5.9900,177
36383424448459,10:06:23.424,5.9900,100
36383424448459,10:06:23.424,5.9900,100
36383424448459,10:06:23.424,5.9900,100
36383424448459,10:06:23.424,5.9900,36
36385528435267,10:06:25.528,5.9900,200
36385528435267,10:06:25.528,5.9900,300
36385528435267,10:06:25.528,5.9900,100
36385528435267,10:06:25.528,5.9900,135
36385528435267,10:06:25.528,5.9900,3100
36385528435267,10:06:25.528,5.9900,200
36431477165541,10:07:11.477,5.9900,100
36486737661779,10:08:06.737,5.9900,100
36486737869403,10:08:06.737,5.9900,2900
36486737869403,10:08:06.737,5.9900,100
36486737869403,10:08:06.737,5.9900,35
36488238533214,10:08:08.238,5.9900,300
36488238533214,10:08:08.238,5.9900,100
36488238533214,10:08:08.238,5.9900,200
36488238533214,10:08:08.238,5.9900,4400
36488240202692,10:08:08.240,5.9900,3100
36488240202692,10:08:08.240,5.9900,300
36525266493719,10:08:45.266,5.9900,200
36527262419949,10:08:47.262,5.9900,100
36527262444594,10:08:47.262,5.9900,1
36532160641988,10:08:52.160,5.9900,199
36541151427004,10:09:01.151,5.9900,100
36546765527332,10:09:06.765,5.9900,2500
36546765527332,10:09:06.765,5.9900,100
36546765527332,10:09:06.765,5.9900,700
36546765527332,10:09:06.765,5.9900,100
36546765527332,10:09:06.765,5.9900,100
36568648024860,10:09:28.648,5.9900,100
36568648024860,10:09:28.648,5.9900,100
36568648024860,10:09:28.648,5.9900,100
36568648024860,10:09:28.648,5.9900,100
36568648024860,10:09:28.648,5.9900,100
36568648024860,10:09:28.648,5.9900,100
36568648024860,10:09:28.648,5.9900,100
36568648024860,10:09:28.648,5.9900,100
36568648024860,10:09:28.648,5.9900,300
36568648024860,10:09:28.648,5.9900,5800
36793247832548,10:13:13.247,5.9900,200
36793247832548,10:13:13.247,5.9900,100
36877245571084,10:14:37.245,5.9900,99
36908135500519,10:15:08.135,5.9900,434
36908135572860,10:15:08.135,5.9900,300
36908135639408,10:15:08.135,5.9900,200
36937276391005,10:15:37.276,5.9900,300
36955265915183,10:15:55.265,5.9900,600
37199278081006,10:19:59.278,5.9900,400
37215140184128,10:20:15.140,5.9900,234
37226189556941,10:20:26.189,5.9900,100
37243125979515,10:20:43.125,5.9900,100
37264233085496,10:21:04.233,5.9900,400
37312721584938,10:21:52.721,5.9900,100
37312722075513,10:21:52.722,5.9900,32
37312722075513,10:21:52.722,5.9900,15
37312722545503,10:21:52.722,5.9900,185
37312722545503,10:21:52.722,5.9900,100
37312722545503,10:21:52.722,5.9900,100
37312722545503,10:21:52.722,5.9900,15
37313654037751,10:21:53.654,5.9900,300
37313654037751,10:21:53.654,5.9900,200
37313654037751,10:21:53.654,5.9900,1800
37313654037751,10:21:53.654,5.9900,3000
37331229316041,10:22:11.229,5.9900,100
37400114129465,10:23:20.114,5.9900,400
37400114216556,10:23:20.114,5.9900,820
37400114216556,10:23:20.114,5.9900,46
37400114216556,10:23:20.114,5.9900,200
37400114216556,10:23:20.114,5.9900,2600
37400114216556,10:23:20.114,5.9900,100
37400114216556,10:23:20.114,5.9900,13
37437126892429,10:23:57.126,5.9950,200
37437128235743,10:23:57.128,5.9950,200
37437130092806,10:23:57.130,5.9950,200
37437132236780,10:23:57.132,5.9950,800
37437132236780,10:23:57.132,5.9950,100
37445990983281,10:24:05.990,5.9950,1
37469201326529,10:24:29.201,5.9950,10
37504126723608,10:25:04.126,5.9950,200
37504127947115,10:25:04.127,5.9950,200
37518708989904,10:25:18.708,5.9950,200
37627233275065,10:27:07.233,5.9950,400
37627727003151,10:27:07.727,5.9950,100
37628256787256,10:27:08.256,5.9950,400
37628257291738,10:27:08.257,5.9900,300
37628257291738,10:27:08.257,5.9900,100
37628257291738,10:27:08.257,5.9900,200
37628257291738,10:27:08.257,5.9900,2600
37628257291738,10:27:08.257,5.9900,100
37628257291738,10:27:08.257,5.9900,400
37628257291738,10:27:08.257,5.9900,6000
37628257291738,10:27:08.257,5.9900,100
37628257291738,10:27:08.257,5.9900,500
37628257291738,10:27:08.257,5.9900,400
37628257291738,10:27:08.257,5.9900,400
37628257291738,10:27:08.257,5.9900,100
37628257291738,10:27:08.257,5.9900,200
37628257291738,10:27:08.257,5.9900,200
37628258161380,10:27:08.258,5.9900,37
37804530011225,10:30:04.530,5.9900,100
37810505237747,10:30:10.505,5.9900,63
37810505237747,10:30:10.505,5.9900,201
37810505731629,10:30:10.505,5.9900,1199
37810505731629,10:30:10.505,5.9900,200
37810505731629,10:30:10.505,5.9900,100
37810505731629,10:30:10.505,5.9900,100
37810505731629,10:30:10.505,5.9900,500
37810505731629,10:30:10.505,5.9900,200
37810505731629,10:30:10.505,5.9900,200
37810505731629,10:30:10.505,5.9900,100
37810505731629,10:30:10.505,5.9900,200
37810505731629,10:30:10.505,5.9900,100
37810506872544,10:30:10.506,5.9950,235
37821129686629,10:30:21.129,6.0000,200
37821129686629,10:30:21.129,6.0000,1400
37821129686629,10:30:21.129,6.0000,100
37821129686629,10:30:21.129,6.0000,100
37862163253952,10:31:02.163,6.0050,100
37881621955217,10:31:21.621,6.0050,100
37884364969054,10:31:24.364,6.0050,100
37928080654875,10:32:08.080,6.0050,100
37928082181650,10:32:08.082,6.0000,11808
37928082181650,10:32:08.082,6.0000,100
37928082181650,10:32:08.082,6.0000,4600
37928082181650,10:32:08.082,6.0000,100
37928082375187,10:32:08.082,6.0000,100
37928082854772,10:32:08.082,6.0000,100
37928082864686,10:32:08.082,6.0000,100
37928084421420,10:32:08.084,6.0000,100
37931562970976,10:32:11.562,5.9950,100
37951290362655,10:32:31.290,5.9950,13
37997796399679,10:33:17.796,5.9950,2
38030890250738,10:33:50.890,5.9950,85
38238701030684,10:37:18.701,5.9950,500
38256530038708,10:37:36.530,5.9950,500
38263155033191,10:37:43.155,5.9950,400
38265155876610,10:37:45.155,5.9950,400
38271963036735,10:37:51.963,5.9950,400
38274071034617,10:37:54.071,5.9950,300
38295060387381,10:38:15.060,5.9950,5
38326253687354,10:38:46.253,5.9950,1
38488129503159,10:41:28.129,6.0000,100
38701084614847,10:45:01.084,6.0000,6700
38701084614847,10:45:01.084,6.0000,2700
38701084614847,10:45:01.084,6.0000,100
38701084614847,10:45:01.084,6.0000,100
38701084614847,10:45:01.084,6.0000,100
38701084614847,10:45:01.084,6.0000,200
38701084614847,10:45:01.084,6.0000,100
38701084614847,10:45:01.084,6.0000,100
38701084614847,10:45:01.084,6.0000,100
38701084614847,10:45:01.084,6.0000,100
38701084614847,10:45:01.084,6.0000,95
38701084614847,10:45:01.084,6.0000,100
38701084614847,10:45:01.084,6.0000,10
38701084614847,10:45:01.084,6.0000,100
38850604324436,10:47:30.604,6.0100,200
38850604324436,10:47:30.604,6.0100,100
38850604324436,10:47:30.604,6.0100,300
38850604324436,10:47:30.604,6.0100,100
38850604324436,10:47:30.604,6.0100,400
38850604324436,10:47:30.604,6.0100,400
38850604324436,10:47:30.604,6.0100,200
38850604324436,10:47:30.604,6.0100,11
38850604324436,10:47:30.604,6.0100,100
38850604324436,10:47:30.604,6.0100,200
38850604324436,10:47:30.604,6.0100,500
38850604324436,10:47:30.604,6.0100,500
38850604324436,10:47:30.604,6.0100,500
38850604324436,10:47:30.604,6.0100,1
38850604324436,10:47:30.604,6.0100,100
38850604324436,10:47:30.604,6.0100,400
38850604324436,10:47:30.604,6.0100,100
38850604324436,10:47:30.604,6.0100,200
38850604324436,10:47:30.604,6.0100,1
38850604324436,10:47:30.604,6.0100,1000
38850604324436,10:47:30.604,6.0100,500
38850604324436,10:47:30.604,6.0100,1000
39159247039215,10:52:39.247,6.0200,200
39159247039215,10:52:39.247,6.0200,300
39259910862526,10:54:19.910,6.0200,100
39262260490786,10:54:22.260,6.0200,100
39262260490786,10:54:22.260,6.0200,100
39262260490786,10:54:22.260,6.0200,300
39304870178364,10:55:04.870,6.0200,100
39319884102009,10:55:19.884,6.0200,100
39319884102009,10:55:19.884,6.0200,100
39319887315710,10:55:19.887,6.0200,100
39319893421005,10:55:19.893,6.0200,300
39319893421005,10:55:19.893,6.0200,100
39319893421005,10:55:19.893,6.0200,100
39320235574930,10:55:20.235,6.0200,1
39320235574930,10:55:20.235,6.0200,199
39324160412205,10:55:24.160,6.0200,1
39324160412205,10:55:24.160,6.0200,99
39336659697296,10:55:36.659,6.0200,1
39336659697296,10:55:36.659,6.0200,27
39336660356797,10:55:36.660,6.0250,200
39484258199438,10:58:04.258,6.0300,400
39484258199438,10:58:04.258,6.0300,100
39484289683020,10:58:04.289,6.0300,100
39484289683020,10:58:04.289,6.0300,100
39498975115938,10:58:18.975,6.0300,100
39498975115938,10:58:18.975,6.0300,100
39559237625887,10:59:19.237,6.0300,100
39559237625887,10:59:19.237,6.0300,400
39586607161455,10:59:46.607,6.0300,100
39586607161455,10:59:46.607,6.0300,500
39586607161455,10:59:46.607,6.0300,100
39586607161455,10:59:46.607,6.0300,5000
39586607161455,10:59:46.607,6.0300,28
39586607161455,10:59:46.607,6.0300,100
39586607161455,10:59:46.607,6.0300,301
39586607161455,10:59:46.607,6.0300,447
39586607161455,10:59:46.607,6.0300,100
39622270784628,11:00:22.270,6.0400,300
39622270784628,11:00:22.270,6.0400,100
39622270784628,11:00:22.270,6.0400,100
39634537730877,11:00:34.537,6.0400,26
39634537730877,11:00:34.537,6.0400,74
39663470493056,11:01:03.470,6.0400,26
39671802250812,11:01:11.802,6.0450,300
39671802250812,11:01:11.802,6.0400,2800
39671802250812,11:01:11.802,6.0400,493
39671802250812,11:01:11.802,6.0400,270
39671802291240,11:01:11.802,6.0400,177
39671802442843,11:01:11.802,6.0400,7953
39671802442843,11:01:11.802,6.0400,400
39671802442843,11:01:11.802,6.0400,100
39671802442843,11:01:11.802,6.0400,100
39671802442843,11:01:11.802,6.0400,2200
39671802442843,11:01:11.802,6.0400,2540
39671802477099,11:01:11.802,6.0400,60
39671802609131,11:01:11.802,6.0400,300
39671802609131,11:01:11.802,6.0400,500
39671803130806,11:01:11.803,6.0400,100
39671803130806,11:01:11.803,6.0400,77
39671803187147,11:01:11.803,6.0400,23
39671803187147,11:01:11.803,6.0400,100
39804309965821,11:03:24.309,6.0400,100
39871263401991,11:04:31.263,6.0400,100
39923231557887,11:05:23.231,6.0400,100
39926270185275,11:05:26.270,6.0400,500
39947419489966,11:05:47.419,6.0400,20
39947419489966,11:05:47.419,6.0400,800
39947419489966,11:05:47.419,6.0400,80
39947419642871,11:05:47.419,6.0400,20
39947419642871,11:05:47.419,6.0400,70
39947419642871,11:05:47.419,6.0400,85
39947419642871,11:05:47.419,6.0400,18
39947419642871,11:05:47.419,6.0400,100
39947419642871,11:05:47.419,6.0400,100
39990105987105,11:06:30.105,6.0450,500
39996821182656,11:06:36.821,6.0500,100
39998638000257,11:06:38.638,6.0450,600
39998638001716,11:06:38.638,6.0450,200
40001342992189,11:06:41.342,6.0450,600
40001342993805,11:06:41.342,6.0450,200
40067303520846,11:07:47.303,6.0450,190
40067303520846,11:07:47.303,6.0400,600
40067303520846,11:07:47.303,6.0400,300
40067303520846,11:07:47.303,6.0400,200
40067303520846,11:07:47.303,6.0400,100
40067303520846,11:07:47.303,6.0400,100
40067303520846,11:07:47.303,6.0400,842
40067303520846,11:07:47.303,6.0400,2900
40067303520846,11:07:47.303,6.0400,400
40067303520846,11:07:47.303,6.0400,5900
40067303520846,11:07:47.303,6.0400,100
40067303520846,11:07:47.303,6.0400,68
40067303597451,11:07:47.303,6.0400,1232
40067303714458,11:07:47.303,6.0400,42
40067303714458,11:07:47.303,6.0400,42
40067303714458,11:07:47.303,6.0400,1500
40067304626542,11:07:47.304,6.0400,200
40067304626542,11:07:47.304,6.0400,100
40069152008891,11:07:49.152,6.0350,900
40148696644797,11:09:08.696,6.0300,1100
40148696644797,11:09:08.696,6.0300,100
40148696644797,11:09:08.696,6.0300,100
40148696644797,11:09:08.696,6.0300,100
40148696644797,11:09:08.696,6.0300,300
40148696644797,11:09:08.696,6.0300,900
40148776487587,11:09:08.776,6.0300,1300
40148776487587,11:09:08.776,6.0300,300
40148776487587,11:09:08.776,6.0300,1000
40148776487587,11:09:08.776,6.0300,1500
40148776487587,11:09:08.776,6.0300,100
40148776487587,11:09:08.776,6.0300,200
40148776487587,11:09:08.776,6.0300,400
40231027135662,11:10:31.027,6.0350,800
40231027135662,11:10:31.027,6.0350,800
40231027135662,11:10:31.027,6.0300,300
40231027135662,11:10:31.027,6.0300,500
40231027135662,11:10:31.027,6.0300,100
40231027135662,11:10:31.027,6.0300,100
40231027135662,11:10:31.027,6.0300,100
40231027135662,11:10:31.027,6.0300,100
40231027135662,11:10:31.027,6.0300,100
40231027135662,11:10:31.027,6.0300,100
40231027135662,11:10:31.027,6.0300,100
40231027135662,11:10:31.027,6.0300,1600
40231027135662,11:10:31.027,6.0300,200
40231027135662,11:10:31.027,6.0300,2800
40670563399345,11:17:50.563,6.0350,300
40670586742143,11:17:50.586,6.0350,100
40671577418595,11:17:51.577,6.0350,100
40672579003541,11:17:52.579,6.0350,100
40673579841160,11:17:53.579,6.0350,100
40676578684565,11:17:56.578,6.0350,100
40677583294877,11:17:57.583,6.0350,100
40680664035511,11:18:00.664,6.0350,100
40681664042663,11:18:01.664,6.0350,100
41281174613196,11:28:01.174,6.0300,300
41281174613196,11:28:01.174,6.0300,100
41281174613196,11:28:01.174,6.0300,1400
41281174613196,11:28:01.174,6.0300,100
41281174613196,11:28:01.174,6.0300,100
41281174613196,11:28:01.174,6.0300,200
41281174613196,11:28:01.174,6.0300,1100
41281174613196,11:28:01.174,6.0300,200
41281174613196,11:28:01.174,6.0300,100
41281174613196,11:28:01.174,6.0300,900
41281174613196,11:28:01.174,6.0300,100
41281174613196,11:28:01.174,6.0300,700
41281174613196,11:28:01.174,6.0300,100
41281174613196,11:28:01.174,6.0300,800
41281174613196,11:28:01.174,6.0300,500
41281174613196,11:28:01.174,6.0300,1100
41281174613196,11:28:01.174,6.0300,100
41281174613196,11:28:01.174,6.0300,200
41281174613196,11:28:01.174,6.0300,300
41281174613196,11:28:01.174,6.0300,400
41281174613196,11:28:01.174,6.0300,100
41281174613196,11:28:01.174,6.0300,2200
41281174613196,11:28:01.174,6.0300,1200
41281174613196,11:28:01.174,6.0300,600
41281174613196,11:28:01.174,6.0300,600
41281174613196,11:28:01.174,6.0300,1600
41281174657090,11:28:01.174,6.0300,400
41281174662509,11:28:01.174,6.0300,200
41281175503142,11:28:01.175,6.0300,200
41281175503142,11:28:01.175,6.0300,100
41281177702911,11:28:01.177,6.0250,200
41281177702911,11:28:01.177,6.0300,200
41281177702911,11:28:01.177,6.0300,100
41283178337996,11:28:03.178,6.0300,1000
41283178337996,11:28:03.178,6.0300,200
41283178337996,11:28:03.178,6.0300,46
41283178337996,11:28:03.178,6.0300,400
41283185617641,11:28:03.185,6.0300,150
41286229424407,11:28:06.229,6.0300,50
41286229424407,11:28:06.229,6.0300,1050
41286229478274,11:28:06.229,6.0300,93
41286229492313,11:28:06.229,6.0300,542
41286229502232,11:28:06.229,6.0300,482
41286229659989,11:28:06.229,6.0300,1033
41286229659989,11:28:06.229,6.0300,200
41286229659989,11:28:06.229,6.0300,40
41295105274020,11:28:15.105,6.0300,100
41295105274020,11:28:15.105,6.0300,300
41295105274020,11:28:15.105,6.0300,200
41295105274020,11:28:15.105,6.0300,100
41295105274020,11:28:15.105,6.0300,3200
41295105274020,11:28:15.105,6.0300,1200
41295105274020,11:28:15.105,6.0300,100
41295105885812,11:28:15.105,6.0300,828
41297275889424,11:28:17.275,6.0300,100
41300542765623,11:28:20.542,6.0300,1500
41300542765623,11:28:20.542,6.0300,400
41300542765623,11:28:20.542,6.0300,300
41300542765623,11:28:20.542,6.0300,100
41300542765623,11:28:20.542,6.0300,200
41300542765623,11:28:20.542,6.0300,800
41302756218516,11:28:22.756,6.0300,200
41307756222946,11:28:27.756,6.0300,100
41307756616886,11:28:27.756,6.0300,2172
41307756616886,11:28:27.756,6.0300,100
41307756616886,11:28:27.756,6.0300,31
41307901680410,11:28:27.901,6.0300,100
41308367381691,11:28:28.367,6.0300,2000
41308367381691,11:28:28.367,6.0300,100
41308367381691,11:28:28.367,6.0300,300
41308367381691,11:28:28.367,6.0300,200
41308367381691,11:28:28.367,6.0300,3681
41324256775512,11:28:44.256,6.0300,200
41355275248381,11:29:15.275,6.0350,300
41498264861550,11:31:38.264,6.0350,500
41595134662593,11:33:15.134,6.0350,100
41596143647074,11:33:16.143,6.0350,100
41597140716583,11:33:17.140,6.0350,100
41598144612202,11:33:18.144,6.0350,200
41599140856326,11:33:19.140,6.0350,100
41600140390878,11:33:20.140,6.0350,100
41601140374963,11:33:21.140,6.0350,100
41639275861038,11:33:59.275,6.0350,500
41769124927485,11:36:09.124,6.0350,200
41774155651948,11:36:14.155,6.0400,500
41853248418166,11:37:33.248,6.0350,500
41993617005017,11:39:53.617,6.0350,100
41994112022004,11:39:54.112,6.0350,200
41994620399321,11:39:54.620,6.0350,100
41995117021441,11:39:55.117,6.0350,300
41995638459212,11:39:55.638,6.0350,100
41996136023049,11:39:56.136,6.0350,400
42120776016609,11:42:00.776,6.0350,400
42197256944809,11:43:17.256,6.0400,100
42197256944809,11:43:17.256,6.0400,200
42295067012161,11:44:55.067,6.0350,100
42296542009614,11:44:56.542,6.0350,200
42297560009578,11:44:57.560,6.0350,300
42298564013556,11:44:58.564,6.0350,300
42323081493015,11:45:23.081,6.0350,1
42446916974257,11:47:26.916,6.0350,1
42485908305877,11:48:05.908,6.0400,100
42532800007793,11:48:52.800,6.0350,600
42861835021915,11:54:21.835,6.0350,100
42861835022681,11:54:21.835,6.0350,100
42862348033926,11:54:22.348,6.0350,300
42880770031533,11:54:40.770,6.0350,200
42882132018976,11:54:42.132,6.0350,100
43070580005328,11:57:50.580,6.0350,100
43071097998903,11:57:51.097,6.0350,200
43072106003214,11:57:52.106,6.0350,200
43072874000789,11:57:52.874,6.0350,100
43073124010540,11:57:53.124,6.0350,300
43316429026833,12:01:56.429,6.0350,100
43531087029598,12:05:31.087,6.0350,100
43531635008523,12:05:31.635,6.0350,200
43532626010241,12:05:32.626,6.0350,200
43540637009630,12:05:40.637,6.0350,100
43541434009007,12:05:41.434,6.0350,400
43542456013928,12:05:42.456,6.0350,400
43543435013265,12:05:43.435,6.0350,400
43623140006112,12:07:03.140,6.0350,100
43924120900256,12:12:04.120,6.0400,100
43935197277796,12:12:15.197,6.0400,100
43935197277796,12:12:15.197,6.0400,1485
44125257007161,12:15:25.257,6.0400,400
44221392029620,12:17:01.392,6.0350,100
44222756023899,12:17:02.756,6.0350,200
44223756026423,12:17:03.756,6.0350,200
44224772023891,12:17:04.772,6.0350,200
44225755026995,12:17:05.755,6.0350,200
44238343638936,12:17:18.343,6.0400,100
44314362021359,12:18:34.362,6.0350,100
44349813819198,12:19:09.813,6.0400,100
44424503118916,12:20:24.503,6.0400,900
44424562770330,12:20:24.562,6.0400,115
44424562770330,12:20:24.562,6.0400,385
44425546789810,12:20:25.546,6.0400,2900
44432014581618,12:20:32.014,6.0400,900
44432469810991,12:20:32.469,6.0400,100
44433648289507,12:20:33.648,6.0400,2900
44433648492574,12:20:33.648,6.0400,400
44433892018708,12:20:33.892,6.0400,1000
44459968277506,12:20:59.968,6.0400,6415
44459968277506,12:20:59.968,6.0400,100
44459968277506,12:20:59.968,6.0400,100
44459968277506,12:20:59.968,6.0400,100
44459968277506,12:20:59.968,6.0400,10
44459968277506,12:20:59.968,6.0400,200
44459968277506,12:20:59.968,6.0400,50
44459968277506,12:20:59.968,6.0400,100
44459968277506,12:20:59.968,6.0400,22
44459968277506,12:20:59.968,6.0400,25
44459968277506,12:20:59.968,6.0400,38
44459968598560,12:20:59.968,6.0400,100
44459968598560,12:20:59.968,6.0400,4400
44459968598560,12:20:59.968,6.0400,100
44459968807016,12:20:59.968,6.0400,100
44459968807016,12:20:59.968,6.0400,2200
44459968870854,12:20:59.968,6.0400,700
44459969068965,12:20:59.969,6.0400,2439
44463278738451,12:21:03.278,6.0450,800
44463278738451,12:21:03.278,6.0450,800
44606106122304,12:23:26.106,6.0500,2400
44619011463470,12:23:39.011,6.0500,1000
44619011463470,12:23:39.011,6.0500,111
44619011463470,12:23:39.011,6.0500,150
44619011463470,12:23:39.011,6.0500,500
44619011463470,12:23:39.011,6.0500,1
44619011463470,12:23:39.011,6.0500,100
44619011463470,12:23:39.011,6.0500,100
44619011463470,12:23:39.011,6.0500,500
44619011463470,12:23:39.011,6.0500,500
44619011589877,12:23:39.011,6.0500,100
44619459757783,12:23:39.459,6.0500,300
44619459757783,12:23:39.459,6.0500,100
44619459757783,12:23:39.459,6.0500,100
44620606091950,12:23:40.606,6.0500,100
44621737907598,12:23:41.737,6.0500,400
44653506531465,12:24:13.506,6.0500,100
44707302427800,12:25:07.302,6.0500,2900
44707306738610,12:25:07.306,6.0500,100
44707486988435,12:25:07.486,6.0500,1000
44707486988435,12:25:07.486,6.0500,100
44707486988435,12:25:07.486,6.0500,600
44707486988435,12:25:07.486,6.0500,18
44707486988435,12:25:07.486,6.0500,182
44707487159424,12:25:07.487,6.0500,200
44707487209342,12:25:07.487,6.0500,1800
44825376254206,12:27:05.376,6.0600,900
44825376481309,12:27:05.376,6.0600,400
44830331812878,12:27:10.331,6.0600,400
44830528517570,12:27:10.528,6.0600,400
44830528517570,12:27:10.528,6.0600,500
44830588636717,12:27:10.588,6.0600,300
44830588636717,12:27:10.588,6.0600,200
44830588636717,12:27:10.588,6.0600,400
44995129343524,12:29:55.129,6.0600,100
45032711647652,12:30:32.711,6.0600,100
45032711647652,12:30:32.711,6.0600,100
45032711647652,12:30:32.711,6.0600,325
45032711647652,12:30:32.711,6.0600,84
45032711647652,12:30:32.711,6.0600,800
45032711647652,12:30:32.711,6.0600,200
45032711647652,12:30:32.711,6.0600,191
45083747114585,12:31:23.747,6.0550,1
45440415275837,12:37:20.415,6.0600,200
45443528836072,12:37:23.528,6.0600,100
45443528836072,12:37:23.528,6.0600,100
45443528836072,12:37:23.528,6.0600,100
45443528836072,12:37:23.528,6.0600,22
45443528836072,12:37:23.528,6.0600,22
45443528836072,12:37:23.528,6.0600,100
45443528836072,12:37:23.528,6.0600,156
45565326304601,12:39:25.326,6.0600,100
45565326304601,12:39:25.326,6.0600,200
45565326304601,12:39:25.326,6.0600,500
45565326304601,12:39:25.326,6.0600,200
45565326304601,12:39:25.326,6.0600,587
45651781013362,12:40:51.781,6.0550,300
45651781014917,12:40:51.781,6.0550,200
45674057703776,12:41:14.057,6.0600,13
45674057703776,12:41:14.057,6.0600,200
45674057703776,12:41:14.057,6.0600,200
45674057703776,12:41:14.057,6.0600,64
45674212602155,12:41:14.212,6.0600,36
45674212602155,12:41:14.212,6.0600,100
45674212602155,12:41:14.212,6.0600,164
45674374508275,12:41:14.374,6.0600,387
45674374508275,12:41:14.374,6.0600,47
45674374508275,12:41:14.374,6.0600,44
45674374508275,12:41:14.374,6.0600,222
45674502958032,12:41:14.502,6.0600,691
45678652308518,12:41:18.652,6.0600,200
45683652317761,12:41:23.652,6.0600,200
45688652310261,12:41:28.652,6.0600,100
45688652310261,12:41:28.652,6.0600,100
45693652258174,12:41:33.652,6.0600,100
45701518124132,12:41:41.518,6.0600,99
45701599185060,12:41:41.599,6.0600,900
45701665805024,12:41:41.665,6.0600,900
45701734470782,12:41:41.734,6.0600,900
45792734310609,12:43:12.734,6.0600,400
45793924487932,12:43:13.924,6.0600,900
45793993711024,12:43:13.993,6.0600,300
45794147373718,12:43:14.147,6.0600,200
45794147373718,12:43:14.147,6.0600,200
45794147373718,12:43:14.147,6.0600,46
45794147373718,12:43:14.147,6.0600,100
45794147373718,12:43:14.147,6.0600,100
45794147373718,12:43:14.147,6.0600,1
45794316834632,12:43:14.316,6.0600,100
45794316834632,12:43:14.316,6.0600,400
45794459378909,12:43:14.459,6.0600,900
45794578837938,12:43:14.578,6.0600,900
45794650029529,12:43:14.650,6.0600,900
45794717009752,12:43:14.717,6.0600,900
45795521297265,12:43:15.521,6.0600,100
45795521297265,12:43:15.521,6.0600,1000
45795521297265,12:43:15.521,6.0600,100
45795521297265,12:43:15.521,6.0600,4200
45795521297265,12:43:15.521,6.0600,75
45795521297265,12:43:15.521,6.0600,400
45795521297265,12:43:15.521,6.0600,8600
45795521693992,12:43:15.521,6.0600,4300
45795521693992,12:43:15.521,6.0600,934
45795521712948,12:43:15.521,6.0600,66
45795521712948,12:43:15.521,6.0600,100
45795521712948,12:43:15.521,6.0600,200
46068948273437,12:47:48.948,6.0600,200
46068948273437,12:47:48.948,6.0600,300
46068948273437,12:47:48.948,6.0600,278
46069032614544,12:47:49.032,6.0600,1000
46069104551845,12:47:49.104,6.0600,1000
46069174923927,12:47:49.174,6.0600,1000
46130802921911,12:48:50.802,6.0600,700
46130872006919,12:48:50.872,6.0600,322
46130872006919,12:48:50.872,6.0600,100
46130872006919,12:48:50.872,6.0600,100
46130872006919,12:48:50.872,6.0600,100
46130872006919,12:48:50.872,6.0600,100
46130872006919,12:48:50.872,6.0600,178
46159825759683,12:49:19.825,6.0600,22
46159825759683,12:49:19.825,6.0600,18
46159825759683,12:49:19.825,6.0600,100
46159825759683,12:49:19.825,6.0600,100
46159825759683,12:49:19.825,6.0600,400
46159825759683,12:49:19.825,6.0600,160
46159914570902,12:49:19.914,6.0600,100
46159914570902,12:49:19.914,6.0600,100
46159914570902,12:49:19.914,6.0600,700
46159989561498,12:49:19.989,6.0600,1000
46160063294944,12:49:20.063,6.0600,1000
46166768292201,12:49:26.768,6.0600,100
46287265241051,12:51:27.265,6.0600,100
46317424148441,12:51:57.424,6.0600,100
46428859021134,12:53:48.859,6.0550,100
46444149431347,12:54:04.149,6.0550,800
46462193041667,12:54:22.193,6.0600,400
47064632724474,13:04:24.632,6.0550,400
47064632724474,13:04:24.632,6.0550,100
47064632724474,13:04:24.632,6.0550,100
47064632724474,13:04:24.632,6.0550,800
47064632724474,13:04:24.632,6.0550,800
47064632724474,13:04:24.632,6.0500,1600
47064632724474,13:04:24.632,6.0500,4400
47064632724474,13:04:24.632,6.0500,100
47064632724474,13:04:24.632,6.0500,100
47064632724474,13:04:24.632,6.0500,200
47064632724474,13:04:24.632,6.0500,300
47064632724474,13:04:24.632,6.0500,1800
47064632724474,13:04:24.632,6.0500,100
47064632724474,13:04:24.632,6.0500,300
47064632724474,13:04:24.632,6.0500,100
47064632724474,13:04:24.632,6.0500,100
47064632724474,13:04:24.632,6.0500,100
47064632724474,13:04:24.632,6.0500,100
47064632724474,13:04:24.632,6.0500,400
47064632724474,13:04:24.632,6.0500,500
47064632724474,13:04:24.632,6.0500,500
47064632724474,13:04:24.632,6.0500,500
47064632724474,13:04:24.632,6.0500,500
47064632724474,13:04:24.632,6.0500,500
47064632724474,13:04:24.632,6.0500,100
47064632724474,13:04:24.632,6.0500,3800
47064632724474,13:04:24.632,6.0500,100
47064632724474,13:04:24.632,6.0500,7000
47064632724474,13:04:24.632,6.0500,100
47064632724474,13:04:24.632,6.0500,2300
47064632785766,13:04:24.632,6.0500,300
47064632785766,13:04:24.632,6.0500,500
47064633225526,13:04:24.633,6.0500,800
47064633239586,13:04:24.633,6.0500,100
47064633547719,13:04:24.633,6.0500,800
47064633579550,13:04:24.633,6.0500,80
47064633595977,13:04:24.633,6.0500,800
47064633650315,13:04:24.633,6.0500,800
47064633704062,13:04:24.633,6.0500,800
47064633705526,13:04:24.633,6.0500,320
47064633705526,13:04:24.633,6.0500,200
47064633705526,13:04:24.633,6.0500,100
47064633756545,13:04:24.633,6.0500,100
47064634826510,13:04:24.634,6.0500,12
47117591348347,13:05:17.591,6.0500,22
47117591348347,13:05:17.591,6.0500,200
47117591348347,13:05:17.591,6.0500,200
47117591348347,13:05:17.591,6.0500,200
47117591348347,13:05:17.591,6.0500,33
47117680933383,13:05:17.680,6.0500,67
47117680933383,13:05:17.680,6.0500,100
47117680933383,13:05:17.680,6.0500,100
47117680933383,13:05:17.680,6.0500,100
47117680933383,13:05:17.680,6.0500,100
47117680933383,13:05:17.680,6.0500,76
47120058308507,13:05:20.058,6.0500,100
47120058308507,13:05:20.058,6.0500,600
47136852171558,13:05:36.852,6.0500,200
47136852171558,13:05:36.852,6.0500,100
47146069484766,13:05:46.069,6.0450,100
47737248810793,13:15:37.248,6.0450,800
47737248810793,13:15:37.248,6.0450,100
47793684240388,13:16:33.684,6.0450,182
47793684240388,13:16:33.684,6.0450,118
47793684240388,13:16:33.684,6.0450,100
47794178016776,13:16:34.178,6.0450,100
47794707194302,13:16:34.707,6.0450,500
47820296077390,13:17:00.296,6.0450,800
47820296077390,13:17:00.296,6.0450,300
47820296077390,13:17:00.296,6.0450,500
47973524395437,13:19:33.524,6.0450,100
48219305608972,13:23:39.305,6.0450,200
48219308296360,13:23:39.308,6.0450,600
48219308296360,13:23:39.308,6.0450,300
48383137404500,13:26:23.137,6.0500,400
48409798001428,13:26:49.798,6.0450,100
48410805000214,13:26:50.805,6.0450,100
48411804010094,13:26:51.804,6.0450,200
48412820997485,13:26:52.820,6.0450,200
48643167568695,13:30:43.167,6.0450,10
48701621174893,13:31:41.621,6.0450,100
48702648828061,13:31:42.648,6.0450,100
49033254175481,13:37:13.254,6.0500,600
49233438091357,13:40:33.438,6.0500,21
49233438972339,13:40:33.438,6.0500,13
49469087434792,13:44:29.087,6.0450,1
49470778444835,13:44:30.778,6.0450,100
49471995455825,13:44:31.995,6.0450,199
49471995455825,13:44:31.995,6.0450,100
49471995455825,13:44:31.995,6.0450,101
49471995455825,13:44:31.995,6.0400,300
49679258647900,13:47:59.258,6.0500,700
49702147680970,13:48:22.147,6.0500,300
50220889104134,13:57:00.889,6.0500,21
50220889729877,13:57:00.889,6.0500,21
50288318191587,13:58:08.318,6.0450,100
50321247619810,13:58:41.247,6.0500,300
50405724400445,14:00:05.724,6.0500,1424
50405724400445,14:00:05.724,6.0500,1400
50405724400445,14:00:05.724,6.0500,100
50405724400445,14:00:05.724,6.0500,100
50405724400445,14:00:05.724,6.0500,100
50405724400445,14:00:05.724,6.0500,10
50405724400445,14:00:05.724,6.0500,200
50405724400445,14:00:05.724,6.0500,100
50405724400445,14:00:05.724,6.0500,200
50405724400445,14:00:05.724,6.0500,1
50405724400445,14:00:05.724,6.0500,1
50405724400445,14:00:05.724,6.0500,100
50405724400445,14:00:05.724,6.0500,100
50405724400445,14:00:05.724,6.0500,100
50405724400445,14:00:05.724,6.0500,100
50405724400445,14:00:05.724,6.0500,400
50405724400445,14:00:05.724,6.0500,200
50405724400445,14:00:05.724,6.0500,88
50407109302400,14:00:07.109,6.0500,300
50407798580452,14:00:07.798,6.0500,1000
50407798580452,14:00:07.798,6.0500,400
50407799054425,14:00:07.799,6.0500,1400
50407799856976,14:00:07.799,6.0500,400
50407799947936,14:00:07.799,6.0500,300
50407799958108,14:00:07.799,6.0500,614
50407799993765,14:00:07.799,6.0500,400
50407800834734,14:00:07.800,6.0500,400
50407800870950,14:00:07.800,6.0500,500
50407818540027,14:00:07.818,6.0500,586
50407818540027,14:00:07.818,6.0500,100
50407818540027,14:00:07.818,6.0500,600
50407821072932,14:00:07.821,6.0500,5000
50407821072932,14:00:07.821,6.0500,1000
50407821072932,14:00:07.821,6.0500,600
50407821072932,14:00:07.821,6.0500,101
50407821072932,14:00:07.821,6.0500,1000
50407821512144,14:00:07.821,6.0500,5000
50407821512144,14:00:07.821,6.0500,1000
50407821512144,14:00:07.821,6.0500,200
50408246812182,14:00:08.246,6.0500,200
50408253372685,14:00:08.253,6.0500,2120
50408253372685,14:00:08.253,6.0500,2120
50408253372685,14:00:08.253,6.0500,960
50409007078510,14:00:09.007,6.0500,25
50410516131745,14:00:10.516,6.0500,600
50410516131745,14:00:10.516,6.0500,700
50413032759291,14:00:13.032,6.0500,200
50413033016135,14:00:13.033,6.0500,3147
50413033026511,14:00:13.033,6.0500,100
50413040463076,14:00:13.040,6.0500,1700
50413053422932,14:00:13.053,6.0500,53
50413053422932,14:00:13.053,6.0500,2161
50413053531233,14:00:13.053,6.0500,300
50413053660536,14:00:13.053,6.0500,1700
50413053813798,14:00:13.053,6.0500,800
50413053913458,14:00:13.053,6.0500,39
50413053913458,14:00:13.053,6.0500,461
50413054067713,14:00:13.054,6.0500,1700
50413054086819,14:00:13.054,6.0500,700
50413054178181,14:00:13.054,6.0500,500
50413054261590,14:00:13.054,6.0500,659
50416215140897,14:00:16.215,6.0600,600
50419155386714,14:00:19.155,6.0600,200
50419155386714,14:00:19.155,6.0600,100
50421262417540,14:00:21.262,6.0600,300
50423291179592,14:00:23.291,6.0600,600
50446516848141,14:00:46.516,6.0500,5913
50446516848739,14:00:46.516,6.0500,4087
50446516848739,14:00:46.516,6.0500,5600
50446516848739,14:00:46.516,6.0500,100
50446516848739,14:00:46.516,6.0500,100
50446516848739,14:00:46.516,6.0500,100
50446516848739,14:00:46.516,6.0500,4326
50446516912697,14:00:46.516,6.0500,74
50446516912697,14:00:46.516,6.0500,100
50446516912697,14:00:46.516,6.0500,300
50447839712578,14:00:47.839,6.0500,200
50448244269954,14:00:48.244,6.0500,473
50466287214609,14:01:06.287,6.0600,100
50466287214609,14:01:06.287,6.0600,100
50466287214609,14:01:06.287,6.0600,100
50466287277345,14:01:06.287,6.0600,735
50471120425444,14:01:11.120,6.0600,100
50471120425444,14:01:11.120,6.0600,100
50471120425444,14:01:11.120,6.0600,100
50471120425444,14:01:11.120,6.0600,100
50472957905186,14:01:12.957,6.0600,300
50481679675213,14:01:21.679,6.0600,100
50481704486945,14:01:21.704,6.0600,42
50505211582131,14:01:45.211,6.0600,100
50519514361360,14:01:59.514,6.0600,2900
50519516982103,14:01:59.516,6.0600,300
50520648317781,14:02:00.648,6.0600,200
50520648317781,14:02:00.648,6.0600,200
50520648317781,14:02:00.648,6.0600,540
50526147216342,14:02:06.147,6.0650,400
50526147216342,14:02:06.147,6.0700,200
50534274099981,14:02:14.274,6.0650,400
50537848974187,14:02:17.848,6.0600,1200
50537848974187,14:02:17.848,6.0600,2200
50568080344106,14:02:48.080,6.0600,475
50576399181740,14:02:56.399,6.0600,725
50576399181740,14:02:56.399,6.0600,300
50576399181740,14:02:56.399,6.0600,100
50576399181740,14:02:56.399,6.0600,82
50588216687969,14:03:08.216,6.0650,430
50588216687969,14:03:08.216,6.0700,70
50641588102534,14:04:01.588,6.0700,1330
50641588102534,14:04:01.588,6.0700,400
50641588102534,14:04:01.588,6.0700,2670
50641588102534,14:04:01.588,6.0700,100
50641588102534,14:04:01.588,6.0700,1000
50641588102534,14:04:01.588,6.0700,100
50641588102534,14:04:01.588,6.0700,200
50641588102534,14:04:01.588,6.0700,100
50641588102534,14:04:01.588,6.0700,1000
50731254809908,14:05:31.254,6.0800,1000
50731254809908,14:05:31.254,6.0800,128
50731254809908,14:05:31.254,6.0800,22
50731254809908,14:05:31.254,6.0800,50
50731255017066,14:05:31.255,6.0800,50
50731255017066,14:05:31.255,6.0800,100
50737697977155,14:05:37.697,6.0900,100
50742217512377,14:05:42.217,6.0900,1100
50792601661657,14:06:32.601,6.0900,21
50792601716661,14:06:32.601,6.0900,21
50792601721196,14:06:32.601,6.0900,21
50792602179671,14:06:32.602,6.0900,21
50792753420329,14:06:32.753,6.0900,21
50792754088627,14:06:32.754,6.0900,21
50792754110898,14:06:32.754,6.0900,21
50792759238731,14:06:32.759,6.0900,13
50792759299682,14:06:32.759,6.0900,14
50792759668423,14:06:32.759,6.0900,14
50792759671380,14:06:32.759,6.0900,21
50792759704142,14:06:32.759,6.0900,17
50792759723421,14:06:32.759,6.0900,13
50792759727332,14:06:32.759,6.0900,8
50792759727332,14:06:32.759,6.0900,5
50792759728846,14:06:32.759,6.0900,13
50792759744679,14:06:32.759,6.0900,9
50792805099871,14:06:32.805,6.0900,13
50792805106274,14:06:32.805,6.0900,9
50792805436317,14:06:32.805,6.0900,13
50792805440367,14:06:32.805,6.0900,17
50792805445850,14:06:32.805,6.0900,13
50792805447093,14:06:32.805,6.0900,9
50792805452909,14:06:32.805,6.0900,9
50792805455407,14:06:32.805,6.0900,13
50792805459132,14:06:32.805,6.0900,13
50792805467788,14:06:32.805,6.0900,13
50801788749362,14:06:41.788,6.0900,151
50801788749362,14:06:41.788,6.0900,800
50801788749362,14:06:41.788,6.0900,1400
50801788749362,14:06:41.788,6.0900,100
50801788749362,14:06:41.788,6.0900,114
50801788749362,14:06:41.788,6.0900,127
50801788749362,14:06:41.788,6.0900,122
50801788749362,14:06:41.788,6.0900,1100
50801790248366,14:06:41.790,6.1000,3
50801792846963,14:06:41.792,6.1000,997
50801792846963,14:06:41.792,6.1000,3
50801792846963,14:06:41.792,6.1000,1
50801792846963,14:06:41.792,6.1000,3
50801792846963,14:06:41.792,6.1000,3300
50801792846963,14:06:41.792,6.1000,100
50801792846963,14:06:41.792,6.1000,300
50801792846963,14:06:41.792,6.1000,430
50801792846963,14:06:41.792,6.1000,10
50801792846963,14:06:41.792,6.1000,2700
50801792846963,14:06:41.792,6.1000,200
50801792914506,14:06:41.792,6.1000,800
50801802835372,14:06:41.802,6.1050,21
50801839868069,14:06:41.839,6.1000,1300
50801839868069,14:06:41.839,6.1000,500
50801839868069,14:06:41.839,6.1000,1100
50802849296827,14:06:42.849,6.1000,300
50802849869739,14:06:42.849,6.1000,1100
50802950833666,14:06:42.950,6.1000,300
50803153879305,14:06:43.153,6.1000,100
50803566113605,14:06:43.566,6.1000,400
50805172760136,14:06:45.172,6.0950,100
50806790039813,14:06:46.790,6.0950,200
50820220123980,14:07:00.220,6.1000,34
50820220213933,14:07:00.220,6.1000,22
50820220254480,14:07:00.220,6.1000,200
50820220330929,14:07:00.220,6.1000,15
50820220388490,14:07:00.220,6.1000,129
50825171317553,14:07:05.171,6.1000,100
50834617109863,14:07:14.617,6.0900,134
50851323995099,14:07:31.323,6.0900,2266
50851323995099,14:07:31.323,6.0900,100
50851323995099,14:07:31.323,6.0900,1600
50851324047313,14:07:31.324,6.0900,147
50851324187733,14:07:31.324,6.0900,53
50853630175359,14:07:33.630,6.0900,200
50869183025853,14:07:49.183,6.0850,200
50892629552520,14:08:12.629,6.0850,200
50892629552520,14:08:12.629,6.0850,400
50892629552520,14:08:12.629,6.0800,400
50892629552520,14:08:12.629,6.0800,4200
50892629552520,14:08:12.629,6.0800,800
50892629805105,14:08:12.629,6.0800,400
50892629805105,14:08:12.629,6.0800,200
50892630790468,14:08:12.630,6.0800,400
50892630869614,14:08:12.630,6.0800,800
50893017796752,14:08:13.017,6.0800,100
50930272427882,14:08:50.272,6.0750,200
50961268012466,14:09:21.268,6.0750,200
50961268012466,14:09:21.268,6.0750,400
50965520740598,14:09:25.520,6.0700,600
50965520740598,14:09:25.520,6.0700,400
50972096017778,14:09:32.096,6.0700,700
50972096017778,14:09:32.096,6.0700,300
50990133683941,14:09:50.133,6.0700,600
50990133704802,14:09:50.133,6.0700,300
50990133704802,14:09:50.133,6.0700,600
50990133704802,14:09:50.133,6.0700,100
50990133704802,14:09:50.133,6.0700,100
50990961832815,14:09:50.961,6.0700,1000
50990963696367,14:09:50.963,6.0700,2300
51001549302350,14:10:01.549,6.0700,325
51001549339161,14:10:01.549,6.0700,2975
51001549339161,14:10:01.549,6.0700,121
51001549358586,14:10:01.549,6.0700,479
51007816034106,14:10:07.816,6.0700,4
51008981956331,14:10:08.981,6.0700,1000
51009056213888,14:10:09.056,6.0700,1000
51009132421003,14:10:09.132,6.0700,1000
51009132701280,14:10:09.132,6.0700,296
51009132701280,14:10:09.132,6.0700,200
51009132701280,14:10:09.132,6.0700,204
51009132792945,14:10:09.132,6.0700,96
51009132792945,14:10:09.132,6.0700,4
51040928590802,14:10:40.928,6.0750,8
51101772788945,14:11:41.772,6.0800,170
51217764672000,14:13:37.764,6.0800,164
51217764861913,14:13:37.764,6.0800,166
51217764861913,14:13:37.764,6.0800,200
51217764861913,14:13:37.764,6.0800,100
51217764861913,14:13:37.764,6.0800,400
51217764861913,14:13:37.764,6.0800,300
51217764861913,14:13:37.764,6.0800,100
51217764861913,14:13:37.764,6.0800,400
51217764861913,14:13:37.764,6.0800,6
51217764861913,14:13:37.764,6.0800,100
51217764861913,14:13:37.764,6.0800,200
51217764861913,14:13:37.764,6.0800,100
51217764861913,14:13:37.764,6.0800,200
51217764904240,14:13:37.764,6.0800,2272
51217764906835,14:13:37.764,6.0800,1106
51217765060780,14:13:37.765,6.0800,200
51217765060780,14:13:37.765,6.0800,300
51217765060780,14:13:37.765,6.0800,100
51217765060780,14:13:37.765,6.0800,300
51217765060780,14:13:37.765,6.0800,200
51217765060780,14:13:37.765,6.0800,100
51217765060780,14:13:37.765,6.0800,3100
51217765060780,14:13:37.765,6.0800,7600
51217765060780,14:13:37.765,6.0800,300
51217765060780,14:13:37.765,6.0800,300
51217765060780,14:13:37.765,6.0800,700
51217765060780,14:13:37.765,6.0800,400
51217765060780,14:13:37.765,6.0800,3300
51217765060780,14:13:37.765,6.0800,300
51217765202038,14:13:37.765,6.0800,300
51217765202038,14:13:37.765,6.0800,3300
51217765293335,14:13:37.765,6.0800,300
51217765293335,14:13:37.765,6.0800,22
51217766178263,14:13:37.766,6.0800,1200
51217766466887,14:13:37.766,6.0800,3278
51217766466887,14:13:37.766,6.0800,300
51217766466887,14:13:37.766,6.0800,1000
51217766466887,14:13:37.766,6.0800,800
51217766466887,14:13:37.766,6.0800,400
51217766466887,14:13:37.766,6.0800,200
51217766466887,14:13:37.766,6.0800,100
51217766466887,14:13:37.766,6.0800,500
51221161986531,14:13:41.161,6.0800,700
51221162027992,14:13:41.162,6.0800,437
51221162027992,14:13:41.162,6.0800,34
51221732975470,14:13:41.732,6.0800,1000
51222368165240,14:13:42.368,6.0800,1000
51223166439114,14:13:43.166,6.0800,400
51224189160803,14:13:44.189,6.0800,766
51224189160803,14:13:44.189,6.0800,234
51234486967631,14:13:54.486,6.0800,200
51234486967631,14:13:54.486,6.0800,600
51287291522671,14:14:47.291,6.0900,500
51300722001129,14:15:00.722,6.0850,300
51303148238708,14:15:03.148,6.0850,300
51363248774814,14:16:03.248,6.0850,500
51377153161354,14:16:17.153,6.0900,500
51385509251903,14:16:25.509,6.0900,200
51385509251903,14:16:25.509,6.0900,200
51385509251903,14:16:25.509,6.0900,500
51385509251903,14:16:25.509,6.0900,166
51385509251903,14:16:25.509,6.0900,200
51385509251903,14:16:25.509,6.0900,400
51385509251903,14:16:25.509,6.0900,300
51385509251903,14:16:25.509,6.0900,100
51385509251903,14:16:25.509,6.0900,44
51385509251903,14:16:25.509,6.0900,100
51395775648454,14:16:35.775,6.0900,200
51395775648454,14:16:35.775,6.0900,2800
51395775648454,14:16:35.775,6.0900,100
51395775648454,14:16:35.775,6.0900,100
51395775648454,14:16:35.775,6.0900,100
51400518255580,14:16:40.518,6.0900,23
51400631201937,14:16:40.631,6.0900,177
51400631201937,14:16:40.631,6.0900,800
51400631201937,14:16:40.631,6.0900,125
51400631201937,14:16:40.631,6.0900,298
51400975810193,14:16:40.975,6.0900,200
51401052320129,14:16:41.052,6.0900,1000
51425189761077,14:17:05.189,6.0900,1000
51429875630468,14:17:09.875,6.0900,702
51429875630468,14:17:09.875,6.0900,98
51429875717685,14:17:09.875,6.0900,4
51429876186402,14:17:09.876,6.0900,898
51429876186402,14:17:09.876,6.0900,302
51429876264406,14:17:09.876,6.0900,98
51432563220481,14:17:12.563,6.0900,200
51432563220481,14:17:12.563,6.0900,3200
51432563220481,14:17:12.563,6.0900,144
51432563220481,14:17:12.563,6.0900,200
51432563220481,14:17:12.563,6.0900,1300
51432563830259,14:17:12.563,6.0900,144
51432563830259,14:17:12.563,6.0900,3200
51432563830259,14:17:12.563,6.0900,100
51456146886137,14:17:36.146,6.0900,200
51456146886137,14:17:36.146,6.0900,400
51475296017355,14:17:55.296,6.0850,300
51490170081487,14:18:10.170,6.0900,400
51490170081487,14:18:10.170,6.0900,400
51565817048436,14:19:25.817,6.0850,200
51565817048436,14:19:25.817,6.0850,800
51565817048436,14:19:25.817,6.0800,3200
51565817943630,14:19:25.817,6.0800,3700
51565817943630,14:19:25.817,6.0800,98
51565817943630,14:19:25.817,6.0800,600
51565817943630,14:19:25.817,6.0800,100
51565817943630,14:19:25.817,6.0800,100
51565817943630,14:19:25.817,6.0800,2500
51565817943630,14:19:25.817,6.0800,100
51565817943630,14:19:25.817,6.0800,100
51565817943630,14:19:25.817,6.0800,100
51565818117464,14:19:25.818,6.0800,1500
51565818171393,14:19:25.818,6.0800,800
51565818193459,14:19:25.818,6.0800,300
51565818199036,14:19:25.818,6.0800,700
51565820283479,14:19:25.820,6.0800,400
51565919703411,14:19:25.919,6.0800,900
51567657600216,14:19:27.657,6.0800,600
51567657600216,14:19:27.657,6.0800,260
51567658112522,14:19:27.658,6.0800,300
51567658112522,14:19:27.658,6.0800,1100
51567658112522,14:19:27.658,6.0800,200
51567658148775,14:19:27.658,6.0800,200
51567658513568,14:19:27.658,6.0800,600
51567658543044,14:19:27.658,6.0800,500
51567790687201,14:19:27.790,6.0800,200
51567790687201,14:19:27.790,6.0800,300
51567790687201,14:19:27.790,6.0800,800
51567790687201,14:19:27.790,6.0800,203
51567790687201,14:19:27.790,6.0800,272
51567790727213,14:19:27.790,6.0800,800
51567810131398,14:19:27.810,6.0800,28
51567810131398,14:19:27.810,6.0800,1272
51567810688589,14:19:27.810,6.0800,900
51567811218433,14:19:27.811,6.0800,28
51570376261841,14:19:30.376,6.0850,200
51570376261841,14:19:30.376,6.0800,200
51570376261841,14:19:30.376,6.0800,3000
51570376261841,14:19:30.376,6.0800,300
51570376261841,14:19:30.376,6.0800,300
51570376261841,14:19:30.376,6.0800,100
51570376261841,14:19:30.376,6.0800,700
51570376261841,14:19:30.376,6.0800,1644
51570376261841,14:19:30.376,6.0800,3100
51570376474572,14:19:30.376,6.0800,200
51572795007807,14:19:32.795,6.0750,300
51573764762022,14:19:33.764,6.0750,400
51573881643143,14:19:33.881,6.0750,100
51573881643143,14:19:33.881,6.0750,200
51573910068961,14:19:33.910,6.0750,100
51573910068961,14:19:33.910,6.0750,400
51573910068961,14:19:33.910,6.0750,100
51573936353282,14:19:33.936,6.0750,200
51573936353282,14:19:33.936,6.0750,500
51573936353282,14:19:33.936,6.0750,100
51573936353282,14:19:33.936,6.0800,200
51574821319463,14:19:34.821,6.0750,800
51574821319463,14:19:34.821,6.0800,100
51574949365982,14:19:34.949,6.0750,800
51574949365982,14:19:34.949,6.0800,1100
51575879654675,14:19:35.879,6.0750,800
51575879654675,14:19:35.879,6.0800,100
51576927990923,14:19:36.927,6.0750,800
51576927990923,14:19:36.927,6.0750,600
51577973430478,14:19:37.973,6.0750,800
51577973430478,14:19:37.973,6.0800,100
51578045695384,14:19:38.045,6.0800,1900
51578110255879,14:19:38.110,6.0800,1500
51579018014778,14:19:39.018,6.0800,100
51579018014778,14:19:39.018,6.0800,880
51579018014778,14:19:39.018,6.0800,200
51579018014778,14:19:39.018,6.0800,300
51579018014778,14:19:39.018,6.0800,1420
51579138591960,14:19:39.138,6.0800,1400
51580063773136,14:19:40.063,6.0800,480
51580063773136,14:19:40.063,6.0800,920
51582230964447,14:19:42.230,6.0800,280
51582230964447,14:19:42.230,6.0800,500
51582230964447,14:19:42.230,6.0800,220
51583211901402,14:19:43.211,6.0800,80
51583211901402,14:19:43.211,6.0800,800
51583211901402,14:19:43.211,6.0800,20
51584258117048,14:19:44.258,6.0800,380
51584258117048,14:19:44.258,6.0800,34
51589824772762,14:19:49.824,6.0850,32
51660604726751,14:21:00.604,6.0900,2800
51660604726751,14:21:00.604,6.0900,1200
51660604726751,14:21:00.604,6.0900,300
51660604726751,14:21:00.604,6.0900,2
51660604726751,14:21:00.604,6.0900,200
51660604726751,14:21:00.604,6.0900,100
51705296279808,14:21:45.296,6.0950,500
51713246119993,14:21:53.246,6.0950,200
51713246119993,14:21:53.246,6.0950,31
51713246628606,14:21:53.246,6.0950,158
51723132500768,14:22:03.132,6.1000,300
51768291893000,14:22:48.291,6.1000,400
51768291893000,14:22:48.291,6.1000,9
51768291893000,14:22:48.291,6.1000,391
51848162211466,14:24:08.162,6.0950,200
51848162211466,14:24:08.162,6.0950,600
51864158441673,14:24:24.158,6.0950,500
51911156645707,14:25:11.156,6.0950,300
51911156645707,14:25:11.156,6.0950,400
51948163658036,14:25:48.163,6.0950,400
51948163658036,14:25:48.163,6.0950,100
51975240059393,14:26:15.240,6.0950,100
51975240059393,14:26:15.240,6.0950,400
51975240059393,14:26:15.240,6.0950,400
51975240059393,14:26:15.240,6.0950,100
51975240059393,14:26:15.240,6.0950,200
52011008305182,14:26:51.008,6.0900,100
52011008305182,14:26:51.008,6.0900,200
52027137900867,14:27:07.137,6.0950,100
52027137900867,14:27:07.137,6.0950,400
52036172626404,14:27:16.172,6.0950,300
52042309120544,14:27:22.309,6.0900,2100
52042309120544,14:27:22.309,6.0900,100
52042309120544,14:27:22.309,6.0900,700
52042309120544,14:27:22.309,6.0900,900
52042309120544,14:27:22.309,6.0900,100
52042309120544,14:27:22.309,6.0900,100
52042309120544,14:27:22.309,6.0900,1000
52042309120544,14:27:22.309,6.0900,800
52042309120544,14:27:22.309,6.0900,100
52042309120544,14:27:22.309,6.0900,100
52042309120544,14:27:22.309,6.0900,600
52042309120544,14:27:22.309,6.0900,2100
52042309120544,14:27:22.309,6.0900,300
52066757453039,14:27:46.757,6.0800,3200
52066757453039,14:27:46.757,6.0800,100
52066757453039,14:27:46.757,6.0800,663
52066757453039,14:27:46.757,6.0800,100
52066757453039,14:27:46.757,6.0800,900
52066757453039,14:27:46.757,6.0800,300
52071810979124,14:27:51.810,6.0750,100
52072313977747,14:27:52.313,6.0750,100
52072313978427,14:27:52.313,6.0750,100
52072813982662,14:27:52.813,6.0750,100
52084623982295,14:28:04.623,6.0750,100
52084623982882,14:28:04.623,6.0750,100
52085123978775,14:28:05.123,6.0750,200
52085623977333,14:28:05.623,6.0750,100
52100173394081,14:28:20.173,6.0750,200
52100173394081,14:28:20.173,6.0750,200
52107223327783,14:28:27.223,6.0750,400
52113277465638,14:28:33.277,6.0700,3300
52113277465638,14:28:33.277,6.0700,300
52113277465638,14:28:33.277,6.0700,200
52113277465638,14:28:33.277,6.0700,100
52113277465638,14:28:33.277,6.0700,17
52113277465638,14:28:33.277,6.0700,500
52113277465638,14:28:33.277,6.0700,1400
52113280639277,14:28:33.280,6.0650,800
52113280639277,14:28:33.280,6.0650,800
52113280639277,14:28:33.280,6.0600,1073
52114835965624,14:28:34.835,6.0650,800
52114835965624,14:28:34.835,6.0700,100
52114894311453,14:28:34.894,6.0700,100
52114894311453,14:28:34.894,6.0700,300
52114894311453,14:28:34.894,6.0700,100
52114894311453,14:28:34.894,6.0700,400
52114949978672,14:28:34.949,6.0650,200
52115882496723,14:28:35.882,6.0650,800
52115882496723,14:28:35.882,6.0700,100
52115946134118,14:28:35.946,6.0700,500
52116458976873,14:28:36.458,6.0650,200
52116980455157,14:28:36.980,6.0650,800
52116980455157,14:28:36.980,6.0700,100
52116991315846,14:28:36.991,6.0700,100
52116991315846,14:28:36.991,6.0700,900
52117002127344,14:28:37.002,6.0700,500
52117491981293,14:28:37.491,6.0650,200
52117491981954,14:28:37.491,6.0650,700
52117986377680,14:28:37.986,6.0700,600
52117986377680,14:28:37.986,6.0700,300
52118057788284,14:28:38.057,6.0700,500
52119046600877,14:28:39.046,6.0700,1400
52120092821678,14:28:40.092,6.0700,900
52122395591043,14:28:42.395,6.0700,700
52122395591043,14:28:42.395,6.0700,300
52182266657844,14:29:42.266,6.0650,400
52198299712945,14:29:58.299,6.0650,400
52198299712945,14:29:58.299,6.0650,400
52198299712945,14:29:58.299,6.0650,200
52205291007795,14:30:05.291,6.0650,100
52206196192659,14:30:06.196,6.0650,300
52223006262970,14:30:23.006,6.0700,283
52223086172435,14:30:23.086,6.0700,100
52223086172435,14:30:23.086,6.0700,100
52223086172435,14:30:23.086,6.0700,100
52223086172435,14:30:23.086,6.0700,600
52223165077412,14:30:23.165,6.0700,100
52223165077412,14:30:23.165,6.0700,100
52223165077412,14:30:23.165,6.0700,500
52223165077412,14:30:23.165,6.0700,300
52223253203694,14:30:23.253,6.0700,400
52223253203694,14:30:23.253,6.0700,600
52223318892439,14:30:23.318,6.0700,1000
52223398487243,14:30:23.398,6.0700,1000
52223469593040,14:30:23.469,6.0700,1000
52223536132780,14:30:23.536,6.0700,100
52310448028838,14:31:50.448,6.0750,100
52310950022747,14:31:50.950,6.0750,400
52323260988394,14:32:03.260,6.0750,800
52323260988394,14:32:03.260,6.0750,500
52388253927625,14:33:08.253,6.0750,300
52397147816438,14:33:17.147,6.0750,300
52450261806302,14:34:10.261,6.0800,100
52450261806302,14:34:10.261,6.0800,100
52450261806302,14:34:10.261,6.0800,200
52450261806302,14:34:10.261,6.0800,100
52450261806302,14:34:10.261,6.0800,100
52450261806302,14:34:10.261,6.0800,300
52450261883343,14:34:10.261,6.0800,100
52450261883343,14:34:10.261,6.0800,13
52513223650517,14:35:13.223,6.0850,300
52564232475876,14:36:04.232,6.0800,550
52564232515738,14:36:04.232,6.0800,100
52564232515738,14:36:04.232,6.0800,100
52564232515738,14:36:04.232,6.0800,100
52564232515738,14:36:04.232,6.0800,1600
52564232515738,14:36:04.232,6.0800,5400
52564232515738,14:36:04.232,6.0800,100
52564232515738,14:36:04.232,6.0800,100
52628780003029,14:37:08.780,6.0700,100
53137345423937,14:45:37.345,6.0750,400
53153422865584,14:45:53.422,6.0750,100
53160999010251,14:46:00.999,6.0750,400
53173641589802,14:46:13.641,6.0750,100
53194706549746,14:46:34.706,6.0750,100
53207275003950,14:46:47.275,6.0750,200
53208590012272,14:46:48.590,6.0750,200
53209746000337,14:46:49.746,6.0750,200
53232747004290,14:47:12.747,6.0750,200
53242279731602,14:47:22.279,6.0800,1074
53242279731602,14:47:22.279,6.0800,326
53242279760423,14:47:22.279,6.0800,2974
53242279760423,14:47:22.279,6.0800,500
53242279760423,14:47:22.279,6.0800,100
53242279760423,14:47:22.279,6.0800,500
53242279760423,14:47:22.279,6.0800,100
53242279760423,14:47:22.279,6.0800,100
53242279760423,14:47:22.279,6.0800,39
53242279760423,14:47:22.279,6.0800,200
53242279760423,14:47:22.279,6.0800,100
53242279760423,14:47:22.279,6.0800,200
53242279760423,14:47:22.279,6.0800,100
53242279760423,14:47:22.279,6.0800,100
53242300285897,14:47:22.300,6.0800,100
53242300285897,14:47:22.300,6.0800,100
53242300285897,14:47:22.300,6.0800,900
53242300380020,14:47:22.300,6.0800,100
53242300821979,14:47:22.300,6.0800,100
53257260785708,14:47:37.260,6.0850,400
53257260785708,14:47:37.260,6.0850,116
53257260785708,14:47:37.260,6.0850,84
53471647243514,14:51:11.647,6.0800,200
53471647243514,14:51:11.647,6.0800,1100
53471647243514,14:51:11.647,6.0800,2837
53471647272903,14:51:11.647,6.0800,563
53471647272903,14:51:11.647,6.0800,2000
53471647272903,14:51:11.647,6.0800,400
53471647272903,14:51:11.647,6.0800,880
53471647272903,14:51:11.647,6.0800,6500
53471647272903,14:51:11.647,6.0800,100
53471647272903,14:51:11.647,6.0800,200
53471647272903,14:51:11.647,6.0800,4
53518759455836,14:51:58.759,6.0700,300
53518759455836,14:51:58.759,6.0700,200
53518759455836,14:51:58.759,6.0700,300
53518759455836,14:51:58.759,6.0700,100
53518759455836,14:51:58.759,6.0700,500
53518759455836,14:51:58.759,6.0700,1100
53518759455836,14:51:58.759,6.0700,200
53531167827822,14:52:11.167,6.0700,600
53531726148121,14:52:11.726,6.0700,458
53532275462097,14:52:12.275,6.0700,1900
53540963774235,14:52:20.963,6.0700,100
53540963774235,14:52:20.963,6.0700,100
53540963774235,14:52:20.963,6.0700,100
53540963774235,14:52:20.963,6.0700,200
53587636055157,14:53:07.636,6.0750,1
53601142161992,14:53:21.142,6.0800,300
53601142161992,14:53:21.142,6.0800,400
53607272324191,14:53:27.272,6.0800,1400
53607272352105,14:53:27.272,6.0800,1700
53607272352105,14:53:27.272,6.0800,1000
53607272352105,14:53:27.272,6.0800,400
53607272352105,14:53:27.272,6.0800,300
53607272352105,14:53:27.272,6.0800,100
53616500574289,14:53:36.500,6.0800,100
53616500574289,14:53:36.500,6.0800,200
53616500574289,14:53:36.500,6.0800,3400
53616500574289,14:53:36.500,6.0800,400
53736922372973,14:55:36.922,6.0700,100
53736922372973,14:55:36.922,6.0700,300
53736922372973,14:55:36.922,6.0700,3400
53736922372973,14:55:36.922,6.0700,1800
53736922372973,14:55:36.922,6.0700,1000
53736922372973,14:55:36.922,6.0700,400
53736922372973,14:55:36.922,6.0700,148
53736922372973,14:55:36.922,6.0700,100
53736922372973,14:55:36.922,6.0700,1200
53736922372973,14:55:36.922,6.0700,100
53744259374214,14:55:44.259,6.0650,300
53746298921008,14:55:46.298,6.0650,112
53746298921008,14:55:46.298,6.0650,888
53803913875270,14:56:43.913,6.0700,3500
53803913875270,14:56:43.913,6.0700,400
53803913875270,14:56:43.913,6.0700,100
53803913875270,14:56:43.913,6.0700,100
53803913875270,14:56:43.913,6.0700,300
54000033793345,15:00:00.033,6.0800,18
54000033817382,15:00:00.033,6.0800,2088
54000034120150,15:00:00.034,6.0800,1294
54000034120150,15:00:00.034,6.0800,310
54000034120150,15:00:00.034,6.0800,400
54000034120150,15:00:00.034,6.0800,100
54000034120150,15:00:00.034,6.0800,200
54000034120150,15:00:00.034,6.0800,396
54040706022782,15:00:40.706,6.0750,300
54040757011935,15:00:40.757,6.0750,100
54042365021571,15:00:42.365,6.0750,300
54043309044758,15:00:43.309,6.0750,100
54044310024683,15:00:44.310,6.0750,200
54179588865217,15:02:59.588,6.0750,100
54183210233883,15:03:03.210,6.0750,200
54307751045415,15:05:07.751,6.0750,300
54307751045415,15:05:07.751,6.0700,400
54307751045415,15:05:07.751,6.0700,400
54307751045415,15:05:07.751,6.0700,300
54307751045415,15:05:07.751,6.0700,100
54307751045415,15:05:07.751,6.0700,175
54307751174748,15:05:07.751,6.0700,2300
54307751196950,15:05:07.751,6.0700,200
54307751196950,15:05:07.751,6.0700,400
54307751196950,15:05:07.751,6.0700,400
54307751238209,15:05:07.751,6.0700,1300
54307751238209,15:05:07.751,6.0700,100
54307751238209,15:05:07.751,6.0700,400
54307751324819,15:05:07.751,6.0700,1800
54307751329990,15:05:07.751,6.0700,300
54307751329990,15:05:07.751,6.0700,800
54307751329990,15:05:07.751,6.0700,100
54307751329990,15:05:07.751,6.0700,100
54307751329990,15:05:07.751,6.0700,200
54307751329990,15:05:07.751,6.0700,100
54307751329990,15:05:07.751,6.0700,2000
54307751329990,15:05:07.751,6.0700,100
54307751329990,15:05:07.751,6.0700,100
54307751329990,15:05:07.751,6.0700,100
54307751329990,15:05:07.751,6.0700,300
54307751329990,15:05:07.751,6.0700,87
54307751329990,15:05:07.751,6.0700,300
54311172210095,15:05:11.172,6.0650,473
54311172210095,15:05:11.172,6.0650,627
54356897720359,15:05:56.897,6.0600,1
54356898371381,15:05:56.898,6.0600,5
54356898371381,15:05:56.898,6.0600,200
54356898371381,15:05:56.898,6.0600,1300
54356898371381,15:05:56.898,6.0600,1100
54356898371381,15:05:56.898,6.0600,95
54356898483772,15:05:56.898,6.0600,5
54375366376266,15:06:15.366,6.0600,200
54375366376266,15:06:15.366,6.0600,100
54375366376266,15:06:15.366,6.0600,1792
54375366857168,15:06:15.366,6.0600,100
54375366857168,15:06:15.366,6.0600,300
54375366903223,15:06:15.366,6.0600,500
54375366903223,15:06:15.366,6.0600,100
54375394870735,15:06:15.394,6.0650,200
54391286832854,15:06:31.286,6.0650,300
54391286832854,15:06:31.286,6.0650,400
54391286832854,15:06:31.286,6.0650,400
54391286832854,15:06:31.286,6.0700,100
54466268614565,15:07:46.268,6.0700,1000
54470290085171,15:07:50.290,6.0700,800
54470290085171,15:07:50.290,6.0700,300
54470290085171,15:07:50.290,6.0700,200
54470290085171,15:07:50.290,6.0700,300
54528270187620,15:08:48.270,6.0700,700
54536942094290,15:08:56.942,6.0700,6
54546268096423,15:09:06.268,6.0700,200
54546268096423,15:09:06.268,6.0700,300
54546268096423,15:09:06.268,6.0700,100
54546268096423,15:09:06.268,6.0700,200
54546268096423,15:09:06.268,6.0700,500
54548754487495,15:09:08.754,6.0700,100
54548754590747,15:09:08.754,6.0700,100
54559572334520,15:09:19.572,6.0700,2
54678383555664,15:11:18.383,6.0650,100
54797672572075,15:13:17.672,6.0700,1
54857672741236,15:14:17.672,6.0700,1
54955284277019,15:15:55.284,6.0700,100
54955284277019,15:15:55.284,6.0700,100
54955284277019,15:15:55.284,6.0700,100
54955284277019,15:15:55.284,6.0700,100
54955284277019,15:15:55.284,6.0700,200
54955284305173,15:15:55.284,6.0700,100
54955284305173,15:15:55.284,6.0700,192
54957526339436,15:15:57.526,6.0700,100
54957526339436,15:15:57.526,6.0700,100
54957526339436,15:15:57.526,6.0700,100
54957526339436,15:15:57.526,6.0700,100
54957526339436,15:15:57.526,6.0700,300
54957526339436,15:15:57.526,6.0700,100
54957526613339,15:15:57.526,6.0700,100
55488611008025,15:24:48.611,6.0750,1
55599307594816,15:26:39.307,6.0750,300
55602166567255,15:26:42.166,6.0800,100
55602166567255,15:26:42.166,6.0800,300
55602166567255,15:26:42.166,6.0800,200
55602166567255,15:26:42.166,6.0800,200
55602166567255,15:26:42.166,6.0800,22
55602166567255,15:26:42.166,6.0800,378
55832346348290,15:30:32.346,6.0800,100
55841407582228,15:30:41.407,6.0800,100
56041005978297,15:34:01.005,6.0750,100
56377628332431,15:39:37.628,6.0800,4
56393047663993,15:39:53.047,6.0750,100
56403537089985,15:40:03.537,6.0800,4
56482312318482,15:41:22.312,6.0750,52
56495765650119,15:41:35.765,6.0750,100
56569661855844,15:42:49.661,6.0750,104
56581750693423,15:43:01.750,6.0750,71
56605520888960,15:43:25.520,6.0750,100
56605522687223,15:43:25.522,6.0750,100
56640755504373,15:44:00.755,6.0750,71
56640827255770,15:44:00.827,6.0750,100
56640831329821,15:44:00.831,6.0750,100
56640833012637,15:44:00.833,6.0750,100
56645755846868,15:44:05.755,6.0750,77
56668217832231,15:44:28.217,6.0750,100
56683325783692,15:44:43.325,6.0750,100
56695071977969,15:44:55.071,6.0750,100
56701412690662,15:45:01.412,6.0750,100
56701413760950,15:45:01.413,6.0750,300
56701413760950,15:45:01.413,6.0750,30
56701415126127,15:45:01.415,6.0750,400
56701415126127,15:45:01.415,6.0750,70
56701415126127,15:45:01.415,6.0750,330
56762300818078,15:46:02.300,6.0750,100
56770698074777,15:46:10.698,6.0750,100
56775664281224,15:46:15.664,6.0750,100
56783188607737,15:46:23.188,6.0750,100
56791640320042,15:46:31.640,6.0750,100
56811583812601,15:46:51.583,6.0750,100
56856048464484,15:47:36.048,6.0750,100
56875798307024,15:47:55.798,6.0750,33
56878327384668,15:47:58.327,6.0750,191
56878336796596,15:47:58.336,6.0800,100
56878336796596,15:47:58.336,6.0800,200
56878336796596,15:47:58.336,6.0800,100
56878336796596,15:47:58.336,6.0800,100
56878336796596,15:47:58.336,6.0800,200
56878336796596,15:47:58.336,6.0800,100
56878336796596,15:47:58.336,6.0800,600
56878336796596,15:47:58.336,6.0800,200
56878336796596,15:47:58.336,6.0800,100
56878336796596,15:47:58.336,6.0800,200
56878336796596,15:47:58.336,6.0800,300
56878336796596,15:47:58.336,6.0800,100
56878336796596,15:47:58.336,6.0800,17
56878336796596,15:47:58.336,6.0800,100
56878336796596,15:47:58.336,6.0800,400
56878336796596,15:47:58.336,6.0800,100
56878336796596,15:47:58.336,6.0800,100
56878336796596,15:47:58.336,6.0800,100
56878336796596,15:47:58.336,6.0800,1
56878336796596,15:47:58.336,6.0800,382
56878336850522,15:47:58.336,6.0800,618
56878336850522,15:47:58.336,6.0800,200
56878336850522,15:47:58.336,6.0800,100
56878336850522,15:47:58.336,6.0800,200
56878336850522,15:47:58.336,6.0800,100
56878336850522,15:47:58.336,6.0800,25
56878337216709,15:47:58.337,6.0800,100
56878338323929,15:47:58.338,6.0800,387
56878628965378,15:47:58.628,6.0800,300
56878641274262,15:47:58.641,6.0800,100
56915461121111,15:48:35.461,6.0800,200
56915461121111,15:48:35.461,6.0800,400
56915461121111,15:48:35.461,6.0800,5100
56915461121111,15:48:35.461,6.0800,1000
56915461121111,15:48:35.461,6.0800,100
56915461121111,15:48:35.461,6.0800,4804
56915461262213,15:48:35.461,6.0800,2196
56915461262213,15:48:35.461,6.0800,100
56915461262213,15:48:35.461,6.0800,600
56915461262213,15:48:35.461,6.0800,400
56915461262213,15:48:35.461,6.0800,1100
56915461262213,15:48:35.461,6.0800,100
56915461262213,15:48:35.461,6.0800,1200
56915461262213,15:48:35.461,6.0800,6900
56915461262213,15:48:35.461,6.0800,100
56915461262213,15:48:35.461,6.0800,63
56915461262213,15:48:35.461,6.0800,100
56916427878490,15:48:36.427,6.0700,1000
56924570021753,15:48:44.570,6.0700,900
56953854381920,15:49:13.854,6.0700,15
56953854381920,15:49:13.854,6.0700,485
56958435427511,15:49:18.435,6.0700,100
56984394574574,15:49:44.394,6.0700,400
56992865069172,15:49:52.865,6.0700,800
56992865302404,15:49:52.865,6.0700,900
56992865310020,15:49:52.865,6.0700,15
56992865310020,15:49:52.865,6.0700,85
56992865312721,15:49:52.865,6.0700,42
56992865312721,15:49:52.865,6.0700,300
56992865312721,15:49:52.865,6.0700,300
56992865312721,15:49:52.865,6.0700,500
56992865312721,15:49:52.865,6.0700,100
56992865312721,15:49:52.865,6.0700,217
56992865312721,15:49:52.865,6.0700,100
56992865312721,15:49:52.865,6.0700,750
56992865330783,15:49:52.865,6.0700,100
56992865331748,15:49:52.865,6.0700,50
56992865331748,15:49:52.865,6.0700,50
56992865333622,15:49:52.865,6.0700,650
56992865333622,15:49:52.865,6.0700,300
57120752094421,15:52:00.752,6.0600,3800
57120752094421,15:52:00.752,6.0600,100
57120752094421,15:52:00.752,6.0600,100
57120752094421,15:52:00.752,6.0600,100
57120752094421,15:52:00.752,6.0600,200
57120752094421,15:52:00.752,6.0600,1200
57120752094421,15:52:00.752,6.0600,500
57120752094421,15:52:00.752,6.0600,900
57120752094421,15:52:00.752,6.0600,100
57120752094421,15:52:00.752,6.0600,900
57120752094421,15:52:00.752,6.0600,200
57137188295921,15:52:17.188,6.0500,5
57137188295921,15:52:17.188,6.0500,5
57137188295921,15:52:17.188,6.0500,190
57151293015501,15:52:31.293,6.0500,200
57164649995213,15:52:44.649,6.0500,100
57166314491303,15:52:46.314,6.0500,300
57167087066805,15:52:47.087,6.0500,550
57167087305287,15:52:47.087,6.0500,145
57167087305287,15:52:47.087,6.0500,1100
57167087305287,15:52:47.087,6.0500,500
57167087305287,15:52:47.087,6.0500,124
57167087325196,15:52:47.087,6.0500,176
57167087325196,15:52:47.087,6.0500,154
57167534188031,15:52:47.534,6.0500,100
57167540563263,15:52:47.540,6.0500,200
57167540563263,15:52:47.540,6.0500,300
57168756524454,15:52:48.756,6.0500,504
57181188889884,15:53:01.188,6.0500,3300
57181189150761,15:53:01.189,6.0500,5151
57181189171048,15:53:01.189,6.0500,645
57181189171048,15:53:01.189,6.0500,500
57181189171048,15:53:01.189,6.0500,100
57181189171048,15:53:01.189,6.0500,100
57181189171048,15:53:01.189,6.0500,100
57181189171048,15:53:01.189,6.0500,802
57322310305870,15:55:22.310,6.0550,100
57322310305870,15:55:22.310,6.0550,100
57326189463207,15:55:26.189,6.0600,600
57326189463207,15:55:26.189,6.0600,600
57326189463207,15:55:26.189,6.0600,3800
57326189687640,15:55:26.189,6.0600,140
57326189710566,15:55:26.189,6.0600,4500
57326189716675,15:55:26.189,6.0600,500
57326189723331,15:55:26.189,6.0600,300
57326189723331,15:55:26.189,6.0600,100
57326189723331,15:55:26.189,6.0600,800
57326189779262,15:55:26.189,6.0600,100
57326189779262,15:55:26.189,6.0600,457
57326190286287,15:55:26.190,6.0600,100
57326190487233,15:55:26.190,6.0600,443
57326190487233,15:55:26.190,6.0600,100
57326190487233,15:55:26.190,6.0600,100
57326190487233,15:55:26.190,6.0600,800
57326190487233,15:55:26.190,6.0600,100
57328312172977,15:55:28.312,6.0650,1600
57328312172977,15:55:28.312,6.0650,3200
57328312172977,15:55:28.312,6.0650,400
57328312172977,15:55:28.312,6.0700,1200
57328312172977,15:55:28.312,6.0700,200
57328312172977,15:55:28.312,6.0700,950
57328312172977,15:55:28.312,6.0700,1700
57328312172977,15:55:28.312,6.0700,170
57328312172977,15:55:28.312,6.0700,2800
57328312172977,15:55:28.312,6.0700,3680
57420055645991,15:57:00.055,6.0650,66
57452333460271,15:57:32.333,6.0700,22
57464042438894,15:57:44.042,6.0650,100
57471079645954,15:57:51.079,6.0650,100
57480473273173,15:58:00.473,6.0650,100
57481108352128,15:58:01.108,6.0600,4400
57481108352128,15:58:01.108,6.0600,5400
57481108352128,15:58:01.108,6.0600,200
57481108352128,15:58:01.108,6.0600,300
57481108352128,15:58:01.108,6.0600,200
57481108352128,15:58:01.108,6.0600,300
57481108352128,15:58:01.108,6.0600,3100
57481108352128,15:58:01.108,6.0600,100
57481108352128,15:58:01.108,6.0600,100
57481108352128,15:58:01.108,6.0600,3100
57481108405583,15:58:01.108,6.0600,300
57505643114892,15:58:25.643,6.0500,66
57505643452151,15:58:25.643,6.0500,3034
57505643452151,15:58:25.643,6.0500,1100
57505643452151,15:58:25.643,6.0500,500
57505643452151,15:58:25.643,6.0500,300
57505643452151,15:58:25.643,6.0500,66
57505643452151,15:58:25.643,6.0500,200
57505643525930,15:58:25.643,6.0500,100
57540038570770,15:59:00.038,6.0450,1100
57540189764816,15:59:00.189,6.0450,5
57551958524049,15:59:11.958,6.0450,100
57570989298780,15:59:30.989,6.0400,10
57571076285038,15:59:31.076,6.0400,56
57573711221843,15:59:33.711,6.0400,79
57590068436038,15:59:50.068,6.0450,66
57590068436038,15:59:50.068,6.0450,108
57590068636599,15:59:50.068,6.0450,21
57590519014664,15:59:50.519,6.0450,100
57595556297792,15:59:55.556,6.0400,400
57596644248727,15:59:56.644,6.0450,3
57596644248727,15:59:56.644,6.0500,97
57598415399540,15:59:58.415,6.0500,100
57598661934566,15:59:58.661,6.0500,503
57598661934566,15:59:58.661,6.0500,1000
57598661934566,15:59:58.661,6.0500,82
57599000687781,15:59:59.000,6.0500,569
57599000687781,15:59:59.000,6.0500,900
57599000687781,15:59:59.000,6.0500,200
57599000687781,15:59:59.000,6.0500,431
57599000797209,15:59:59.000,6.0500,69
57599003583760,15:59:59.003,6.0500,1400
57599003842129,15:59:59.003,6.0500,349
57599054379958,15:59:59.054,6.0500,500
57599054379958,15:59:59.054,6.0500,100
57599160109480,15:59:59.160,6.0500,100
57599200823636,15:59:59.200,6.0700,100
57600387460384,16:00:00.387,0.0000,0
60628523510142,16:50:28.523,6.0300,44
60641766176505,16:50:41.766,6.0300,2
60939302942957,16:55:39.302,6.0300,50
61684747609390,17:08:04.747,6.0300,104
