timestamp,time,price,volume
24397145137568,06:46:37.145,240.0000,30
24419424806718,06:46:59.424,240.0000,8
24440458527530,06:47:20.458,240.0000,92
24440458527530,06:47:20.458,240.0000,8
25399142225105,07:03:19.142,240.0000,100
27302401647119,07:35:02.401,240.0000,38
28998420461779,08:03:18.420,241.0000,100
30316521156476,08:25:16.521,241.0000,48
31027929132276,08:37:07.929,241.0000,2
32805559948831,09:06:45.559,241.0000,10
33648743186560,09:20:48.743,240.0000,50
33648743186560,09:20:48.743,240.0000,10
33648743186560,09:20:48.743,240.0000,40
34200009663777,09:30:00.009,241.2500,100
34200560637727,09:30:00.560,241.4900,100
34200820871221,09:30:00.820,241.7300,20
34200855110363,09:30:00.855,241.7300,8927
34200874518644,09:30:00.874,241.7300,100
34200884692506,09:30:00.884,241.7300,80
34200884692506,09:30:00.884,241.9700,20
34200900324596,09:30:00.900,241.9700,80
34200900324596,09:30:00.900,242.0000,20
34200900324596,09:30:00.900,242.0000,60
34200900324596,09:30:00.900,242.0000,40
34201804495557,09:30:01.804,241.5600,1
34206392531854,09:30:06.392,241.0000,1
34225083881613,09:30:25.083,241.0000,49
34225083969868,09:30:25.083,240.6400,29
34225083969868,09:30:25.083,240.6400,100
34225111277275,09:30:25.111,240.6000,100
34225112323990,09:30:25.112,240.5900,100
34225112719186,09:30:25.112,240.0600,6
34225112782396,09:30:25.112,240.0600,100
34225112783811,09:30:25.112,240.0000,10
34225112783811,09:30:25.112,240.0000,5
34245423662247,09:30:45.423,239.7500,100
34245423687302,09:30:45.423,239.4300,100
34245424060342,09:30:45.424,239.7500,10
34281392163569,09:31:21.392,239.4100,1
34281392568414,09:31:21.392,239.4100,15
34281392568414,09:31:21.392,239.3700,86
34281392599822,09:31:21.392,239.3700,14
34281392599822,09:31:21.392,239.3700,1
34281392599822,09:31:21.392,239.3600,85
34281392631553,09:31:21.392,239.3600,15
34329347045295,09:32:09.347,239.7400,100
34329347111846,09:32:09.347,239.7400,100
34329347770098,09:32:09.347,239.7500,1
34329347770098,09:32:09.347,239.7500,4
34329347770098,09:32:09.347,239.7500,1
34329347770098,09:32:09.347,239.7500,100
34329347772443,09:32:09.347,239.7500,10
34329347996817,09:32:09.347,239.9500,89
34329348006255,09:32:09.348,239.9500,11
34329348429476,09:32:09.348,239.9900,76
34400834635102,09:33:20.834,240.4000,54
34400834642239,09:33:20.834,240.4000,16
34423843233313,09:33:43.843,240.5100,100
34433410402480,09:33:53.410,240.7500,229
34433410957217,09:33:53.410,240.7500,200
34433410985644,09:33:53.410,240.7600,100
34433410985644,09:33:53.410,240.7600,3
34433410985644,09:33:53.410,240.7600,3
34433411024439,09:33:53.411,240.7600,50
34433411025676,09:33:53.411,240.7600,47
34433411025676,09:33:53.411,240.7600,3
34433411032266,09:33:53.411,240.7600,15
34433411032266,09:33:53.411,240.7600,8
34433411672697,09:33:53.411,240.7700,200
34457436123876,09:34:17.436,240.9700,1
34457436223615,09:34:17.436,240.9700,100
34457436720884,09:34:17.436,241.0000,200
34457436720884,09:34:17.436,241.0000,130
34457436720884,09:34:17.436,241.0000,7
34457437090882,09:34:17.437,241.0800,100
34457437578037,09:34:17.437,241.1400,100
34457437820007,09:34:17.437,241.0800,15
34458385494984,09:34:18.385,241.0900,1
34475992460415,09:34:35.992,241.1500,36
34475992467903,09:34:35.992,241.1500,4
34475992469907,09:34:35.992,241.0200,100
34475992469907,09:34:35.992,241.0200,33
34475992469907,09:34:35.992,241.0200,6
34475992469907,09:34:35.992,241.0200,100
34475992513204,09:34:35.992,241.0100,46
34475992534654,09:34:35.992,241.0100,4
34475992543361,09:34:35.992,241.0100,50
34475992578154,09:34:35.992,240.9300,100
34475993091638,09:34:35.993,240.9300,10
34475993117474,09:34:35.993,240.9300,10
34488960672232,09:34:48.960,241.0200,3
34488960672232,09:34:48.960,241.0200,1
34488960735073,09:34:48.960,241.0200,100
34488961784564,09:34:48.961,241.0400,2
34503067634120,09:35:03.067,241.0000,300
34503067634120,09:35:03.067,241.0000,1
34503067679469,09:35:03.067,241.0200,1
34503068162411,09:35:03.068,241.1500,100
34503068191536,09:35:03.068,241.1500,60
34503068226482,09:35:03.068,241.1600,100
34518529989139,09:35:18.529,240.9000,1
34518530050158,09:35:18.530,240.9000,2
34518530056939,09:35:18.530,240.9000,29
34518530059358,09:35:18.530,240.9000,21
34518530092353,09:35:18.530,240.9000,48
34518530383863,09:35:18.530,240.6500,100
34528404780246,09:35:28.404,240.8400,33
34528404784550,09:35:28.404,240.8400,50
34528404787133,09:35:28.404,240.8400,6
34528404798442,09:35:28.404,240.8400,11
34528404798442,09:35:28.404,240.8400,13
34528404800158,09:35:28.404,240.8400,87
34528404882580,09:35:28.404,241.0000,33
34528593472837,09:35:28.593,241.0000,200
34529594446111,09:35:29.594,241.0000,100
34535337734532,09:35:35.337,241.3450,100
34538737165823,09:35:38.737,240.9100,100
34538737165823,09:35:38.737,240.8400,100
34538737165823,09:35:38.737,240.8300,100
34538740242904,09:35:38.740,240.8300,14
34538740267426,09:35:38.740,240.8200,41
34538740267426,09:35:38.740,240.8200,59
34538740308145,09:35:38.740,240.8200,41
34538740308145,09:35:38.740,240.8200,1
34538740327837,09:35:38.740,240.8200,41
34538740347963,09:35:38.740,240.8200,1
34538740347963,09:35:38.740,240.8300,58
34538740352347,09:35:38.740,240.8300,14
34538740369822,09:35:38.740,240.8300,28
34538747635588,09:35:38.747,240.8100,64
34648007011118,09:37:28.007,241.2000,100
34648007040626,09:37:28.007,241.2500,100
34648007056043,09:37:28.007,241.2300,1
34648007091877,09:37:28.007,241.2000,100
34648008247955,09:37:28.008,241.2600,100
34681663054403,09:38:01.663,241.5600,45
34681663105545,09:38:01.663,241.5800,23
34681663144291,09:38:01.663,241.5800,13
34681663149242,09:38:01.663,241.5800,64
34684867073146,09:38:04.867,241.8400,100
34684867073146,09:38:04.867,241.8800,100
34684867073146,09:38:04.867,241.8800,100
34684867818040,09:38:04.867,241.9900,135
34684867847042,09:38:04.867,241.9900,113
34684868262682,09:38:04.868,242.0000,35
34684868262682,09:38:04.868,242.0000,65
34684868309850,09:38:04.868,242.0000,22
34684868349575,09:38:04.868,242.0000,13
34693801723668,09:38:13.801,241.8800,83
34693801749091,09:38:13.801,241.8800,16
34732709754153,09:38:52.709,242.0500,5
34735736047553,09:38:55.736,242.0500,27
34735742861252,09:38:55.742,242.0500,23
34735746672141,09:38:55.746,242.0500,21
34735750091848,09:38:55.750,242.0500,19
34735752967140,09:38:55.752,242.0500,5
34737191329079,09:38:57.191,242.1000,16
34737193188700,09:38:57.193,242.1000,16
34737195799376,09:38:57.195,242.1000,14
34737197648037,09:38:57.197,242.1000,14
34737199585900,09:38:57.199,242.1000,12
34737201430750,09:38:57.201,242.1000,12
34737204333820,09:38:57.204,242.1000,11
34737206182407,09:38:57.206,242.1000,5
34744375548460,09:39:04.375,242.2500,3
34744375548460,09:39:04.375,242.3000,5
34752705812520,09:39:12.705,242.3000,6
34754092881036,09:39:14.092,242.3000,6
34759265843780,09:39:19.265,242.3000,5
34762720395874,09:39:22.720,242.3000,7
34764290630949,09:39:24.290,242.3000,5
34764290675682,09:39:24.290,242.3000,16
34764290754341,09:39:24.290,242.3000,18
34764290754341,09:39:24.290,242.3000,3
34764309272221,09:39:24.309,242.3300,16
34764324913585,09:39:24.324,242.3300,14
34764326861541,09:39:24.326,242.3300,10
34764327192779,09:39:24.327,242.3400,100
34764462878307,09:39:24.462,242.5000,43
34764466026894,09:39:24.466,242.5000,17
34772658367367,09:39:32.658,242.8000,7
34804416045760,09:40:04.416,242.7700,6
34805179288766,09:40:05.179,242.7700,5
34811828616768,09:40:11.828,242.5700,1
34811828640793,09:40:11.828,242.5700,100
34816743929583,09:40:16.743,242.7800,7
34859460082624,09:40:59.460,242.2900,6
34859460102165,09:40:59.460,242.2600,100
34859460102165,09:40:59.460,242.2200,86
34859460114532,09:40:59.460,242.2200,2
34859460119944,09:40:59.460,242.2200,12
34859460119944,09:40:59.460,242.2200,38
34859460150131,09:40:59.460,242.2200,62
34859460238682,09:40:59.460,241.9500,100
34859460259530,09:40:59.460,241.9200,1
34859461008757,09:40:59.461,241.9200,2
34859461018526,09:40:59.461,241.9200,1
34859461022867,09:40:59.461,241.9200,1
34859461034564,09:40:59.461,241.9200,96
34859461099431,09:40:59.461,241.8900,1
34859488100179,09:40:59.488,241.8900,82
34859488127331,09:40:59.488,241.8900,118
34890503546049,09:41:30.503,241.8000,30
34926706051698,09:42:06.706,241.5000,1
34926706051698,09:42:06.706,241.5000,99
34926706080433,09:42:06.706,241.5000,1
34926706080433,09:42:06.706,241.5000,100
34926706080433,09:42:06.706,241.5000,100
34926706080433,09:42:06.706,241.5000,1
34939244918049,09:42:19.244,241.0600,15
34939245603184,09:42:19.245,241.0000,150
34939245603184,09:42:19.245,240.9900,100
34940058397458,09:42:20.058,240.9800,20
34952623970290,09:42:32.623,241.0900,2
34952623970290,09:42:32.623,241.0900,98
34952624006961,09:42:32.624,241.0900,2
34993187114438,09:43:13.187,240.9000,100
34994377083071,09:43:14.377,240.9100,100
34994377138668,09:43:14.377,240.9100,100
34994377206339,09:43:14.377,240.9100,100
34994377699284,09:43:14.377,240.9100,3
34994377712936,09:43:14.377,240.9100,97
34994377712936,09:43:14.377,240.8800,3
34994377734659,09:43:14.377,240.8800,36
35015429845645,09:43:35.429,240.4900,100
35015841376259,09:43:35.841,240.4900,100
35015841451497,09:43:35.841,240.4900,1
35027228983298,09:43:47.228,240.6000,9
35046760005710,09:44:06.760,240.3600,56
35046760031859,09:44:06.760,240.3600,44
35074106262107,09:44:34.106,240.6000,6
35074106262107,09:44:34.106,240.6100,13
35074106262107,09:44:34.106,240.6100,100
35074106262107,09:44:34.106,240.6100,100
35074106289118,09:44:34.106,240.6200,100
35074106308030,09:44:34.106,240.6200,4
35074106308030,09:44:34.106,240.6200,6
35074107546411,09:44:34.107,240.6700,100
35155341477603,09:45:55.341,240.9000,2
35155341595987,09:45:55.341,240.9000,3
35156478024127,09:45:56.478,240.9000,2
35163593966801,09:46:03.593,241.1300,5
35163594024074,09:46:03.594,241.1300,5
35163594030612,09:46:03.594,241.1300,5
35163594035821,09:46:03.594,241.1300,5
35163594070209,09:46:03.594,241.1300,5
35163594075481,09:46:03.594,241.1300,5
35163594093588,09:46:03.594,241.1300,5
35163594111514,09:46:03.594,241.1300,5
35163594114130,09:46:03.594,241.1300,5
35163594121348,09:46:03.594,241.1300,5
35163594138181,09:46:03.594,241.1300,5
35163594151045,09:46:03.594,241.1300,5
35163594154071,09:46:03.594,241.1300,5
35163594158711,09:46:03.594,241.1300,5
35163594167470,09:46:03.594,241.1300,5
35163594170511,09:46:03.594,241.1300,5
35163594175008,09:46:03.594,241.1300,5
35163594179484,09:46:03.594,241.1300,5
35163594187150,09:46:03.594,241.1300,3
35163594187150,09:46:03.594,241.1100,2
35163594197871,09:46:03.594,241.1100,3
35163595556019,09:46:03.595,241.0700,100
35163595616597,09:46:03.595,241.1200,3
35219659702957,09:46:59.659,241.0100,1
35219659702957,09:46:59.659,241.0100,99
35219659732574,09:46:59.659,241.0100,1
35219660361594,09:46:59.660,240.9600,100
35219660405822,09:46:59.660,240.9300,15
35219660406400,09:46:59.660,240.9300,65
35219660414851,09:46:59.660,240.9300,5
35219660427113,09:46:59.660,240.9300,80
35219660436436,09:46:59.660,240.9300,85
35219660436436,09:46:59.660,240.9200,7
35219660447093,09:46:59.660,240.9200,43
35219660513416,09:46:59.660,240.8600,58
35219660517111,09:46:59.660,240.8600,42
35219660531079,09:46:59.660,240.8400,25
35226054962229,09:47:06.054,240.7200,50
35226054962229,09:47:06.054,240.6600,50
35226056333706,09:47:06.056,240.6600,8
35280504174766,09:48:00.504,240.7450,2
35280505660033,09:48:00.505,240.7450,2
35280505719493,09:48:00.505,240.7450,2
35280505790887,09:48:00.505,240.7450,2
35280505840513,09:48:00.505,240.7450,2
35280505906198,09:48:00.505,240.7450,2
35280505960562,09:48:00.505,240.7450,2
35280506041263,09:48:00.506,240.7450,2
35280506126856,09:48:00.506,240.7450,2
35280506214904,09:48:00.506,240.7450,2
35280506296333,09:48:00.506,240.7450,2
35280506419196,09:48:00.506,240.7450,2
35280506532922,09:48:00.506,240.7450,2
35280506681828,09:48:00.506,240.7450,2
35280506831369,09:48:00.506,240.7450,2
35280506969483,09:48:00.506,240.7450,2
35280507033734,09:48:00.507,240.7450,2
35280507102976,09:48:00.507,240.7450,2
35280507223453,09:48:00.507,240.7450,2
35280507402101,09:48:00.507,240.7450,2
35280507475663,09:48:00.507,240.7450,2
35280507541501,09:48:00.507,240.7450,2
35280507624458,09:48:00.507,240.7450,2
35280507871156,09:48:00.507,240.7450,2
35280507930813,09:48:00.507,240.7450,2
35280508491839,09:48:00.508,240.7450,2
35280608340997,09:48:00.608,240.7450,48
35287654804716,09:48:07.654,240.6200,1
35287654804716,09:48:07.654,240.6200,1
35287655352951,09:48:07.655,240.5800,31
35287655361256,09:48:07.655,240.5800,69
35287655361256,09:48:07.655,240.5700,7
35287655371052,09:48:07.655,240.5700,73
35287655376614,09:48:07.655,240.5700,39
35287655397484,09:48:07.655,240.5700,81
35287655439941,09:48:07.655,240.5300,76
35287655483075,09:48:07.655,240.5200,24
35311405753231,09:48:31.405,240.3600,1
35311405897807,09:48:31.405,240.3600,1
35328789449079,09:48:48.789,240.3800,100
35328789449079,09:48:48.789,240.3800,50
35328789449079,09:48:48.789,240.3700,31
35329455969988,09:48:49.455,240.3700,5
35334481328635,09:48:54.481,240.5400,200
35334481328635,09:48:54.481,240.6300,5
35334612217007,09:48:54.612,240.6800,50
35334612217007,09:48:54.612,240.7000,50
35349245362313,09:49:09.245,240.4700,50
35349245362313,09:49:09.245,240.4100,50
35358677329355,09:49:18.677,240.7000,200
35358677329355,09:49:18.677,240.7000,100
35358677329355,09:49:18.677,240.7100,1
35358677329355,09:49:18.677,240.7100,99
35358677372847,09:49:18.677,240.7100,1
35358677372847,09:49:18.677,240.7100,4
35358677372847,09:49:18.677,240.7100,100
35358677372847,09:49:18.677,240.7100,19
35358677376109,09:49:18.677,240.7100,50
35358677378854,09:49:18.677,240.7100,131
35358677392349,09:49:18.677,240.7200,4
35358677392349,09:49:18.677,240.7200,76
35358677406535,09:49:18.677,240.7200,24
35358677434337,09:49:18.677,240.7600,100
35358678287657,09:49:18.678,240.8700,100
35358678409076,09:49:18.678,240.7500,100
35387804051256,09:49:47.804,240.7500,11
35387804116593,09:49:47.804,240.6800,24
35387804148276,09:49:47.804,240.6500,2
35387804148276,09:49:47.804,240.6500,65
35387804166325,09:49:47.804,240.6500,35
35387804774890,09:49:47.804,240.6000,87
35387804781646,09:49:47.804,240.6000,13
35387804791497,09:49:47.804,240.5800,142
35387804799544,09:49:47.804,240.5800,12
35387804807809,09:49:47.804,240.5800,46
35387805885334,09:49:47.805,240.5600,40
35413039594175,09:50:13.039,240.7400,3
35413039594175,09:50:13.039,240.7400,49
35413039604966,09:50:13.039,240.7400,51
35413039604966,09:50:13.039,240.7400,2
35413039609761,09:50:13.039,240.7600,2
35413039638925,09:50:13.039,240.7900,93
35413039645280,09:50:13.039,240.7900,7
35450559688861,09:50:50.559,241.0100,3
35514660890983,09:51:54.660,241.0100,5
35546028152412,09:52:26.028,240.6100,100
35546028164394,09:52:26.028,240.6100,1
35546028164394,09:52:26.028,240.6100,1
35546028167741,09:52:26.028,240.6100,5
35546028176661,09:52:26.028,240.6100,2
35546028184615,09:52:26.028,240.6100,5
35546028190304,09:52:26.028,240.6100,88
35569172004968,09:52:49.172,240.2800,93
35569173428117,09:52:49.173,240.2800,1
35569275011760,09:52:49.275,240.2800,56
35569285246454,09:52:49.285,240.2700,100
35569285271256,09:52:49.285,240.2700,1
35571673916716,09:52:51.673,240.2700,5
35572577885790,09:52:52.577,240.3600,100
35572577885790,09:52:52.577,240.3600,100
35572578643639,09:52:52.578,240.4500,6
35572579089071,09:52:52.579,240.4500,94
35572580653252,09:52:52.580,240.4900,5
35572580653252,09:52:52.580,240.4900,27
35609750770717,09:53:29.750,240.5900,50
35609750770717,09:53:29.750,240.5000,50
35609752120579,09:53:29.752,240.5500,3
35636636002568,09:53:56.636,240.9700,10
35636636082434,09:53:56.636,240.9900,30
35636636082434,09:53:56.636,241.0000,72
35636636171582,09:53:56.636,241.0000,28
35636636171582,09:53:56.636,241.0100,74
35636636178310,09:53:56.636,241.0100,26
35636636178310,09:53:56.636,241.0100,2
35636636187903,09:53:56.636,240.9700,30
35636636188550,09:53:56.636,241.0200,2
35682287196531,09:54:42.287,241.1600,100
35682287241215,09:54:42.287,241.1600,53
35682287927138,09:54:42.287,241.1700,95
35682287962698,09:54:42.287,241.1700,5
35682287967801,09:54:42.287,241.1700,5
35682287969454,09:54:42.287,241.1700,5
35682287976423,09:54:42.287,241.1700,90
35682288751373,09:54:42.288,241.2500,62
35684811320169,09:54:44.811,241.2000,150
35684811350478,09:54:44.811,241.2000,15
35696168453438,09:54:56.168,241.4400,100
35748026601940,09:55:48.026,241.0200,100
35748026601940,09:55:48.026,241.0100,4
35748026630155,09:55:48.026,241.0100,96
35748026630155,09:55:48.026,241.0100,4
35748026979467,09:55:48.026,241.0100,68
35748026982691,09:55:48.026,241.0100,32
35748027049997,09:55:48.027,241.0000,165
35748027847131,09:55:48.027,240.8600,100
35748042988478,09:55:48.042,241.0200,68
35751028115260,09:55:51.028,241.1700,100
35820785655784,09:57:00.785,241.0800,4
35864296223020,09:57:44.296,241.0000,15
35864870336189,09:57:44.870,241.0000,85
35864884312265,09:57:44.884,241.0900,49
35864884607646,09:57:44.884,241.0700,49
35864884607646,09:57:44.884,241.0900,1
35864884607646,09:57:44.884,241.1000,1
35864884607646,09:57:44.884,241.1000,51
35864884622782,09:57:44.884,241.1000,49
35864884622782,09:57:44.884,241.1000,1
35869946623484,09:57:49.946,241.2700,100
35869946686205,09:57:49.946,241.2700,1
35869946686205,09:57:49.946,241.2700,99
35869946714452,09:57:49.946,241.2700,1
35869946714452,09:57:49.946,241.3100,100
35869947437420,09:57:49.947,241.4700,5
35888104197110,09:58:08.104,241.3100,7
35888169538059,09:58:08.169,241.3100,1
35888169538059,09:58:08.169,241.5100,99
35904913209650,09:58:24.913,241.3100,5
35906896949487,09:58:26.896,241.3100,1
35929187874569,09:58:49.187,241.2300,5
35929188546127,09:58:49.188,241.1100,100
35929188546127,09:58:49.188,241.1100,47
35929188546127,09:58:49.188,241.1100,2
35944852977098,09:59:04.852,241.1100,5
35953194594113,09:59:13.194,241.0000,59
35953194606329,09:59:13.194,241.0000,43
35953194606329,09:59:13.194,241.0000,1
35970259970655,09:59:30.259,240.9000,100
35971578560707,09:59:31.578,240.9100,6
35984020957235,09:59:44.020,240.7100,100
35998541635748,09:59:58.541,240.8300,100
35998541635748,09:59:58.541,240.8300,100
35998542096593,09:59:58.542,240.9400,2
35998543315695,09:59:58.543,241.1000,2
35998543338718,09:59:58.543,241.1100,5
35998543378133,09:59:58.543,241.1000,100
36008117206800,10:00:08.117,241.1000,4
36010982436507,10:00:10.982,240.9300,50
36013802434317,10:00:13.802,240.8300,1
36026958574315,10:00:26.958,240.9400,100
36026958574315,10:00:26.958,240.9400,1
36028199616708,10:00:28.199,240.9300,50
36028199616708,10:00:28.199,240.9300,50
36051461012133,10:00:51.461,241.1000,100
36073150261191,10:01:13.150,241.2000,100
36073150295844,10:01:13.150,241.2000,1
36073150295844,10:01:13.150,241.2000,1
36073150300046,10:01:13.150,241.2000,2
36073150304061,10:01:13.150,241.2000,5
36073150307642,10:01:13.150,241.2000,1
36073150308142,10:01:13.150,241.2000,1
36073150309622,10:01:13.150,241.2000,1
36073150311518,10:01:13.150,241.2000,1
36073150321545,10:01:13.150,241.2000,88
36073150622341,10:01:13.150,241.2000,37
36073150961172,10:01:13.150,241.2800,100
36119282495463,10:01:59.282,241.1800,50
36119282495463,10:01:59.282,241.1500,50
36166782359101,10:02:46.782,241.1700,3
36166782416406,10:02:46.782,241.1700,100
36166782445866,10:02:46.782,241.2400,5
36166782691525,10:02:46.782,241.1700,5
36166782705702,10:02:46.782,241.1600,99
36166782723835,10:02:46.782,241.1600,1
36166782744622,10:02:46.782,241.1500,3
36166782746282,10:02:46.782,241.1500,145
36166783641693,10:02:46.783,241.1700,74
36167797481987,10:02:47.797,241.1200,51
36167797482520,10:02:47.797,241.1200,20
36167797495653,10:02:47.797,241.1200,29
36168424747551,10:02:48.424,241.1500,40
36168424747551,10:02:48.424,241.1700,60
36168424779126,10:02:48.424,241.1700,40
36168424779126,10:02:48.424,241.1700,1
36168424827527,10:02:48.424,241.1800,2
36209046521870,10:03:29.046,241.1600,100
36209046773055,10:03:29.046,241.2800,150
36209046773055,10:03:29.046,241.2800,50
36209046773055,10:03:29.046,241.2900,10
36209046778209,10:03:29.046,241.2900,90
36209046778209,10:03:29.046,241.2900,10
36209046799622,10:03:29.046,241.2900,90
36209046799622,10:03:29.046,241.2900,6
36209046799622,10:03:29.046,241.2900,1
36209046799622,10:03:29.046,241.2900,2
36209046799622,10:03:29.046,241.2900,1
36209046823024,10:03:29.046,241.3100,1
36228643998560,10:03:48.643,241.2700,1
36228646522942,10:03:48.646,241.2700,1
36230663575208,10:03:50.663,241.3200,44
36230663719870,10:03:50.663,241.3600,30
36230664040633,10:03:50.664,241.3300,50
36230664040633,10:03:50.664,241.3200,30
36231793024396,10:03:51.793,241.4000,100
36231793054445,10:03:51.793,241.4000,65
36231793054445,10:03:51.793,241.4000,2
36231793421316,10:03:51.793,241.4200,100
36231794273872,10:03:51.794,241.4100,50
36231795320814,10:03:51.795,241.3900,50
36231795320814,10:03:51.795,241.3700,50
36231795386268,10:03:51.795,241.3700,100
36231795641336,10:03:51.795,241.3400,1
36231860135563,10:03:51.860,241.2400,100
36231860204674,10:03:51.860,241.2300,100
36231860259958,10:03:51.860,241.2800,100
36253687164434,10:04:13.687,241.0000,747
36270332288809,10:04:30.332,240.9500,4
36270332697048,10:04:30.332,240.8400,1
36292200103539,10:04:52.200,240.5000,5
36292200485068,10:04:52.200,240.5000,30
36326087039414,10:05:26.087,240.2600,1
36420130782608,10:07:00.130,240.2400,100
36423415503554,10:07:03.415,240.2500,50
36423415503554,10:07:03.415,240.2400,1
36423415503554,10:07:03.415,240.1600,49
36450134106981,10:07:30.134,240.1500,2
36450134109702,10:07:30.134,240.1500,49
36450134120889,10:07:30.134,240.1300,100
36450134164871,10:07:30.134,240.1300,100
36450134485768,10:07:30.134,240.1000,5
36450134502876,10:07:30.134,240.1000,45
36450134522143,10:07:30.134,240.0800,100
36450136440450,10:07:30.136,240.0000,68
36450136478982,10:07:30.136,240.0000,32
36450136478982,10:07:30.136,240.0000,3
36450136689115,10:07:30.136,240.0000,20
36450205081725,10:07:30.205,239.9600,100
36507793162402,10:08:27.793,239.9250,100
36507794471503,10:08:27.794,239.9200,1
36515729490226,10:08:35.729,239.8600,100
36515729515193,10:08:35.729,239.8500,8
36518082815149,10:08:38.082,239.8900,4
36518082815149,10:08:38.082,239.8900,7
36518082815149,10:08:38.082,239.8900,100
36518082815149,10:08:38.082,239.8900,3
36518085067309,10:08:38.085,239.9100,4
36518085344432,10:08:38.085,239.8900,1
36537004283344,10:08:57.004,240.0800,100
36537004283344,10:08:57.004,240.0800,8
36537004309097,10:08:57.004,240.0900,100
36540020633146,10:09:00.020,240.0900,1
36615007782159,10:10:15.007,240.2000,1
36644360463626,10:10:44.360,240.1700,1
36644360484663,10:10:44.360,240.1700,100
36674477116988,10:11:14.477,239.9800,62
36674477156481,10:11:14.477,239.9400,4
36674477271116,10:11:14.477,239.9800,100
36674545528551,10:11:14.545,239.9700,1
36700169275310,10:11:40.169,240.1000,100
36700169292854,10:11:40.169,240.1500,4
36700169295540,10:11:40.169,240.1500,96
36700169295540,10:11:40.169,240.1600,100
36700169295540,10:11:40.169,240.1600,4
36700169393931,10:11:40.169,240.1600,50
36700169431003,10:11:40.169,240.1600,46
36700169718565,10:11:40.169,240.1700,1
36700169881075,10:11:40.169,240.1500,100
36700201278499,10:11:40.201,240.2100,1
36758816076486,10:12:38.816,240.3100,50
36758816076486,10:12:38.816,240.3000,1
36758816076486,10:12:38.816,240.2600,8
36758816145800,10:12:38.816,240.2600,39
36758816152848,10:12:38.816,240.2600,50
36758816157617,10:12:38.816,240.2600,11
36758816726993,10:12:38.816,240.4200,100
36758916344680,10:12:38.916,240.4300,100
36758916344680,10:12:38.916,240.4300,1
36758916344680,10:12:38.916,240.4300,1
36758916690518,10:12:38.916,240.4300,1
36758916698034,10:12:38.916,240.4300,100
36758916839975,10:12:38.916,240.4300,1
36758916840502,10:12:38.916,240.4300,1
36758916991560,10:12:38.916,240.4300,1
36812413774779,10:13:32.413,240.6400,1
36819516094372,10:13:39.516,240.3300,100
36869270251576,10:14:29.270,240.3600,1
36869270251576,10:14:29.270,240.3500,99
36869270276216,10:14:29.270,240.3500,1
36869270759201,10:14:29.270,240.3300,100
36869270759201,10:14:29.270,240.3300,100
36869270797670,10:14:29.270,240.3000,4
36869270811452,10:14:29.270,240.2700,41
36869270824151,10:14:29.270,240.1900,59
36869270825028,10:14:29.270,240.1900,37
36869270854030,10:14:29.270,240.1900,4
36869270878070,10:14:29.270,240.1900,100
36869277092922,10:14:29.277,240.3100,50
36902652318353,10:15:02.652,240.1100,64
36902652391097,10:15:02.652,240.1100,36
36902652391097,10:15:02.652,240.1000,8
36927302510030,10:15:27.302,240.0800,1
36968443258106,10:16:08.443,239.9500,8
36968444335406,10:16:08.444,239.9500,100
36968444665091,10:16:08.444,239.9500,6
36999444588385,10:16:39.444,239.8800,100
37017465932968,10:16:57.465,239.8100,100
37017465961367,10:16:57.465,239.8000,100
37017465979568,10:16:57.465,239.7800,100
37046208118948,10:17:26.208,239.7300,1
37080559854310,10:18:00.559,239.6600,4
37092942524802,10:18:12.942,239.4100,100
37092942563644,10:18:12.942,239.4000,100
37092945381965,10:18:12.945,239.3400,32
37092945381965,10:18:12.945,239.3800,50
37092945381965,10:18:12.945,239.3900,18
37093511238068,10:18:13.511,239.0700,50
37093511238068,10:18:13.511,239.0600,50
37093512606661,10:18:13.512,239.0600,1
37093512793014,10:18:13.512,239.0600,4
37137626697979,10:18:57.626,239.1100,1
37137635531736,10:18:57.635,239.0500,100
37147555746497,10:19:07.555,239.0000,15
37147555746497,10:19:07.555,239.0000,100
37147555746497,10:19:07.555,239.0000,89
37147555774379,10:19:07.555,239.0000,11
37147574705084,10:19:07.574,238.9500,100
37178030077069,10:19:38.030,238.9600,50
37178030077069,10:19:38.030,238.9500,1
37178030077069,10:19:38.030,238.9400,1
37178030077069,10:19:38.030,238.9400,48
37178038226565,10:19:38.038,238.9400,3
37178038375322,10:19:38.038,238.9400,1
37220525379109,10:20:20.525,239.1000,100
37220525379109,10:20:20.525,239.1400,100
37220525379109,10:20:20.525,239.2200,100
37220525379109,10:20:20.525,239.2300,200
37220638377426,10:20:20.638,238.9900,100
37220638414677,10:20:20.638,238.9800,16
37220638427178,10:20:20.638,238.9600,23
37220638435816,10:20:20.638,238.9600,2
37220638442483,10:20:20.638,238.9600,75
37220638580078,10:20:20.638,238.9600,25
37229029479294,10:20:29.029,238.9500,1
37229029479294,10:20:29.029,238.9400,99
37229029510294,10:20:29.029,238.9400,68
37233658575752,10:20:33.658,239.1500,100
37233658575752,10:20:33.658,239.1600,3
37233658575752,10:20:33.658,239.1700,100
37233658575752,10:20:33.658,239.1700,100
37233658575752,10:20:33.658,239.1700,3
37233658575752,10:20:33.658,239.1700,94
37233658605570,10:20:33.658,239.1700,6
37233658605570,10:20:33.658,239.1700,100
37233658654101,10:20:33.658,239.1800,61
37233658656640,10:20:33.658,239.1600,100
37233658663494,10:20:33.658,239.1800,39
37233658663494,10:20:33.658,239.1800,91
37233658666340,10:20:33.658,239.1800,9
37233658691257,10:20:33.658,239.2400,4
37250122017860,10:20:50.122,239.3200,75
37250122028358,10:20:50.122,239.3200,25
37250122028358,10:20:50.122,239.3500,75
37250122032309,10:20:50.122,239.3500,25
37250122032309,10:20:50.122,239.3500,100
37250122054339,10:20:50.122,239.3500,100
37250122098581,10:20:50.122,239.4000,100
37284310572488,10:21:24.310,239.3100,50
37284318880973,10:21:24.318,239.3000,35
37286767578178,10:21:26.767,239.3000,30
37286767578178,10:21:26.767,239.3000,16
37286767593230,10:21:26.767,239.2900,100
37286767593230,10:21:26.767,239.2900,16
37286767594825,10:21:26.767,239.2700,100
37286767610799,10:21:26.767,239.2400,16
37286888777686,10:21:26.888,239.1600,100
37286888777686,10:21:26.888,239.2900,100
37287001923947,10:21:27.001,239.2000,50
37291059567544,10:21:31.059,239.5400,1
37291059655582,10:21:31.059,239.5400,100
37340199661743,10:22:20.199,239.2700,50
37340199661743,10:22:20.199,239.2200,50
37340208175749,10:22:20.208,239.2200,2
37340221676967,10:22:20.221,239.5200,8
37355040888664,10:22:35.040,239.5300,1
37355040896709,10:22:35.040,239.5400,4
37355040923564,10:22:35.040,239.5600,100
37355040923564,10:22:35.040,239.5600,1
37355040923564,10:22:35.040,239.5700,99
37355040930490,10:22:35.040,239.5400,10
37355040956110,10:22:35.040,239.5700,1
37355043672379,10:22:35.043,239.5900,16
37355043672379,10:22:35.043,239.5900,10
37355043724174,10:22:35.043,239.6500,2
37355043749496,10:22:35.043,239.5700,16
37425009931933,10:23:45.009,239.6200,1
37425009957207,10:23:45.009,239.6100,100
37425009984735,10:23:45.009,239.6100,35
37425009986545,10:23:45.009,239.6100,65
37425009986545,10:23:45.009,239.6100,100
37425009992819,10:23:45.009,239.6200,30
37425009995416,10:23:45.009,239.6200,69
37447355547095,10:24:07.355,239.5900,1
37513176826211,10:25:13.176,239.5700,1
37513186616673,10:25:13.186,239.6000,15
37546557074800,10:25:46.557,239.7100,1
37546557074800,10:25:46.557,239.7100,4
37546557074800,10:25:46.557,239.7100,92
37546557123236,10:25:46.557,239.7100,8
37546557905056,10:25:46.557,239.7200,1
37546558275027,10:25:46.558,239.7200,3
37552417843816,10:25:52.417,239.7600,3
37557513407862,10:25:57.513,239.6800,1
37592532303642,10:26:32.532,239.5300,40
37592532313772,10:26:32.532,239.5300,60
37620707367988,10:27:00.707,239.4400,4
37625745711393,10:27:05.745,239.3300,4
37626762088387,10:27:06.762,239.3300,2
37626762088387,10:27:06.762,239.3300,1
37626774112624,10:27:06.774,239.3500,100
37716406207784,10:28:36.406,239.3200,1
37716435923221,10:28:36.435,239.2300,10
37716445525160,10:28:36.445,239.2100,100
37765390650722,10:29:25.390,239.1100,1
37802795781873,10:30:02.795,239.1050,50
37802795789249,10:30:02.795,239.1050,19
37802795994301,10:30:02.795,239.1050,31
37802795994301,10:30:02.795,239.2000,1
37802795994301,10:30:02.795,239.2000,25
37802796008277,10:30:02.796,239.2000,75
37802796008277,10:30:02.796,239.2000,25
37802796038688,10:30:02.796,239.2000,75
37802796038688,10:30:02.796,239.2000,100
37802796044035,10:30:02.796,239.2000,100
37802796064110,10:30:02.796,239.2100,100
37802796064110,10:30:02.796,239.2400,100
37802796106689,10:30:02.796,239.3100,2
37802796336225,10:30:02.796,239.3100,100
37803501045573,10:30:03.501,239.1400,100
37804502937870,10:30:04.502,239.1400,100
37835398521987,10:30:35.398,239.3700,1
37835398521987,10:30:35.398,239.3700,9
37835398521987,10:30:35.398,239.3700,90
37835398542046,10:30:35.398,239.3700,10
37835398566307,10:30:35.398,239.3600,1
37895500953677,10:31:35.500,239.2800,100
37895502247050,10:31:35.502,239.2800,12
37895502439453,10:31:35.502,239.2800,8
37902823522354,10:31:42.823,239.2600,100
37902823522354,10:31:42.823,239.2200,100
37903502743372,10:31:43.502,239.1600,3
37921375721447,10:32:01.375,239.1600,3
37921375721447,10:32:01.375,239.1500,4
37932210568356,10:32:12.210,239.1100,100
37932500807344,10:32:12.500,239.0500,100
37946150408780,10:32:26.150,239.2700,1
37946150433440,10:32:26.150,239.2800,2
37946150433440,10:32:26.150,239.2800,100
37946150433440,10:32:26.150,239.2800,2
37946150433440,10:32:26.150,239.2800,96
37946150439109,10:32:26.150,239.2800,4
37946150439109,10:32:26.150,239.2800,100
37946150439109,10:32:26.150,239.2800,100
37946150439109,10:32:26.150,239.2800,100
37946150484176,10:32:26.150,239.3000,2
37994145503959,10:33:14.145,239.2200,100
38019779527485,10:33:39.779,239.1900,2
38019779559334,10:33:39.779,239.1800,34
38019779562817,10:33:39.779,239.1800,16
38019779577577,10:33:39.779,239.1800,2
38019779594621,10:33:39.779,239.1800,48
38019779616134,10:33:39.779,239.1700,100
38059475279166,10:34:19.475,239.0800,5
38059476716060,10:34:19.476,239.0800,35
38059476845630,10:34:19.476,239.0700,4
38066505561926,10:34:26.505,239.0800,150
38066505561926,10:34:26.505,239.0800,50
38090941109182,10:34:50.941,239.2900,35
38103856374376,10:35:03.856,239.1100,50
38103856374376,10:35:03.856,239.1100,51
38103857722350,10:35:03.857,239.1100,5
38103857878079,10:35:03.857,239.1100,3
38103858522104,10:35:03.858,239.1100,92
38103858522104,10:35:03.858,239.1100,8
38105984337506,10:35:05.984,239.2200,5
38115141627616,10:35:15.141,239.2700,200
38115141672002,10:35:15.141,239.2700,64
38115141673580,10:35:15.141,239.2700,36
38115141673580,10:35:15.141,239.2800,64
38115141675536,10:35:15.141,239.2800,36
38115141675536,10:35:15.141,239.2800,95
38115141691872,10:35:15.141,239.2800,5
38115503515215,10:35:15.503,239.1500,100
38115503515215,10:35:15.503,239.1500,100
38115503515215,10:35:15.503,239.1400,100
38133256387459,10:35:33.256,239.1500,100
38133257718673,10:35:33.257,239.1400,100
38133258093533,10:35:33.258,239.1000,1
38133259332015,10:35:33.259,239.1000,1
38133504113675,10:35:33.504,239.1000,100
38231838208996,10:37:11.838,239.0800,4
38234782169680,10:37:14.782,239.0200,100
38234782385251,10:37:14.782,239.0200,34
38234782510173,10:37:14.782,239.0200,66
38234783658163,10:37:14.783,239.0000,36
38234783716719,10:37:14.783,239.0000,64
38234783716719,10:37:14.783,239.0000,50
38234783936182,10:37:14.783,239.0000,50
38234783995084,10:37:14.783,239.0000,50
38234802446892,10:37:14.802,238.9800,100
38235511351571,10:37:15.511,238.9200,100
38235511439984,10:37:15.511,239.0000,30
38237800694845,10:37:17.800,239.0600,100
38237800694845,10:37:17.800,239.0600,50
38237800694845,10:37:17.800,239.0700,100
38237800694845,10:37:17.800,239.0700,100
38237800694845,10:37:17.800,239.0700,3
38237800694845,10:37:17.800,239.0700,1
38237800694845,10:37:17.800,239.0700,50
38237800726315,10:37:17.800,239.0700,50
38237800726315,10:37:17.800,239.0700,100
38237800740398,10:37:17.800,239.0700,18
38237800768003,10:37:17.800,239.0700,82
38262207692860,10:37:42.207,239.0500,30
38262502492246,10:37:42.502,238.9900,31
38262502534242,10:37:42.502,238.9900,10
38266055226865,10:37:46.055,239.0200,40
38266055266684,10:37:46.055,239.0200,60
38266103392989,10:37:46.103,239.0100,100
38293864087447,10:38:13.864,239.1200,89
38293864094378,10:38:13.864,239.1200,66
38293864287455,10:38:13.864,239.1300,1
38293864287455,10:38:13.864,239.1300,33
38293864292373,10:38:13.864,239.1300,66
38293864315073,10:38:13.864,239.1300,1
38293864315073,10:38:13.864,239.1300,100
38293864315073,10:38:13.864,239.1300,100
38293896346068,10:38:13.896,239.2000,100
38293896404344,10:38:13.896,239.2200,5
38325005853644,10:38:45.005,239.3200,3
38325005853644,10:38:45.005,239.3200,30
38325005853644,10:38:45.005,239.3200,1
38325005853644,10:38:45.005,239.3200,66
38325005888576,10:38:45.005,239.3200,201
38325005969364,10:38:45.005,239.3200,33
38325553096954,10:38:45.553,239.3200,100
38325553153259,10:38:45.553,239.3300,100
38325558187717,10:38:45.558,239.3300,1
38325558187717,10:38:45.558,239.3300,99
38325558233521,10:38:45.558,239.3300,1
38325558233521,10:38:45.558,239.3300,4
38325559844639,10:38:45.559,239.3500,1
38325602414743,10:38:45.602,239.3200,50
38325602414743,10:38:45.602,239.2700,100
38325602414743,10:38:45.602,239.2400,100
38325602414743,10:38:45.602,239.2400,100
38469195942867,10:41:09.195,239.2200,100
38469195990030,10:41:09.195,239.2200,26
38469195999812,10:41:09.195,239.2200,100
38469196002481,10:41:09.196,239.2200,5
38469196015147,10:41:09.196,239.2200,69
38469196040366,10:41:09.196,239.2100,100
38469196246576,10:41:09.196,239.1500,4
38469241757606,10:41:09.241,239.0100,23
38469241781816,10:41:09.241,239.0700,100
38469241781816,10:41:09.241,239.0100,77
38469243105656,10:41:09.243,239.0100,26
38469243240954,10:41:09.243,239.0100,3
38474497907201,10:41:14.497,239.2000,100
38474497946269,10:41:14.497,239.2200,50
38474497956951,10:41:14.497,239.2200,50
38474497956951,10:41:14.497,239.2200,50
38474497974381,10:41:14.497,239.2200,50
38474497974381,10:41:14.497,239.2200,1
38474498060537,10:41:14.498,239.2400,2
38474498060537,10:41:14.498,239.2500,3
38541777422400,10:42:21.777,239.2300,67
38541777472809,10:42:21.777,239.2300,33
38541777472809,10:42:21.777,239.2300,67
38541777550636,10:42:21.777,239.2300,4
38541777574888,10:42:21.777,239.2200,20
38543905180916,10:42:23.905,239.0900,100
38550891852779,10:42:30.891,239.2300,1
38550891852779,10:42:30.891,239.2300,2
38550891883896,10:42:30.891,239.2300,300
38550894891031,10:42:30.894,239.2400,100
38550894970084,10:42:30.894,239.2400,100
38550894970084,10:42:30.894,239.2400,10
38550894997946,10:42:30.894,239.2400,90
38567944503951,10:42:47.944,239.2100,24
38567944705905,10:42:47.944,239.2100,30
38567944737050,10:42:47.944,239.2100,46
38567944759684,10:42:47.944,239.2000,100
38567944796695,10:42:47.944,239.1900,100
38569475070138,10:42:49.475,239.0300,6
38573877464314,10:42:53.877,239.0300,6
38610910709782,10:43:30.910,239.1700,5
38639878366821,10:43:59.878,239.1900,43
38662497522808,10:44:22.497,239.2900,100
38686707219158,10:44:46.707,239.1000,20
38702057203813,10:45:02.057,239.1400,4
38722818771955,10:45:22.818,239.0000,20
38722818771955,10:45:22.818,239.0000,1
38722841744564,10:45:22.841,239.0000,19
38722841744564,10:45:22.841,239.0000,7
38722841773807,10:45:22.841,239.0500,74
38761168919786,10:46:01.168,238.8000,5
38819217225961,10:46:59.217,238.8000,95
38819714963617,10:46:59.714,238.7500,100
38819714991108,10:46:59.714,238.7500,6
38819717201869,10:46:59.717,238.6800,100
38819743674663,10:46:59.743,238.6900,100
38824216321057,10:47:04.216,238.6000,48
38824364614225,10:47:04.364,238.5000,6
38879095089031,10:47:59.095,238.4200,100
38879095089031,10:47:59.095,238.4500,50
38879095089031,10:47:59.095,238.4700,150
38879095089031,10:47:59.095,238.4800,1
38879095089031,10:47:59.095,238.4800,100
38879095089031,10:47:59.095,238.4800,100
38879095089031,10:47:59.095,238.4800,100
38879097037270,10:47:59.097,238.4800,10
38971076097374,10:49:31.076,238.5100,4
38972361683262,10:49:32.361,238.5000,15
38972363175151,10:49:32.363,238.5100,96
38972363175151,10:49:32.363,238.5500,30
38972363175151,10:49:32.363,238.5900,100
38972363175151,10:49:32.363,238.5900,3
38972363175151,10:49:32.363,238.5900,1
38972363175151,10:49:32.363,238.5900,2
38972363432258,10:49:32.363,238.5900,3
38972363432258,10:49:32.363,238.5900,4
38972363432258,10:49:32.363,238.5900,19
38972363432258,10:49:32.363,238.5900,100
38972363432258,10:49:32.363,238.5900,21
38972363451051,10:49:32.363,238.5900,66
38972363496195,10:49:32.363,238.5900,13
38972363496195,10:49:32.363,238.5900,71
38972363511413,10:49:32.363,238.5900,29
38972363511413,10:49:32.363,238.5900,58
38972363513178,10:49:32.363,238.5900,42
38972363513178,10:49:32.363,238.5900,71
38972364585016,10:49:32.364,238.5900,15
38972364638328,10:49:32.364,238.5900,15
38972364839031,10:49:32.364,238.5900,2
38972364875206,10:49:32.364,238.5900,5
38972364947795,10:49:32.364,238.5900,29
38972452175172,10:49:32.452,238.5600,50
38972452175172,10:49:32.452,238.5500,184
38972452207611,10:49:32.452,238.5500,16
38972452207611,10:49:32.452,238.5500,30
38972452207611,10:49:32.452,238.5500,100
38972784911983,10:49:32.784,238.5900,80
39003358501668,10:50:03.358,238.3700,45
39003358518045,10:50:03.358,238.3700,20
39003358523586,10:50:03.358,238.3700,35
39030968443858,10:50:30.968,238.2400,13
39030968443858,10:50:30.968,238.2400,6
39076579189297,10:51:16.579,238.4000,1
39076579189297,10:51:16.579,238.4000,100
39076579189297,10:51:16.579,238.4000,99
39076579236601,10:51:16.579,238.4000,1
39076579236601,10:51:16.579,238.4100,4
39076579236601,10:51:16.579,238.4100,13
39076579236601,10:51:16.579,238.4100,1
39076579236601,10:51:16.579,238.4100,1
39076579257018,10:51:16.579,238.4200,100
39076579284854,10:51:16.579,238.4600,24
39076579344854,10:51:16.579,238.4600,76
39076822024226,10:51:16.822,238.6000,4
39150163712642,10:52:30.163,238.4500,100
39150165135863,10:52:30.165,238.4500,23
39150165365078,10:52:30.165,238.4500,9
39154170504271,10:52:34.170,238.4300,7
39179938119172,10:52:59.938,238.4400,100
39179938145412,10:52:59.938,238.4400,60
39180177393504,10:53:00.177,238.4400,17
39180177406218,10:53:00.177,238.4400,23
39180177412469,10:53:00.177,238.4300,8
39180177607873,10:53:00.177,238.4200,37
39213312901476,10:53:33.312,238.3100,16
39306142424701,10:55:06.142,238.3400,50
39306142424701,10:55:06.142,238.3400,50
39413979881383,10:56:53.979,238.2900,4
39414602568624,10:56:54.602,238.3500,66
39420520910996,10:57:00.520,238.2000,5
39421569820540,10:57:01.569,238.2000,288
39421569820540,10:57:01.569,238.2000,203
39421569848951,10:57:01.569,238.2000,97
39421569848951,10:57:01.569,238.2000,19
39421570895720,10:57:01.570,238.1000,100
39421570925661,10:57:01.570,238.1000,16
39421570925661,10:57:01.570,238.1000,50
39421570925661,10:57:01.570,238.1000,5
39421570965242,10:57:01.570,238.0900,6
39421967887851,10:57:01.967,238.1000,100
39421967887851,10:57:01.967,238.0600,100
39421967913563,10:57:01.967,238.0600,100
39421968379471,10:57:01.968,238.0500,100
39421968412111,10:57:01.968,238.0500,100
39421968419804,10:57:01.968,238.0500,100
39421968607753,10:57:01.968,238.0500,50
39421968945238,10:57:01.968,238.0500,100
39421969147941,10:57:01.969,238.0100,100
39421969562968,10:57:01.969,238.0000,1
39421969562968,10:57:01.969,238.0000,2
39421969562968,10:57:01.969,238.0000,1
39421969562968,10:57:01.969,238.0000,5
39421969809991,10:57:01.969,237.9100,2
39421970012537,10:57:01.970,237.9100,2
39421970019837,10:57:01.970,237.9100,13
39422131813383,10:57:02.131,237.9100,6
39422968672966,10:57:02.968,237.7800,100
39422969100485,10:57:02.969,237.9000,15
39425981410580,10:57:05.981,237.7100,100
39426967603913,10:57:06.967,237.7100,100
39428938609066,10:57:08.938,237.7000,56
39428938660493,10:57:08.938,237.7000,44
39428939366193,10:57:08.939,237.6200,29
39428939412768,10:57:08.939,237.6100,17
39429967685865,10:57:09.967,237.5600,100
39456967244542,10:57:36.967,237.4800,100
39456970822886,10:57:36.970,237.4700,6
39457967967010,10:57:37.967,237.3200,100
39479291848489,10:57:59.291,237.3900,150
39479291848489,10:57:59.291,237.4000,350
39479291848489,10:57:59.291,237.4000,100
39479291848489,10:57:59.291,237.4000,100
39479291848489,10:57:59.291,237.4000,50
39479291896888,10:57:59.291,237.4000,50
39479291896888,10:57:59.291,237.4000,100
39479291902542,10:57:59.291,237.4000,99
39479299683926,10:57:59.299,237.4000,5
39479299688085,10:57:59.299,237.4000,86
39479299701393,10:57:59.299,237.4000,9
39479967646786,10:57:59.967,237.3800,50
39479967646786,10:57:59.967,237.3700,150
39480047884854,10:58:00.047,237.5300,100
39480048135846,10:58:00.048,237.5800,10
39480048454179,10:58:00.048,237.5800,10
39480053644624,10:58:00.053,237.5800,10
39480107039104,10:58:00.107,237.5800,10
39480310538711,10:58:00.310,237.5800,60
39480310538711,10:58:00.310,237.6000,10
39511230446807,10:58:31.230,237.8400,4
39522587781110,10:58:42.587,237.7000,20
39526903227933,10:58:46.903,237.5700,10
39526903267035,10:58:46.903,237.5700,104
39526903274693,10:58:46.903,237.5700,86
39527220236758,10:58:47.220,237.4500,7
39541356474293,10:59:01.356,237.4600,7
39541693402696,10:59:01.693,237.4600,8
39561981932934,10:59:21.981,237.4600,7
39580639009471,10:59:40.639,237.6100,100
39580639055762,10:59:40.639,237.6100,2
39580639063455,10:59:40.639,237.6100,9
39580639068450,10:59:40.639,237.6100,89
39580639068450,10:59:40.639,237.6200,1
39580639068450,10:59:40.639,237.6200,1
39580639068450,10:59:40.639,237.6200,100
39580639068450,10:59:40.639,237.6200,9
39580639073870,10:59:40.639,237.6200,32
39580639099072,10:59:40.639,237.6200,59
39580639099072,10:59:40.639,237.6200,9
39580639102832,10:59:40.639,237.6200,91
39580646552007,10:59:40.646,237.6200,8
39647565803350,11:00:47.565,237.6000,100
39647565842716,11:00:47.565,237.6000,71
39660316503061,11:01:00.316,237.4900,9
39660322656039,11:01:00.322,237.4600,6
39660323898905,11:01:00.323,237.4600,2
39660324063186,11:01:00.324,237.4600,4
39660559314895,11:01:00.559,237.6550,100
39662457153192,11:01:02.457,237.6300,6
39662824302786,11:01:02.824,237.7900,100
39662824302786,11:01:02.824,237.8400,1
39662824302786,11:01:02.824,237.8400,1
39662824302786,11:01:02.824,237.8500,100
39662824302786,11:01:02.824,237.8500,4
39662824684268,11:01:02.824,237.8500,8
39662824758092,11:01:02.824,237.8500,88
39662824758092,11:01:02.824,237.8500,5
39662824758092,11:01:02.824,237.8500,1
39662824758092,11:01:02.824,237.8500,100
39662824758092,11:01:02.824,237.8500,8
39662825668655,11:01:02.825,237.8500,92
39662825668655,11:01:02.825,237.8500,8
39662849127563,11:01:02.849,237.8400,1
39662850821167,11:01:02.850,237.8500,92
39662950021915,11:01:02.950,237.8900,50
39663463887024,11:01:03.463,237.8900,50
39663463887024,11:01:03.463,238.0000,100
39663463887024,11:01:03.463,238.0400,50
39663487143416,11:01:03.487,238.0900,100
39665058225843,11:01:05.058,238.0900,3
39667621197554,11:01:07.621,237.9300,100
39667621287437,11:01:07.621,237.9300,54
39667621306179,11:01:07.621,237.9300,46
39697088478959,11:01:37.088,237.9300,4
39795627881934,11:03:15.627,237.8100,63
39795627892711,11:03:15.627,237.8100,37
39795627942917,11:03:15.627,237.9300,200
39795629169355,11:03:15.629,237.8400,35
39795629169355,11:03:15.629,237.8600,15
39796002747317,11:03:16.002,238.0100,1
39796002861957,11:03:16.002,238.0300,1
39796003607259,11:03:16.003,237.9700,50
39796003607259,11:03:16.003,237.9250,250
39799878309191,11:03:19.878,238.0500,36
39799878309191,11:03:19.878,238.0600,64
39799878336535,11:03:19.878,238.0600,36
39799878336535,11:03:19.878,238.0600,8
39799878336535,11:03:19.878,238.0600,200
39799878362746,11:03:19.878,238.0600,100
39799878447879,11:03:19.878,238.1200,5
39799893797861,11:03:19.893,238.1200,5
39799893802962,11:03:19.893,238.1200,95
39831284464625,11:03:51.284,238.0600,7
39831424559697,11:03:51.424,238.0400,6
39849198616109,11:04:09.198,238.0600,7
39873966958209,11:04:33.966,238.2000,5
39873966958209,11:04:33.966,238.2000,1
39873967804141,11:04:33.967,238.0600,1
39874329153771,11:04:34.329,238.0600,7
39899308913044,11:04:59.308,238.0400,5
39899308966012,11:04:59.308,238.0400,95
39899308966012,11:04:59.308,238.0400,2
39899308977506,11:04:59.308,238.0400,73
39899308987702,11:04:59.308,238.0400,62
39899308999845,11:04:59.308,238.0400,50
39899309022013,11:04:59.309,238.1000,225
39899309038014,11:04:59.309,238.0400,13
39899309038014,11:04:59.309,238.0400,87
39899309190254,11:04:59.309,238.0400,31
39923456621723,11:05:23.456,238.0600,5
39923700221217,11:05:23.700,238.1100,5
39973675169315,11:06:13.675,238.0700,13
39978221589341,11:06:18.221,238.0600,100
39978221712408,11:06:18.221,238.0600,50
39978222406102,11:06:18.222,238.1300,200
39982336862865,11:06:22.336,238.1000,7
39982978542963,11:06:22.978,238.0900,7
39986209243570,11:06:26.209,238.2500,1
39986209272788,11:06:26.209,238.2500,100
39986209307039,11:06:26.209,238.2500,148
39986209324255,11:06:26.209,238.2500,52
39986209339298,11:06:26.209,238.2600,100
39986209339298,11:06:26.209,238.2600,95
39986209348686,11:06:26.209,238.2600,5
39986209350106,11:06:26.209,238.2700,4
39986209351658,11:06:26.209,238.2700,5
39986209406212,11:06:26.209,238.2700,91
39986209406212,11:06:26.209,238.2700,67
39986209416798,11:06:26.209,238.2700,33
39986209653520,11:06:26.209,238.2800,1
39986209668633,11:06:26.209,238.3000,2
39986209680462,11:06:26.209,238.3000,10
39986210492838,11:06:26.210,238.3000,88
39986230123956,11:06:26.230,238.3600,9
39986231167612,11:06:26.231,238.3600,91
40086461520938,11:08:06.461,238.4700,4
40114268527621,11:08:34.268,238.3800,9
40114268760495,11:08:34.268,238.3800,16
40114268776735,11:08:34.268,238.3700,98
40114268781143,11:08:34.268,238.3700,2
40114268781143,11:08:34.268,238.3700,71
40114268784812,11:08:34.268,238.3700,29
40114268784812,11:08:34.268,238.3700,73
40114268786566,11:08:34.268,238.3700,27
40119958503714,11:08:39.958,238.3000,5
40255780684841,11:10:55.780,238.3500,6
40255780931773,11:10:55.780,238.3500,36
40261318750518,11:11:01.318,238.2200,100
40268396312119,11:11:08.396,238.4900,100
40268396371550,11:11:08.396,238.5200,100
40281062525920,11:11:21.062,238.1600,4
40288407062625,11:11:28.407,238.1900,100
40288407101169,11:11:28.407,238.1900,27
40289521400057,11:11:29.521,238.1900,5
40291222797356,11:11:31.222,238.2400,400
40296438961593,11:11:36.438,238.2000,100
40296438961593,11:11:36.438,238.2000,63
40296439350663,11:11:36.439,238.2000,5
40296439435814,11:11:36.439,238.1900,60
40296439469060,11:11:36.439,238.1900,62
40296439490688,11:11:36.439,238.1900,78
40296439501954,11:11:36.439,238.2300,200
40321452490029,11:12:01.452,238.2600,4
40321452531708,11:12:01.452,238.2600,96
40321452531708,11:12:01.452,238.2600,2
40321453302374,11:12:01.453,238.2700,100
40378519607881,11:12:58.519,238.1800,10
40378519620358,11:12:58.519,238.1800,90
40385247030823,11:13:05.247,238.0700,100
40403907672569,11:13:23.907,238.0700,10
40412177475236,11:13:32.177,238.0800,7
40413939341947,11:13:33.939,238.0700,7
40448209553774,11:14:08.209,238.1300,200
40461938884577,11:14:21.938,238.0800,6
40463068071810,11:14:23.068,238.1700,25
40463068071810,11:14:23.068,238.1700,125
40463068071810,11:14:23.068,238.1800,50
40463068079313,11:14:23.068,238.1800,50
40463068079313,11:14:23.068,238.1800,100
40463068440353,11:14:23.068,238.1900,100
40463068440353,11:14:23.068,238.1900,51
40463068462599,11:14:23.068,238.1900,49
40463068462599,11:14:23.068,238.1900,1
40463068497489,11:14:23.068,238.2000,100
40463068671369,11:14:23.068,238.2000,62
40463072146561,11:14:23.072,238.2000,38
40464037857079,11:14:24.037,238.1900,150
40464037857079,11:14:24.037,238.1900,100
40464037857079,11:14:24.037,238.1800,50
40482620300472,11:14:42.620,238.3400,99
40482620316552,11:14:42.620,238.3400,1
40482620316552,11:14:42.620,238.3400,100
40482620323091,11:14:42.620,238.3400,101
40482620326157,11:14:42.620,238.3400,9
40482620330422,11:14:42.620,238.3400,90
40507836255576,11:15:07.836,238.3600,1
40520889704220,11:15:20.889,238.3600,5
40522255630498,11:15:22.255,238.3600,6
40524156052911,11:15:24.156,238.3800,6
40551398742806,11:15:51.398,238.3600,5
40551398782894,11:15:51.398,238.3400,77
40551398790120,11:15:51.398,238.3400,23
40551398790120,11:15:51.398,238.3400,5
40569897805236,11:16:09.897,238.4100,5
40600940338677,11:16:40.940,238.5700,1
40600940338677,11:16:40.940,238.5700,1
40600940355978,11:16:40.940,238.5800,100
40600940355978,11:16:40.940,238.5800,18
40600940365006,11:16:40.940,238.5800,82
40600940365006,11:16:40.940,238.5800,100
40600941507890,11:16:40.941,238.6100,5
40600941536720,11:16:40.941,238.6100,95
40600941536720,11:16:40.941,238.6100,100
40638914878175,11:17:18.914,238.5400,6
40647537803625,11:17:27.537,238.5400,8
40665469894901,11:17:45.469,238.5600,5
40666149039102,11:17:46.149,238.7000,100
40667076420475,11:17:47.076,238.7100,1
40667076444303,11:17:47.076,238.7200,100
40667076748683,11:17:47.076,238.7200,100
40676293930164,11:17:56.293,238.8300,100
40683609947122,11:18:03.609,238.8600,100
40692086712040,11:18:12.086,238.9200,100
40692086712040,11:18:12.086,238.9200,1
40761288099067,11:19:21.288,239.1500,14
40761288099067,11:19:21.288,239.1500,86
40761288125225,11:19:21.288,239.1500,14
40761288139204,11:19:21.288,239.1300,100
40761288139204,11:19:21.288,239.1300,2
40761288603240,11:19:21.288,239.1500,47
40775319825261,11:19:35.319,239.0100,100
40775319875552,11:19:35.319,239.0000,100
40775319880031,11:19:35.319,238.9900,174
40775319880499,11:19:35.319,238.9900,26
40791361559678,11:19:51.361,239.0400,7
40796036633683,11:19:56.036,239.0400,6
40812032098670,11:20:12.032,239.2900,300
40812032098670,11:20:12.032,239.3000,1
40812032114319,11:20:12.032,239.3000,99
40812032114319,11:20:12.032,239.3000,27
40812032116133,11:20:12.032,239.3000,50
40812032119142,11:20:12.032,239.3000,23
40812032119142,11:20:12.032,239.3000,1
40812032119142,11:20:12.032,239.3000,100
40812032119142,11:20:12.032,239.3000,100
40812032119142,11:20:12.032,239.3000,77
40812032120443,11:20:12.032,239.3000,23
40812115920650,11:20:12.115,239.2800,100
40812118110078,11:20:12.118,239.3000,100
40814850332350,11:20:14.850,239.0100,26
40814850337539,11:20:14.850,239.0100,62
40814850350837,11:20:14.850,239.0100,12
40814850374873,11:20:14.850,238.9500,100
40814851030081,11:20:14.851,239.0900,200
40814880355706,11:20:14.880,238.9300,100
40814880411062,11:20:14.880,239.0100,200
40814979196668,11:20:14.979,238.9300,100
40814979338846,11:20:14.979,238.8800,100
40814979969516,11:20:14.979,238.8100,30
40859321218645,11:20:59.321,238.7750,200
40860761393690,11:21:00.761,238.7750,200
40860762594315,11:21:00.762,238.7000,50
40860762837247,11:21:00.762,238.7400,50
40860762837247,11:21:00.762,238.7800,50
40860762911467,11:21:00.762,238.7800,50
40860762911467,11:21:00.762,238.7800,15
40861601521032,11:21:01.601,238.7600,4
40863069533890,11:21:03.069,238.7600,100
40863069926170,11:21:03.069,238.7600,100
40863069932719,11:21:03.069,238.7600,23
40863069936107,11:21:03.069,238.7600,77
40867620749751,11:21:07.620,238.8900,21
40867620755506,11:21:07.620,238.8900,79
40867620755506,11:21:07.620,238.8900,21
40867620767354,11:21:07.620,238.8900,79
40905234684129,11:21:45.234,239.0300,1
40931576725815,11:22:11.576,238.9400,300
40934516637078,11:22:14.516,238.9100,8
40939188993478,11:22:19.188,238.9100,9
40949301992577,11:22:29.301,239.0600,1
40949302042302,11:22:29.302,239.0700,100
40949302063101,11:22:29.302,239.1200,22
40949302071629,11:22:29.302,239.1200,78
40949302071629,11:22:29.302,239.1200,22
40949302101199,11:22:29.302,239.1200,65
40949302107626,11:22:29.302,239.1200,13
40949302107626,11:22:29.302,239.1200,65
40949302112755,11:22:29.302,239.1200,5
40949302121049,11:22:29.302,239.1200,11
40949302311064,11:22:29.302,239.1200,13
40949302515278,11:22:29.302,239.1200,6
40949302890994,11:22:29.302,239.1200,20
40969837732033,11:22:49.837,238.9600,100
40983973563565,11:23:03.973,238.9800,100
40983973563565,11:23:03.973,238.9700,4
40983973573120,11:23:03.973,238.9700,96
40983973574751,11:23:03.973,238.9700,96
40983973781342,11:23:03.973,238.9700,4
40983973781342,11:23:03.973,238.9700,100
40983973781342,11:23:03.973,238.9600,46
40984071834355,11:23:04.071,238.9600,54
40984071834355,11:23:04.071,238.9600,46
40984072210881,11:23:04.072,238.9600,54
40984072210881,11:23:04.072,238.9600,46
40984072266374,11:23:04.072,238.9600,54
40984072266374,11:23:04.072,238.9500,46
40984072292828,11:23:04.072,238.9600,54
40984072407617,11:23:04.072,238.9600,46
40984072407617,11:23:04.072,238.9600,4
40984072575220,11:23:04.072,238.9500,54
40985258707377,11:23:05.258,239.1300,7
40985259134224,11:23:05.259,239.1400,100
40985260282481,11:23:05.260,239.1500,79
40985260408736,11:23:05.260,239.1500,21
40985260408736,11:23:05.260,239.1500,7
40985262910421,11:23:05.262,239.1500,100
41008968156650,11:23:28.968,239.2400,100
41081646450655,11:24:41.646,239.0600,150
41081646450655,11:24:41.646,239.0600,50
41081646645912,11:24:41.646,239.0600,50
41081646645912,11:24:41.646,239.0500,100
41081646645912,11:24:41.646,239.0500,100
41081646645912,11:24:41.646,239.0500,50
41081646647944,11:24:41.646,239.0500,50
41081646647944,11:24:41.646,239.0500,108
41081646657444,11:24:41.646,239.0500,63
41081646661298,11:24:41.646,239.0500,23
41082029168230,11:24:42.029,239.0500,200
41082030073024,11:24:42.030,239.0500,25
41103629573290,11:25:03.629,238.9800,50
41142270935023,11:25:42.270,239.0200,100
41145533093643,11:25:45.533,239.0200,100
41145533098785,11:25:45.533,239.0100,100
41145533301972,11:25:45.533,238.9800,4
41145533323454,11:25:45.533,238.9800,36
41148491323433,11:25:48.491,238.9700,4
41185535215845,11:26:25.535,239.0200,20
41185535215845,11:26:25.535,239.0200,81
41185535223541,11:26:25.535,239.0200,19
41185535223541,11:26:25.535,239.0200,81
41185535231606,11:26:25.535,239.0200,19
41185535231606,11:26:25.535,239.0200,100
41185535231606,11:26:25.535,239.0200,2
41185536260243,11:26:25.536,239.1100,100
41185536289814,11:26:25.536,239.1200,100
41221499269231,11:27:01.499,239.1500,100
41221499269231,11:27:01.499,239.1500,100
41221499370507,11:27:01.499,239.1500,2
41221499396015,11:27:01.499,239.1500,98
41221500879674,11:27:01.500,239.1500,100
41221505607060,11:27:01.505,239.1900,100
41252951947036,11:27:32.951,239.0900,1
41324560250271,11:28:44.560,239.2400,1
41324560250271,11:28:44.560,239.2400,1
41324985393030,11:28:44.985,239.2800,35
41324985799090,11:28:44.985,239.2800,65
41324987680576,11:28:44.987,239.3400,100
41324987973393,11:28:44.987,239.3400,100
41324987988396,11:28:44.987,239.3400,77
41324987994666,11:28:44.987,239.3400,23
41324988425531,11:28:44.988,239.3500,2
41324988458124,11:28:44.988,239.3500,62
41324988463936,11:28:44.988,239.3500,11
41324988702747,11:28:44.988,239.3500,25
41324988742651,11:28:44.988,239.3600,13
41324995157496,11:28:44.995,239.3500,1
41359425153612,11:29:19.425,239.3500,24
41372837370960,11:29:32.837,239.3300,39
41373032996971,11:29:33.032,239.3800,100
41373032996971,11:29:33.032,239.3800,30
41373033023911,11:29:33.033,239.3800,170
41373033034755,11:29:33.033,239.3800,62
41373033038977,11:29:33.033,239.3800,38
41373033118190,11:29:33.033,239.3900,100
41373033127340,11:29:33.033,239.3900,56
41373033274792,11:29:33.033,239.3900,29
41373033283364,11:29:33.033,239.3900,15
41373033347521,11:29:33.033,239.4000,29
41373033397793,11:29:33.033,239.4000,62
41373033425477,11:29:33.033,239.4000,9
41373034081424,11:29:33.034,239.4200,50
41373034128801,11:29:33.034,239.4200,47
41373269801068,11:29:33.269,239.5000,50
41421722894568,11:30:21.722,239.5300,100
41421723120512,11:30:21.723,239.5300,100
41428206870591,11:30:28.206,239.4500,100
41428206913681,11:30:28.206,239.4400,200
41428206924875,11:30:28.206,239.4300,100
41429109503626,11:30:29.109,239.3200,4
41473945977325,11:31:13.945,239.4900,1
41473946005114,11:31:13.946,239.5000,1
41473946115660,11:31:13.946,239.5100,72
41473946136952,11:31:13.946,239.5100,28
41476666726500,11:31:16.666,239.6000,200
41476666726500,11:31:16.666,239.6000,33
41476666827027,11:31:16.666,239.6000,67
41521053572268,11:32:01.053,239.5900,50
41521053572268,11:32:01.053,239.5700,66
41521053865528,11:32:01.053,239.5500,50
41521053885661,11:32:01.053,239.5500,50
41547721218584,11:32:27.721,239.4800,1
41588338015143,11:33:08.338,239.6600,1
41588338518755,11:33:08.338,239.6700,1
41612315831282,11:33:32.315,239.6700,6
41616791375461,11:33:36.791,239.8000,99
41616791385756,11:33:36.791,239.8000,1
41616791385756,11:33:36.791,239.8000,4
41616791399353,11:33:36.791,239.8700,6
41673004708026,11:34:33.004,239.7800,5
41683512078366,11:34:43.512,239.9100,1
41732783997391,11:35:32.783,239.8400,1
41732783997391,11:35:32.783,239.8400,99
41732784110658,11:35:32.784,239.8400,101
41732786166887,11:35:32.786,239.7700,100
41732786166887,11:35:32.786,239.7700,100
41752669957476,11:35:52.669,239.7800,100
41765320919541,11:36:05.320,239.7700,50
41765320919541,11:36:05.320,239.8000,50
41765320990377,11:36:05.320,239.8000,15
41841989857067,11:37:21.989,239.8300,23
41841989897131,11:37:21.989,239.8300,77
41843284238871,11:37:23.284,239.9200,100
41843284238871,11:37:23.284,239.9200,100
41843284354599,11:37:23.284,239.9200,22
41843284382024,11:37:23.284,239.9200,78
41843284391375,11:37:23.284,239.9200,100
41843284403011,11:37:23.284,239.9200,78
41843285451697,11:37:23.285,239.9200,6
41846288396890,11:37:26.288,239.8600,100
41846288396890,11:37:26.288,239.8600,12
41846288422948,11:37:26.288,239.8500,100
41846288428367,11:37:26.288,239.8500,100
41846288502506,11:37:26.288,239.7900,100
41846288510782,11:37:26.288,239.7900,100
41846288526986,11:37:26.288,239.7900,100
41847294993447,11:37:27.294,239.7500,2
41847296112058,11:37:27.296,239.8200,50
41882910656175,11:38:02.910,239.8800,1
41882910971001,11:38:02.910,239.9000,1
41882910994148,11:38:02.910,239.9100,100
41901094997052,11:38:21.094,239.9700,100
41901095036931,11:38:21.095,239.9700,89
41901095043171,11:38:21.095,239.9700,11
41901095043171,11:38:21.095,239.9700,10
41901095048762,11:38:21.095,239.9700,90
41901099228156,11:38:21.099,239.9800,100
41901099228156,11:38:21.099,239.9800,100
41901099266022,11:38:21.099,240.0000,1
41964325222954,11:39:24.325,240.0000,10
41964325248401,11:39:24.325,240.0000,40
42022204008284,11:40:22.204,240.1300,18
42022204498470,11:40:22.204,240.1300,44
42022204505460,11:40:22.204,240.1300,35
42022204509552,11:40:22.204,240.1300,3
42022204509552,11:40:22.204,240.1300,32
42022204986169,11:40:22.204,240.1300,4
42022209803553,11:40:22.209,240.1500,79
42093421920221,11:41:33.421,240.1700,50
42093421920221,11:41:33.421,240.1700,20
42146924111559,11:42:26.924,240.1500,200
42154956181938,11:42:34.956,240.0800,1
42155452223619,11:42:35.452,240.1900,45
42155452417029,11:42:35.452,240.1900,45
42155452442135,11:42:35.452,240.1900,55
42164740037999,11:42:44.740,240.2000,100
42164740611253,11:42:44.740,240.2100,19
42164741520946,11:42:44.741,240.2100,1
42164741520946,11:42:44.741,240.2100,1
42164741520946,11:42:44.741,240.2100,98
42164741738775,11:42:44.741,240.2100,2
42164741738775,11:42:44.741,240.2100,98
42164744774280,11:42:44.744,240.2100,1
42164745035480,11:42:44.745,240.2100,1
42164751125543,11:42:44.751,240.2200,1
42164763267925,11:42:44.763,240.2100,1
42164826643398,11:42:44.826,240.1100,1
42164847406283,11:42:44.847,240.1400,1
42164876087384,11:42:44.876,240.1300,70
42171325604631,11:42:51.325,240.2300,100
42177722047518,11:42:57.722,240.3300,1
42177722047518,11:42:57.722,240.4100,29
42237724635998,11:43:57.724,240.3200,50
42237724635998,11:43:57.724,240.3300,1
42237724635998,11:43:57.724,240.3300,1
42237724635998,11:43:57.724,240.3700,100
42237724635998,11:43:57.724,240.3900,48
42269475245862,11:44:29.475,240.3300,1
42278380968376,11:44:38.380,240.2800,45
42297726986696,11:44:57.726,240.3800,50
42297726986696,11:44:57.726,240.4000,50
42300541943867,11:45:00.541,240.4000,1
42300543487339,11:45:00.543,240.4000,100
42300545127462,11:45:00.545,240.4100,18
42300545159127,11:45:00.545,240.4100,82
42300545179651,11:45:00.545,240.4100,100
42300545475534,11:45:00.545,240.4100,33
42300545501592,11:45:00.545,240.4100,67
42300545502871,11:45:00.545,240.4100,34
42300545522348,11:45:00.545,240.4100,37
42300545522348,11:45:00.545,240.4100,30
42300546863969,11:45:00.546,240.4100,70
42300551027425,11:45:00.551,240.3700,100
42300551095838,11:45:00.551,240.3500,40
42300551621891,11:45:00.551,240.2700,100
42300551698250,11:45:00.551,240.2700,100
42309468154161,11:45:09.468,240.2300,100
42357729293937,11:45:57.729,240.3600,100
42357729293937,11:45:57.729,240.4000,100
42403563232374,11:46:43.563,240.3900,100
42403563232374,11:46:43.563,240.3900,50
42403563232374,11:46:43.563,240.3900,50
42403563232374,11:46:43.563,240.3900,100
42403563953302,11:46:43.563,240.4000,20
42403563953302,11:46:43.563,240.4000,20
42403564262638,11:46:43.564,240.4100,3
42403564593196,11:46:43.564,240.4100,100
42403564649107,11:46:43.564,240.4100,2
42403569710472,11:46:43.569,240.3400,5
42403569743594,11:46:43.569,240.3400,10
42411140808578,11:46:51.140,240.3700,65
42417731205318,11:46:57.731,240.4000,100
42417731286733,11:46:57.731,240.4000,5
42447101316634,11:47:27.101,240.4100,80
42453140631210,11:47:33.140,240.4100,20
42453140631210,11:47:33.140,240.4100,32
42460983396154,11:47:40.983,240.3600,103
42462188421841,11:47:42.188,240.3300,100
42462188421841,11:47:42.188,240.3300,100
42462189032633,11:47:42.189,240.3000,100
42462191642205,11:47:42.191,240.4100,100
42462191708095,11:47:42.191,240.4400,100
42462192049679,11:47:42.192,240.4400,100
42462192419927,11:47:42.192,240.4400,5
42462192419927,11:47:42.192,240.4400,20
42462192419927,11:47:42.192,240.4400,75
42496295449414,11:48:16.295,240.3100,200
42496298688948,11:48:16.298,240.3500,100
42496298749035,11:48:16.298,240.3500,50
42496298749035,11:48:16.298,240.3800,45
42525243312432,11:48:45.243,240.4400,1
42525243367493,11:48:45.243,240.4600,100
42525244693152,11:48:45.244,240.4700,100
42525244693152,11:48:45.244,240.4700,100
42525244724328,11:48:45.244,240.4700,100
42525248389117,11:48:45.248,240.5000,100
42525248424510,11:48:45.248,240.5000,6
42530496655099,11:48:50.496,240.4900,100
42530496776765,11:48:50.496,240.4900,36
42535258903536,11:48:55.258,240.4500,100
42535258903536,11:48:55.258,240.4500,100
42535258936675,11:48:55.258,240.4500,100
42535258936675,11:48:55.258,240.4500,100
42535258966983,11:48:55.258,240.4900,66
42535258966983,11:48:55.258,240.4900,100
42535258975615,11:48:55.258,240.4400,100
42557623176645,11:49:17.623,240.5000,50
42557623231919,11:49:17.623,240.5000,50
42575093390024,11:49:35.093,240.4600,200
42575093390024,11:49:35.093,240.4600,100
42575094297716,11:49:35.094,240.3600,100
42575094297716,11:49:35.094,240.3500,100
42613505233409,11:50:13.505,240.3200,200
42613505298636,11:50:13.505,240.2700,95
42613505325429,11:50:13.505,240.2700,105
42613505358225,11:50:13.505,240.3200,30
42613505358225,11:50:13.505,240.2700,100
42657739551845,11:50:57.739,240.4400,50
42657739551845,11:50:57.739,240.4400,50
42657739625731,11:50:57.739,240.4300,50
42657739625731,11:50:57.739,240.4500,50
42717741527774,11:51:57.741,240.3800,50
42717741527774,11:51:57.741,240.4300,50
42718818777423,11:51:58.818,240.2700,3
42718818800732,11:51:58.818,240.2800,100
42718819080564,11:51:58.819,240.2700,21
42718819179690,11:51:58.819,240.2400,100
42718819223698,11:51:58.819,240.2300,19
42718821774992,11:51:58.821,240.2900,100
42718822248643,11:51:58.822,240.3100,5
42718822272631,11:51:58.822,240.3100,10
42718822302840,11:51:58.822,240.3100,10
42777742896033,11:52:57.742,240.4300,5
42777742896033,11:52:57.742,240.4300,5
42777742896033,11:52:57.742,240.4300,90
42777742955295,11:52:57.742,240.4300,10
42777742955295,11:52:57.742,240.4300,6
42777744493323,11:52:57.744,240.4400,2
42777744503870,11:52:57.744,240.4500,100
42777744505867,11:52:57.744,240.4500,7
42777744509402,11:52:57.744,240.4500,93
42777744549672,11:52:57.744,240.4600,2
42777745625239,11:52:57.745,240.4300,100
42777745996307,11:52:57.745,240.4600,10
42777746036649,11:52:57.746,240.4600,40
42834395206866,11:53:54.395,240.4600,7
42834395232921,11:53:54.395,240.4600,93
42834395232921,11:53:54.395,240.4600,1
42834395247915,11:53:54.395,240.4600,94
42834395364564,11:53:54.395,240.4600,28
42834395595966,11:53:54.395,240.4600,25
42839644357190,11:53:59.644,240.5400,100
42870254545419,11:54:30.254,240.4300,11
42897747527791,11:54:57.747,240.5200,100
42936584945772,11:55:36.584,240.5400,100
42936584945772,11:55:36.584,240.5400,1
42936584945772,11:55:36.584,240.5400,100
42936584945772,11:55:36.584,240.5400,28
42936584974074,11:55:36.584,240.5400,72
42936584978778,11:55:36.584,240.5400,72
42936585656718,11:55:36.585,240.5600,1
42936588103905,11:55:36.588,240.5400,28
42936619140346,11:55:36.619,240.5700,16
42936620084194,11:55:36.620,240.5700,84
42936654664337,11:55:36.654,240.5700,1
42957749016519,11:55:57.749,240.6500,50
42957749016519,11:55:57.749,240.6500,50
42957749089210,11:55:57.749,240.6600,2
42957749089210,11:55:57.749,240.6600,98
43013321469301,11:56:53.321,240.6600,1
43013321469301,11:56:53.321,240.6600,4
43013328154950,11:56:53.328,240.6600,100
43013356176824,11:56:53.356,240.6600,96
43017692655639,11:56:57.692,240.5900,100
43017692655639,11:56:57.692,240.5900,100
43017693771620,11:56:57.693,240.5900,25
43075815246757,11:57:55.815,240.6800,15
43075821625601,11:57:55.821,240.6000,65
43077753867774,11:57:57.753,240.7300,100
43077753867774,11:57:57.753,240.7300,100
43077879928888,11:57:57.879,240.7400,1
43081009968546,11:58:01.009,240.7500,85
43081009990823,11:58:01.009,240.7500,15
43081010001425,11:58:01.010,240.7500,15
43081010005874,11:58:01.010,240.7500,15
43089239308130,11:58:09.239,240.7400,46
43137755654533,11:58:57.755,240.7500,1
43137755654533,11:58:57.755,240.7600,99
43137755701677,11:58:57.755,240.7600,1
43137755701677,11:58:57.755,240.7600,4
43137755706418,11:58:57.755,240.7600,1
43137757346846,11:58:57.757,240.7600,95
43137757346846,11:58:57.757,240.7700,5
43137757374085,11:58:57.757,240.7700,95
43149282034074,11:59:09.282,240.7600,50
43149282034074,11:59:09.282,240.7500,59
43149282074286,11:59:09.282,240.7500,5
43149282099715,11:59:09.282,240.7500,36
43153330581417,11:59:13.330,240.7600,5
43168975115630,11:59:28.975,240.7800,1
43188731774697,11:59:48.731,240.8100,5
43188785850353,11:59:48.785,240.7100,100
43197619549577,11:59:57.619,240.8100,6
43197757698682,11:59:57.757,240.8000,100
43197900271704,11:59:57.900,240.8100,89
43197921620763,11:59:57.921,240.8300,5
43205421278767,12:00:05.421,240.8300,5
43205421289526,12:00:05.421,240.8300,17
43206140238132,12:00:06.140,240.8600,1
43211248329086,12:00:11.248,240.8800,8
43211248364039,12:00:11.248,240.8800,83
43211248381137,12:00:11.248,240.8800,9
43212582240636,12:00:12.582,240.9100,5
43212582267974,12:00:12.582,240.9100,95
43212582336703,12:00:12.582,240.9100,100
43212901616137,12:00:12.901,240.9100,5
43212902777923,12:00:12.902,240.9100,95
43212902777923,12:00:12.902,240.9100,100
43212902777923,12:00:12.902,240.9100,1
43213131722000,12:00:13.131,240.9100,5
43213537094024,12:00:13.537,240.9100,95
43213537094024,12:00:13.537,240.9100,5
43228840403860,12:00:28.840,240.9100,5
43229100455833,12:00:29.100,240.9100,8
43229678406566,12:00:29.678,240.9100,5
43230850802580,12:00:30.850,240.9100,10
43247964938343,12:00:47.964,240.9100,8
43250559907043,12:00:50.559,240.9100,8
43252073549876,12:00:52.073,240.9100,6
43257760787431,12:00:57.760,240.9100,45
43257760787431,12:00:57.760,240.9300,55
43257760865183,12:00:57.760,240.9300,45
43257760865183,12:00:57.760,240.9500,55
43257760893402,12:00:57.760,240.9500,45
43257760893402,12:00:57.760,240.9500,1
43257760923019,12:00:57.760,240.9500,46
43257824878822,12:00:57.824,240.8600,100
43257824878822,12:00:57.824,240.8500,100
43277689006125,12:01:17.689,240.9800,7
43292588121620,12:01:32.588,240.7800,85
43292588162878,12:01:32.588,240.7800,15
43295700597047,12:01:35.700,240.7200,100
43295700601514,12:01:35.700,240.7100,100
43295700609113,12:01:35.700,240.7000,115
43295700618806,12:01:35.700,240.7000,9
43295700619362,12:01:35.700,240.7000,55
43295700634037,12:01:35.700,240.7000,777
43295701799624,12:01:35.701,240.7000,6
43315640690263,12:01:55.640,240.6300,100
43317916629024,12:01:57.916,240.7100,50
43317916629024,12:01:57.916,240.7200,50
43417986146418,12:03:37.986,240.6200,100
43417986493587,12:03:37.986,240.6300,10
43417986535355,12:03:37.986,240.6300,30
43417986612724,12:03:37.986,240.6300,60
43417986612724,12:03:37.986,240.6300,40
43418016246674,12:03:38.016,240.6300,32
43419510493944,12:03:39.510,240.6100,100
43419511029110,12:03:39.511,240.5800,100
43419511029110,12:03:39.511,240.5700,100
43419511059415,12:03:39.511,240.5700,61
43419511125527,12:03:39.511,240.5700,39
43456790145458,12:04:16.790,240.6500,100
43456790145458,12:04:16.790,240.6700,50
43456790145458,12:04:16.790,240.6800,100
43456790145458,12:04:16.790,240.6800,1
43456790145458,12:04:16.790,240.6800,2
43456790679661,12:04:16.790,240.7100,100
43456918909468,12:04:16.918,240.7500,100
43456918934250,12:04:16.918,240.7500,100
43457120112535,12:04:17.120,240.7600,100
43457120112535,12:04:17.120,240.7200,50
43457120112535,12:04:17.120,240.7100,100
43457120941687,12:04:17.120,240.6900,200
43457121027942,12:04:17.121,240.6800,15
43457121603302,12:04:17.121,240.6800,350
43457121630285,12:04:17.121,240.6800,82
43457121630285,12:04:17.121,240.6800,100
43549457415172,12:05:49.457,240.6000,13
43549460235387,12:05:49.460,240.5900,20
43743696102597,12:09:03.696,240.7400,1
43743696102597,12:09:03.696,240.7400,2
43743696102597,12:09:03.696,240.7400,1
43743696120377,12:09:03.696,240.7500,100
43743696168862,12:09:03.696,240.7700,100
43743696709898,12:09:03.696,240.7800,45
43743696713312,12:09:03.696,240.7800,55
43743696809194,12:09:03.696,240.7800,100
43744179884791,12:09:04.179,240.8100,50
43744179937305,12:09:04.179,240.8100,50
43798693840847,12:09:58.693,240.8900,100
43798693932586,12:09:58.693,240.9000,98
43798794260383,12:09:58.794,240.9000,2
43799121827539,12:09:59.121,240.9100,7
43799121853454,12:09:59.121,240.9100,93
43799124669950,12:09:59.124,240.9100,100
43799126039770,12:09:59.126,240.8900,100
43799126094267,12:09:59.126,240.8700,100
43799126171999,12:09:59.126,240.8700,33
43799126214936,12:09:59.126,240.8700,11
43799134511379,12:09:59.134,240.8700,56
43860175288837,12:11:00.175,240.9000,100
43860175288837,12:11:00.175,240.9100,100
43860175593551,12:11:00.175,240.9100,100
43860175593551,12:11:00.175,240.9100,100
43860175653889,12:11:00.175,240.9100,200
43860175936357,12:11:00.175,240.9100,200
43860178543280,12:11:00.178,240.9100,100
43860184725642,12:11:00.184,240.8800,11
43860435139824,12:11:00.435,240.8800,6
43860435184476,12:11:00.435,240.8800,11
43868128837949,12:11:08.128,240.9900,50
43868128837949,12:11:08.128,241.0000,50
43886215003147,12:11:26.215,240.8100,10
43886215097064,12:11:26.215,240.8000,100
43886215440843,12:11:26.215,240.7900,11
43886215638310,12:11:26.215,240.7900,89
43918040208461,12:11:58.040,240.6600,100
43918042500611,12:11:58.042,240.6400,100
43918070288332,12:11:58.070,240.6200,100
43918070288332,12:11:58.070,240.6200,100
43918071222613,12:11:58.071,240.6000,100
43918077455561,12:11:58.077,240.5200,100
43918096694543,12:11:58.096,240.5600,100
43947123967696,12:12:27.123,240.3700,100
43949119311721,12:12:29.119,240.3600,12
44115004727099,12:15:15.004,240.3300,1
44136954349368,12:15:36.954,240.4500,38
44149294164436,12:15:49.294,240.2900,1
44149294164436,12:15:49.294,240.2900,4
44149294164436,12:15:49.294,240.2700,100
44333302092224,12:18:53.302,240.1300,100
44333302143741,12:18:53.302,240.1100,8
44333389756382,12:18:53.389,240.0100,20
44333389763866,12:18:53.389,240.0000,5
44333389763866,12:18:53.389,240.0000,241
44333389775865,12:18:53.389,240.0000,119
44333389786593,12:18:53.389,239.9800,81
44333389814211,12:18:53.389,239.9800,19
44333389852197,12:18:53.389,239.9600,10
44334147723439,12:18:54.147,239.7700,100
44334858783042,12:18:54.858,239.7600,100
44334858833128,12:18:54.858,239.7600,50
44334858833128,12:18:54.858,239.7500,50
44334858859267,12:18:54.858,239.7500,50
44335149583097,12:18:55.149,239.6500,20
44335149672930,12:18:55.149,239.7300,10
44335150324835,12:18:55.150,239.6500,5
44375419792163,12:19:35.419,239.8600,24
44375419823264,12:19:35.419,239.8600,76
44375419823264,12:19:35.419,239.8600,24
44375419825598,12:19:35.419,239.8600,76
44375419825598,12:19:35.419,239.8600,1
44375419850272,12:19:35.419,239.8600,165
44375420023694,12:19:35.420,239.8600,35
44376091506520,12:19:36.091,239.9000,100
44376093873524,12:19:36.093,239.9100,100
44415238529927,12:20:15.238,239.9500,100
44415238608619,12:20:15.238,240.0300,100
44416039211917,12:20:16.039,240.1000,100
44501483911566,12:21:41.483,240.0400,5
44501484347887,12:21:41.484,240.0000,100
44501484347887,12:21:41.484,240.0000,1
44501484347887,12:21:41.484,240.0000,1
44501484727667,12:21:41.484,239.9200,100
44501491848864,12:21:41.491,239.9200,7
44501492048182,12:21:41.492,239.9200,2
44529167459622,12:22:09.167,240.1100,1
44529167663200,12:22:09.167,240.1200,1
44565069748126,12:22:45.069,240.0300,5
44589021642993,12:23:09.021,239.9200,6
44589100253519,12:23:09.100,239.7700,100
44592281810728,12:23:12.281,239.9100,100
44592292961043,12:23:12.292,239.9100,1
44592295527591,12:23:12.295,239.9100,1
44665991642517,12:24:25.991,239.9800,17
44689263567234,12:24:49.263,240.0000,100
44689263567234,12:24:49.263,239.9400,1
44689263600595,12:24:49.263,239.9400,99
44689263600595,12:24:49.263,239.9400,1
44819242647466,12:26:59.242,240.0100,9
44822040147325,12:27:02.040,240.0300,100
44822040249187,12:27:02.040,240.0200,12
44822044055027,12:27:02.044,240.0200,20
44822044080578,12:27:02.044,240.0200,68
44822044080578,12:27:02.044,240.0200,100
44826247916387,12:27:06.247,240.0100,101
44826248018582,12:27:06.248,240.0200,1
44826248018582,12:27:06.248,240.0200,100
44826248077931,12:27:06.248,240.0300,1
44826248077931,12:27:06.248,240.0300,100
44826762091462,12:27:06.762,240.0300,43
44826829078633,12:27:06.829,239.9100,100
44876060591041,12:27:56.060,239.9100,2
44886332423841,12:28:06.332,239.9200,8
44921426886433,12:28:41.426,240.0000,1
45054685356748,12:30:54.685,240.0800,60
45054685356748,12:30:54.685,240.0800,73
45168121308801,12:32:48.121,240.0700,100
45168121332780,12:32:48.121,240.0700,33
45254420456538,12:34:14.420,239.9100,100
45254420456538,12:34:14.420,239.9100,100
45254420483041,12:34:14.420,239.9100,100
45254420531420,12:34:14.420,239.9000,74
45254420566587,12:34:14.420,239.9000,11
45254420575296,12:34:14.420,239.9000,15
45254421227007,12:34:14.421,239.8900,55
45254421227007,12:34:14.421,239.8800,60
45324650270888,12:35:24.650,239.6000,100
45367671690727,12:36:07.671,239.5100,3
45547159395479,12:39:07.159,239.4700,98
45708002595059,12:41:48.002,239.5800,100
45708002595059,12:41:48.002,239.6000,237
45708004011219,12:41:48.004,239.6000,5
45708023496660,12:41:48.023,239.4800,1
45767452520905,12:42:47.452,239.4800,8
45767454773938,12:42:47.454,239.4900,56
45768462508775,12:42:48.462,239.4900,47
45782234789936,12:43:02.234,239.4200,1
45802928600963,12:43:22.928,239.4200,1
45802928628724,12:43:22.928,239.4200,98
45802928628724,12:43:22.928,239.4200,100
45817796599877,12:43:37.796,239.4100,1
45818732883693,12:43:38.732,239.4200,1
45818732883693,12:43:38.732,239.4200,100
45818732883693,12:43:38.732,239.4200,2
45844388407571,12:44:04.388,239.1900,100
45844389189522,12:44:04.389,239.2000,100
45868308604540,12:44:28.308,239.2800,13
45880137662561,12:44:40.137,239.2400,1
45880276349400,12:44:40.276,239.2600,5
45880276359659,12:44:40.276,239.2600,5
45880276874363,12:44:40.276,239.2800,100
45880276874363,12:44:40.276,239.3000,1
45880276874363,12:44:40.276,239.3000,99
45880276886344,12:44:40.276,239.3000,1
45880276886344,12:44:40.276,239.3000,99
45880276887103,12:44:40.276,239.3000,1
45880276956826,12:44:40.276,239.3300,2
45880276959290,12:44:40.276,239.3300,60
45880276968617,12:44:40.276,239.3300,38
45880277234143,12:44:40.277,239.3300,20
45880905926171,12:44:40.905,239.3300,20
45880905926171,12:44:40.905,239.4400,100
45893327765181,12:44:53.327,239.6100,100
45893327765181,12:44:53.327,239.6200,22
45893327823499,12:44:53.327,239.6200,9
45893329787672,12:44:53.329,239.6200,69
45893329787672,12:44:53.329,239.6200,31
45893329826105,12:44:53.329,239.6200,51
45893329833561,12:44:53.329,239.6200,9
45893330029422,12:44:53.330,239.6200,9
45898839681946,12:44:58.839,239.6500,100
46018953921055,12:46:58.953,239.7300,2
46053112779310,12:47:33.112,240.0000,5
46053114111530,12:47:33.114,240.0000,11
46053114213780,12:47:33.114,240.0000,9
46059847772867,12:47:39.847,239.7600,2
46074019868742,12:47:54.019,239.9000,7
46162603644722,12:49:22.603,240.0000,1
46162603644722,12:49:22.603,240.0000,7
46286433982881,12:51:26.433,239.8000,1
46293426063667,12:51:33.426,239.7900,83
46293426103970,12:51:33.426,239.7900,5
46293426136372,12:51:33.426,239.7900,12
46490064179961,12:54:50.064,239.8800,2
46535026910697,12:55:35.026,239.8000,10
46535029599647,12:55:35.029,239.8000,50
46535029599647,12:55:35.029,239.7800,50
46535030071446,12:55:35.030,239.7800,50
46535030674676,12:55:35.030,239.7700,100
46535031620197,12:55:35.031,239.7400,2
46535432235336,12:55:35.432,239.7700,68
46625949252696,12:57:05.949,239.8400,3
46658289560492,12:57:38.289,239.9300,1
46658289560492,12:57:38.289,239.9300,1
46658289814642,12:57:38.289,239.9600,2
46658289846380,12:57:38.289,239.9700,100
46658290254918,12:57:38.290,240.0000,100
46658290260414,12:57:38.290,240.0100,100
46660365009642,12:57:40.365,240.0200,7
46756360267001,12:59:16.360,240.2700,8
46756385014854,12:59:16.385,240.1100,150
46756385068087,12:59:16.385,240.1000,41
46756385073617,12:59:16.385,240.1000,59
46756385104843,12:59:16.385,240.1000,100
46834228225227,13:00:34.228,240.0800,100
46834228427535,13:00:34.228,240.0200,57
46834228452551,13:00:34.228,240.0200,22
46834228452551,13:00:34.228,240.0200,100
46834901585686,13:00:34.901,239.9400,98
46834901612823,13:00:34.901,239.9400,2
46859653173669,13:00:59.653,240.0500,1
46911869161564,13:01:51.869,239.9400,50
46911869161564,13:01:51.869,239.9400,50
47217620553370,13:06:57.620,240.1500,100
47217620579949,13:06:57.620,240.1500,1
47217620579949,13:06:57.620,240.1500,3
47217620579949,13:06:57.620,240.1500,100
47217620579949,13:06:57.620,240.1500,1
47217620609302,13:06:57.620,240.1600,1
47217620954460,13:06:57.620,240.2500,100
47307617285997,13:08:27.617,240.2800,100
47307617342527,13:08:27.617,240.3200,30
47307617375209,13:08:27.617,240.3200,10
47307617375209,13:08:27.617,240.3200,1
47307617384240,13:08:27.617,240.3400,1
47456680972795,13:10:56.680,240.3700,1
47521726503049,13:12:01.726,240.4600,6
47521726525583,13:12:01.726,240.4700,1
47521726525583,13:12:01.726,240.4700,87
47521726551152,13:12:01.726,240.4700,13
47521726836281,13:12:01.726,240.4700,30
47521726921683,13:12:01.726,240.4800,11
47521726937995,13:12:01.726,240.4800,89
47521726961240,13:12:01.726,240.4900,1
47521972748974,13:12:01.972,240.4600,10
47591357002984,13:13:11.357,240.4500,75
47591357002984,13:13:11.357,240.3500,25
47591357035674,13:13:11.357,240.3500,75
47591357549142,13:13:11.357,240.3300,100
47592882837401,13:13:12.882,240.2700,100
47620867165037,13:13:40.867,240.3000,100
47711690322363,13:15:11.690,240.4600,101
47769420488048,13:16:09.420,240.1700,25
47769420488048,13:16:09.420,240.1400,25
47769420488048,13:16:09.420,240.0900,50
47781539955208,13:16:21.539,240.2500,29
47997700025171,13:19:57.700,240.2000,32
47997700338044,13:19:57.700,240.2000,68
47997700338044,13:19:57.700,240.2300,100
47997700338044,13:19:57.700,240.2300,32
47997700369618,13:19:57.700,240.2300,68
47997700659813,13:19:57.700,240.2600,3
47997700659813,13:19:57.700,240.2600,1
47997700659813,13:19:57.700,240.2600,64
47997700705181,13:19:57.700,240.2600,19
47997700769579,13:19:57.700,240.2600,17
47998221126424,13:19:58.221,240.3900,60
47998462767960,13:19:58.462,240.5100,100
47998465855384,13:19:58.465,240.5300,100
47998516462255,13:19:58.516,240.6200,100
47999124363633,13:19:59.124,240.6200,50
47999124363633,13:19:59.124,240.6000,50
48005013334272,13:20:05.013,240.6300,38
48011289100535,13:20:11.289,240.6600,75
48011294237541,13:20:11.294,240.6600,100
48011294263892,13:20:11.294,240.6600,100
48011295901425,13:20:11.295,240.6100,100
48040217972729,13:20:40.217,240.5000,100
48040218035760,13:20:40.218,240.4900,100
48045854063305,13:20:45.854,240.3700,5
48045854121326,13:20:45.854,240.3700,95
48072493175818,13:21:12.493,240.5000,1
48072493175818,13:21:12.493,240.5000,20
48244461500162,13:24:04.461,240.6050,100
48248047571424,13:24:08.047,240.6050,93
48248047571424,13:24:08.047,240.6000,6
48585376179767,13:29:45.376,240.8900,34
48585376179767,13:29:45.376,240.8900,3
48585376179767,13:29:45.376,240.8900,2
48585376219282,13:29:45.376,240.8900,97
48585376228230,13:29:45.376,240.8900,1
48585376228230,13:29:45.376,240.8900,2
48585376233712,13:29:45.376,240.8900,3
48585376244551,13:29:45.376,240.8900,3
48585376253591,13:29:45.376,240.8900,84
48585376253591,13:29:45.376,240.8400,16
48619726930434,13:30:19.726,240.8500,100
48619726930434,13:30:19.726,240.8500,2
48619727427292,13:30:19.727,240.8900,30
48664807006579,13:31:04.807,240.9900,26
48664807006579,13:31:04.807,240.9900,1
48664807006579,13:31:04.807,240.9900,1
48664807006579,13:31:04.807,240.9900,72
48664807033803,13:31:04.807,240.9900,28
48664807033803,13:31:04.807,240.9900,1
48664807033803,13:31:04.807,240.9900,100
48664807040870,13:31:04.807,240.9900,100
48664807092017,13:31:04.807,241.0000,50
48664807092017,13:31:04.807,241.0000,5
48768976330618,13:32:48.976,241.1000,3
48768976330618,13:32:48.976,241.1000,20
48857989983793,13:34:17.989,241.2000,1
48857989983793,13:34:17.989,241.2000,1
48861972333203,13:34:21.972,241.2600,1
48861972357414,13:34:21.972,241.2700,100
48887264815786,13:34:47.264,241.1100,3
48953977864571,13:35:53.977,241.3400,1
48981008798718,13:36:21.008,241.4200,1
48981008974066,13:36:21.008,241.4200,2
48981009117550,13:36:21.009,241.4300,2
48981009279665,13:36:21.009,241.4400,100
48981080426659,13:36:21.080,241.2800,10
48981080426659,13:36:21.080,241.2800,90
48981092302304,13:36:21.092,241.2700,100
48981092336893,13:36:21.092,241.2700,100
49012976881348,13:36:52.976,241.2400,2
49012976962071,13:36:52.976,241.2400,100
49012977367144,13:36:52.977,241.2400,5
49134976723816,13:38:54.976,241.2400,3
49153726340326,13:39:13.726,241.1000,38
49153726394970,13:39:13.726,241.1000,62
49153726394970,13:39:13.726,241.0900,38
49153726422819,13:39:13.726,241.0900,62
49153811975061,13:39:13.811,240.9700,44
49153812000227,13:39:13.812,240.9700,56
49153812000227,13:39:13.812,240.9700,100
49222050138061,13:40:22.050,240.9800,100
49222075475181,13:40:22.075,240.9600,1
49229653438115,13:40:29.653,241.0600,100
49229653438115,13:40:29.653,241.0600,1
49229653469395,13:40:29.653,241.0600,2
49229653770712,13:40:29.653,241.0600,200
49262241852237,13:41:02.241,241.0700,100
49378977391151,13:42:58.977,241.0900,2
49424758060494,13:43:44.758,241.1600,3
49424758079857,13:43:44.758,241.1700,2
49424758079857,13:43:44.758,241.1700,1
49424758468299,13:43:44.758,241.2000,100
49424758468299,13:43:44.758,241.2000,200
49424758837794,13:43:44.758,241.2300,96
49424758880717,13:43:44.758,241.2300,4
49430245337852,13:43:50.245,241.2500,84
49430245389455,13:43:50.245,241.2500,16
49430245389455,13:43:50.245,241.2500,2
49473829780254,13:44:33.829,241.1500,17
49501027059795,13:45:01.027,241.2100,2
49573466294443,13:46:13.466,241.1700,3
49573476565745,13:46:13.476,241.1500,5
49643714908726,13:47:23.714,241.2200,1
49643714908726,13:47:23.714,241.2200,99
49643714939118,13:47:23.714,241.2200,1
49643714963689,13:47:23.714,241.2700,1
49690789807231,13:48:10.789,241.4000,5
49690791816670,13:48:10.791,241.4100,17
49690792838048,13:48:10.792,241.4100,19
49690792893693,13:48:10.792,241.4100,64
49690792893693,13:48:10.792,241.4100,36
49690794065066,13:48:10.794,241.4100,41
49753367404324,13:49:13.367,241.3700,3
49805252374109,13:50:05.252,241.2300,105
49805252771942,13:50:05.252,241.2000,23
49805252798466,13:50:05.252,241.2000,77
49805252798466,13:50:05.252,241.2000,5
49805252824198,13:50:05.252,241.1900,200
49805253566265,13:50:05.253,241.2000,100
49805253607466,13:50:05.253,241.2000,100
49805253607466,13:50:05.253,241.2000,50
49805253629196,13:50:05.253,241.2000,50
49805254685947,13:50:05.254,241.2500,50
49805254685947,13:50:05.254,241.2500,50
49807114766325,13:50:07.114,241.1600,50
49807114766325,13:50:07.114,241.1500,50
49822266152352,13:50:22.266,241.2900,1
49944391545588,13:52:24.391,241.4300,2
49944391590381,13:52:24.391,241.4300,2
49944391669624,13:52:24.391,241.4300,100
49944392021320,13:52:24.392,241.4300,2
49944432043680,13:52:24.432,241.4300,74
49956985215985,13:52:36.985,241.4700,3
49956985240489,13:52:36.985,241.4700,97
49956985263890,13:52:36.985,241.4700,100
49956985263890,13:52:36.985,241.4700,100
49957133151420,13:52:37.133,241.4900,25
49957133151420,13:52:37.133,241.5000,75
49957133175468,13:52:37.133,241.5000,100
49957133220335,13:52:37.133,241.5600,100
49960700820226,13:52:40.700,241.5800,100
49976192527346,13:52:56.192,241.6300,60
49976192527346,13:52:56.192,241.6300,1
49976192553871,13:52:56.192,241.6000,100
49986360943051,13:53:06.360,241.5600,13
49986394246877,13:53:06.394,241.5800,13
49986394246877,13:53:06.394,241.5600,87
49986394316857,13:53:06.394,241.5600,50
49986394316857,13:53:06.394,241.5500,50
49986394386587,13:53:06.394,241.5500,50
49994314302523,13:53:14.314,241.6700,30
50048922146083,13:54:08.922,241.4800,46
50048939337738,13:54:08.939,241.5800,100
50049720416664,13:54:09.720,241.5800,1
50058828795565,13:54:18.828,241.7400,1
50058828795565,13:54:18.828,241.7400,1
50058828934014,13:54:18.828,241.7400,2
50058828977761,13:54:18.828,241.7400,2
50058828978353,13:54:18.828,241.7400,2
50059992588138,13:54:19.992,241.8200,3
50106021738162,13:55:06.021,241.6600,2
50106022322194,13:55:06.022,241.6700,100
50106022322194,13:55:06.022,241.6600,100
50106022349126,13:55:06.022,241.6600,98
50106022349126,13:55:06.022,241.6600,2
50115401002471,13:55:15.401,241.7400,5
50173016378080,13:56:13.016,241.9100,50
50173016587666,13:56:13.016,241.9700,26
50173017138500,13:56:13.017,241.9800,57
50173017143565,13:56:13.017,241.9800,43
50173017169932,13:56:13.017,241.9900,1
50173017169932,13:56:13.017,241.9900,1
50173017176139,13:56:13.017,242.0000,5
50173017187393,13:56:13.017,242.0000,35
50173017191527,13:56:13.017,242.0000,10
50173017661678,13:56:13.017,242.0100,7
50173018059525,13:56:13.018,242.0100,5
50173980712749,13:56:13.980,242.1000,88
50173980725989,13:56:13.980,242.1000,12
50336000374273,13:58:56.000,241.8300,63
50336000420315,13:58:56.000,241.8300,37
50336000420315,13:58:56.000,241.8300,5
50336000420315,13:58:56.000,241.8300,3
50402073893369,14:00:02.073,241.9700,42
50402688616819,14:00:02.688,241.9700,8
50402689043335,14:00:02.689,241.9900,1
50402689043335,14:00:02.689,242.0000,1
50402689043335,14:00:02.689,242.0000,49
50402689911016,14:00:02.689,242.0000,51
50402689911016,14:00:02.689,242.0000,1
50402690164429,14:00:02.690,242.0000,1
50407839175792,14:00:07.839,242.3900,19
50407839276178,14:00:07.839,242.3900,64
50407839315698,14:00:07.839,242.3900,17
50408536577268,14:00:08.536,242.5000,42
50408591726245,14:00:08.591,242.5000,158
50408593235761,14:00:08.593,242.5700,22
50408593562082,14:00:08.593,242.5800,91
50408593664087,14:00:08.593,242.5800,9
50408593854770,14:00:08.593,242.6000,20
50408593950319,14:00:08.593,242.6000,30
50411219683720,14:00:11.219,242.7900,55
50411220133986,14:00:11.220,242.8800,59
50411221626008,14:00:11.221,242.8500,100
50411223023530,14:00:11.223,242.7300,7
50411223098185,14:00:11.223,242.7300,43
50413010238238,14:00:13.010,242.7000,37
50413010254961,14:00:13.010,242.7000,63
50413010254961,14:00:13.010,242.7300,37
50413011453958,14:00:13.011,242.7300,20
50413011453958,14:00:13.011,242.7300,80
50413011839582,14:00:13.011,242.7300,20
50413011839582,14:00:13.011,242.7300,1
50413015520834,14:00:13.015,242.8800,42
50416528989085,14:00:16.528,242.7100,7
50416583073942,14:00:16.583,242.8400,9
50418068319782,14:00:18.068,242.6700,3
50463377232594,14:01:03.377,242.7800,7
50466362707347,14:01:06.362,242.8800,7
50471145168384,14:01:11.145,242.5800,100
50471145179653,14:01:11.145,242.5800,2
50471145179653,14:01:11.145,242.5800,98
50471145181674,14:01:11.145,242.5800,2
50471145181674,14:01:11.145,242.5700,100
50471145236009,14:01:11.145,242.5000,83
50471145255557,14:01:11.145,242.5000,17
50471152862359,14:01:11.152,242.4300,100
50471152862359,14:01:11.152,242.4300,100
50537986215163,14:02:17.986,242.5700,2
50538530503963,14:02:18.530,242.3800,50
50538530558350,14:02:18.530,242.3200,5
50538530558350,14:02:18.530,242.3200,95
50538530568242,14:02:18.530,242.3200,5
50538530940657,14:02:18.530,242.2900,54
50538530948211,14:02:18.530,242.2900,41
50538531078087,14:02:18.531,242.2900,5
50558176638197,14:02:38.176,242.4600,74
50615082441043,14:03:35.082,242.6800,1
50615082441043,14:03:35.082,242.6800,4
50615082490347,14:03:35.082,242.6800,1
50615083350239,14:03:35.083,242.6800,95
50615084175683,14:03:35.084,242.7400,40
50615084200661,14:03:35.084,242.7400,55
50615084201290,14:03:35.084,242.7400,45
50615088146669,14:03:35.088,242.6800,6
50615088810725,14:03:35.088,242.6800,19
50615090228932,14:03:35.090,242.6800,5
50615090228932,14:03:35.090,242.7100,10
50615090323013,14:03:35.090,242.6800,10
50615304265240,14:03:35.304,242.5000,100
50615304594768,14:03:35.304,242.4800,100
50615304664731,14:03:35.304,242.4800,100
50615313630018,14:03:35.313,242.3400,50
50615314639896,14:03:35.314,242.2100,100
50621096100713,14:03:41.096,242.2600,50
50621128236121,14:03:41.128,242.0100,70
50621128236121,14:03:41.128,241.9300,30
50634984989858,14:03:54.984,242.1400,35
50635014425913,14:03:55.014,241.9700,2
50683807463206,14:04:43.807,242.6300,62
50683807503984,14:04:43.807,242.6300,38
50683807503984,14:04:43.807,242.6300,62
50683807542962,14:04:43.807,242.6300,38
50683807542962,14:04:43.807,242.6400,9
50683807568315,14:04:43.807,242.6400,38
50683807880078,14:04:43.807,242.6400,53
50683808827511,14:04:43.808,242.6400,5
50732064035525,14:05:32.064,242.7300,200
50878893388212,14:07:58.893,242.5200,100
50878893600238,14:07:58.893,242.5200,3
50878893600238,14:07:58.893,242.5200,17
50878893600238,14:07:58.893,242.5200,7
50878893861435,14:07:58.893,242.4900,29
50878894011535,14:07:58.894,242.4900,56
50878894012240,14:07:58.894,242.4900,15
50878894249867,14:07:58.894,242.4600,24
50878895246259,14:07:58.895,242.4600,76
50878895653756,14:07:58.895,242.4600,24
50878896239436,14:07:58.896,242.4600,5
50878896260580,14:07:58.896,242.4600,8
50878896359803,14:07:58.896,242.4600,87
50878953857389,14:07:58.953,242.3700,100
50930766207079,14:08:50.766,242.6000,68
50930766220009,14:08:50.766,242.6000,32
50933141758896,14:08:53.141,242.6000,100
50984285933308,14:09:44.285,242.2100,100
51004211504765,14:10:04.211,242.5300,100
51004211504765,14:10:04.211,242.5800,6
51004211532684,14:10:04.211,242.5800,94
51004211532684,14:10:04.211,242.5800,1
51004211532684,14:10:04.211,242.5800,5
51004211761593,14:10:04.211,242.5400,15
51049268191637,14:10:49.268,242.7100,15
51049268191637,14:10:49.268,242.8900,85
51049268258412,14:10:49.268,242.8900,15
51049268444595,14:10:49.268,242.8900,15
51049268563197,14:10:49.268,242.8900,85
51049320508163,14:10:49.320,242.8600,100
51051517863884,14:10:51.517,242.9600,100
51051517921965,14:10:51.517,243.0000,5
51051518434136,14:10:51.518,243.0100,80
51051518436831,14:10:51.518,243.0100,20
51051518448031,14:10:51.518,243.0500,26
51051518457759,14:10:51.518,243.0500,74
51055056670778,14:10:55.056,243.1600,100
51055056670778,14:10:55.056,243.1600,100
51117551404209,14:11:57.551,243.5000,50
51117551493344,14:11:57.551,243.5100,30
51146487099006,14:12:26.487,243.6400,100
51155628221654,14:12:35.628,243.5500,49
51155628245813,14:12:35.628,243.5500,21
51156637245230,14:12:36.637,243.6600,1
51156637454095,14:12:36.637,243.6700,1
51156637454095,14:12:36.637,243.6700,1
51156637471797,14:12:36.637,243.6700,31
51156637481612,14:12:36.637,243.6700,19
51156637489952,14:12:36.637,243.6700,49
51156637489952,14:12:36.637,243.6800,20
51156637587285,14:12:36.637,243.6800,80
51207203468605,14:13:27.203,243.9900,31
51207203493697,14:13:27.203,243.9900,69
51207203513025,14:13:27.203,243.9900,31
51207203524780,14:13:27.203,243.9900,38
51207203538861,14:13:27.203,243.9900,12
51207203551506,14:13:27.203,243.9900,19
51207203551506,14:13:27.203,244.0000,20
51207203551506,14:13:27.203,244.0000,9
51207203591910,14:13:27.203,243.9900,15
51207204037875,14:13:27.204,244.0000,31
51207254467480,14:13:27.254,244.0450,100
51233906146765,14:13:53.906,243.8400,100
51242365552529,14:14:02.365,243.8300,13
51242365552529,14:14:02.365,243.8300,18
51242365552529,14:14:02.365,243.8300,17
51242365552529,14:14:02.365,243.8300,28
51294908942914,14:14:54.908,244.0100,1
51300241956408,14:15:00.241,243.8400,3
51300242005588,14:15:00.242,243.8300,26
51300242005588,14:15:00.242,243.8300,100
51300242005588,14:15:00.242,243.8300,100
51300242906425,14:15:00.242,243.8400,5
51300383091297,14:15:00.383,243.6900,100
51300508856322,14:15:00.508,243.2600,100
51300510213732,14:15:00.510,243.2500,100
51300551998915,14:15:00.551,243.2400,80
51300551998915,14:15:00.551,243.2400,20
51300577550202,14:15:00.577,243.2400,80
51300578752379,14:15:00.578,243.1500,65
51300578752379,14:15:00.578,243.0300,35
51300580498786,14:15:00.580,243.0300,15
51300580498786,14:15:00.580,242.9600,50
51300580585585,14:15:00.580,242.9600,35
51300582185295,14:15:00.582,242.9600,15
51300582253650,14:15:00.582,242.9600,50
51300582296016,14:15:00.582,242.9600,35
51300588988734,14:15:00.588,242.9600,100
51300599434897,14:15:00.599,243.4100,100
51300606605385,14:15:00.606,243.0300,100
51300619360080,14:15:00.619,242.9900,100
51300620981994,14:15:00.620,242.9700,100
51300650071625,14:15:00.650,243.3100,100
51300675846175,14:15:00.675,242.9700,100
51300677515711,14:15:00.677,242.9700,100
51300705240843,14:15:00.705,243.0500,100
51300706518208,14:15:00.706,243.0500,100
51300706600537,14:15:00.706,242.9600,100
51300706600537,14:15:00.706,242.9600,100
51300717836155,14:15:00.717,242.9700,100
51300729153093,14:15:00.729,243.3200,100
51300906488281,14:15:00.906,243.0100,37
51300906488281,14:15:00.906,242.9700,100
51300906488281,14:15:00.906,242.9600,63
51302366837647,14:15:02.366,243.3700,100
51302937795459,14:15:02.937,243.4700,1
51303665353296,14:15:03.665,243.4700,1
51303861224730,14:15:03.861,243.4400,22
51303861230618,14:15:03.861,243.4400,50
51303864719606,14:15:03.864,243.4400,30
51303864719606,14:15:03.864,243.4700,85
51303868169149,14:15:03.868,243.4700,15
51303868285411,14:15:03.868,243.4700,30
51354045165945,14:15:54.045,243.3100,1
51362258505555,14:16:02.258,243.1500,1
51362258524213,14:16:02.258,243.0400,2
51400216147428,14:16:40.216,243.4000,20
51400216147428,14:16:40.216,243.4100,80
51400216448666,14:16:40.216,243.4100,20
51400216448666,14:16:40.216,243.4400,80
51400218282543,14:16:40.218,243.4400,20
51400220366975,14:16:40.220,243.4500,100
51400220366975,14:16:40.220,243.4500,1
51462171375371,14:17:42.171,243.1600,15
51462171402923,14:17:42.171,243.1500,7
51462171402923,14:17:42.171,243.1500,6
51462171402923,14:17:42.171,243.1500,2
51462171413333,14:17:42.171,243.1500,100
51462171420925,14:17:42.171,243.1600,43
51462171609677,14:17:42.171,243.1500,15
51462171925055,14:17:42.171,243.1300,6
51462171942699,14:17:42.171,243.1300,7
51462172299844,14:17:42.172,243.1300,4
51462172451799,14:17:42.172,243.1300,83
51462172452349,14:17:42.172,243.1500,57
51462352609179,14:17:42.352,243.1200,100
51463354516622,14:17:43.354,243.0100,100
51481012073851,14:18:01.012,243.0200,100
51481012117591,14:18:01.012,243.0300,17
51481012128957,14:18:01.012,243.0300,83
51481012128957,14:18:01.012,243.0300,1
51481012128957,14:18:01.012,243.0400,100
51598051491117,14:19:58.051,243.1000,1
51598056480345,14:19:58.056,243.1100,25
51628008193591,14:20:28.008,243.1100,2
51628009498072,14:20:28.009,243.1100,100
51628009861641,14:20:28.009,243.1100,100
51647464980280,14:20:47.464,242.9300,75
51647464980280,14:20:47.464,242.9200,25
51647465035188,14:20:47.465,242.9200,25
51647465035188,14:20:47.465,242.9100,2
51647465035188,14:20:47.465,242.9100,73
51647465046115,14:20:47.465,242.9100,27
51647465046115,14:20:47.465,242.9100,73
51647465074681,14:20:47.465,242.9100,30
51647465074681,14:20:47.465,242.9100,80
51647465078194,14:20:47.465,242.9100,20
51679624801258,14:21:19.624,243.0000,80
51679624813500,14:21:19.624,243.0000,20
51679624817317,14:21:19.624,243.0000,100
51679624817768,14:21:19.624,243.0000,80
51679624819439,14:21:19.624,243.0000,47
51679624821217,14:21:19.624,243.0000,100
51679624825857,14:21:19.624,243.0000,20
51679624831902,14:21:19.624,243.0000,20
51679624845528,14:21:19.624,243.0000,100
51679625007155,14:21:19.625,243.0000,10
51679625123506,14:21:19.625,243.0000,23
51679626386091,14:21:19.626,242.9900,100
51683775515817,14:21:23.775,242.9900,10
51683775515817,14:21:23.775,243.0000,67
51683775515817,14:21:23.775,243.0000,23
51683776463221,14:21:23.776,243.0000,77
51683776463221,14:21:23.776,243.0000,1
51683776463221,14:21:23.776,243.0000,100
51683776465457,14:21:23.776,242.9900,100
51683776653260,14:21:23.776,243.0000,100
51683776653260,14:21:23.776,243.0000,33
51683777361954,14:21:23.777,243.0200,1
51720052111638,14:22:00.052,243.0500,1
51734333072410,14:22:14.333,243.2300,50
51734333072410,14:22:14.333,243.2300,38
51746364195737,14:22:26.364,243.0650,100
51746390515840,14:22:26.390,243.1400,3
51746390573010,14:22:26.390,243.1400,3
51746390579516,14:22:26.390,243.1400,3
51746391031934,14:22:26.391,243.1400,3
51746391037857,14:22:26.391,243.1400,71
51748022036868,14:22:28.022,243.1400,17
51748533621934,14:22:28.533,243.2400,3
51759078422210,14:22:39.078,243.1400,100
51759078422210,14:22:39.078,243.1800,50
51759078422210,14:22:39.078,243.2100,150
51803798626290,14:23:23.798,243.0600,100
51803799748405,14:23:23.799,243.0600,50
51803799748405,14:23:23.799,243.0800,50
51803799748405,14:23:23.799,243.0800,100
51803799748405,14:23:23.799,243.0900,1
51803799748405,14:23:23.799,243.0900,1
51803801378153,14:23:23.801,243.0900,99
51803801378153,14:23:23.801,243.0900,100
51803801378153,14:23:23.801,243.0900,1
51803801466853,14:23:23.801,243.0900,74
51803801623319,14:23:23.801,243.0900,26
51803805279708,14:23:23.805,243.1500,100
51803822186389,14:23:23.822,243.1800,16
51803822203500,14:23:23.822,243.1900,1
51803822496399,14:23:23.822,243.2000,20
51803823224134,14:23:23.823,243.1000,100
51803825623257,14:23:23.825,243.2000,20
51803827747782,14:23:23.827,243.2000,20
51803827802178,14:23:23.827,243.2000,20
51803827835609,14:23:23.827,243.2000,20
51803831006751,14:23:23.831,243.2100,12
51803831020182,14:23:23.831,243.2100,8
51812765039355,14:23:32.765,242.9500,3
51844173242798,14:24:04.173,243.1200,1
51864679717759,14:24:24.679,242.9600,63
51868009691150,14:24:28.009,243.1300,2
51894864718707,14:24:54.864,242.9600,100
51894864718707,14:24:54.864,242.9600,100
51894864718707,14:24:54.864,242.9600,2
51894864718707,14:24:54.864,242.9600,4
51894864751562,14:24:54.864,242.9500,97
