timestamp,time,price,volume
34200721698052,09:30:00.721,0.0000,0
34208628675283,09:30:08.628,0.9161,16
34208661897455,09:30:08.661,0.9161,1
34208940086411,09:30:08.940,0.9161,83
34398534626292,09:33:18.534,0.9100,174
34512101101463,09:35:12.101,0.9100,8
34533128215163,09:35:33.128,0.9000,100
34533128215163,09:35:33.128,0.9000,225
34533128215163,09:35:33.128,0.9000,3
35908522266428,09:58:28.522,0.9010,100
35974344557079,09:59:34.344,0.9008,100
36175931927538,10:02:55.931,0.8900,384
36175932048643,10:02:55.932,0.8900,16
36671069078064,10:11:11.069,0.8820,1000
36747660935060,10:12:27.660,0.8800,30
36747660935060,10:12:27.660,0.8800,100
36747660935060,10:12:27.660,0.8800,500
36747742346362,10:12:27.742,0.8795,150
36747742568468,10:12:27.742,0.8795,990
36747819094835,10:12:27.819,0.8700,3
36747819094835,10:12:27.819,0.8695,100
36747819663977,10:12:27.819,0.8700,3
36747856640836,10:12:27.856,0.8671,900
36757786129273,10:12:37.786,0.8650,100
36757786830695,10:12:37.786,0.8650,100
36771680961881,10:12:51.680,0.8670,100
36771693450306,10:12:51.693,0.8650,100
36771693450306,10:12:51.693,0.8650,66
36771693978126,10:12:51.693,0.8650,100
36771693978126,10:12:51.693,0.8650,100
36771693978126,10:12:51.693,0.8650,34
36771699501341,10:12:51.699,0.8649,100
36771699501341,10:12:51.699,0.8649,100
36771699501341,10:12:51.699,0.8649,1
36935465996875,10:15:35.465,0.8682,100
36935466427482,10:15:35.466,0.8683,100
36935466427482,10:15:35.466,0.8683,100
36935516393457,10:15:35.516,0.8682,100
36935720099057,10:15:35.720,0.8683,68
36937526481230,10:15:37.526,0.8683,32
36942563467193,10:15:42.563,0.8695,200
36942565059606,10:15:42.565,0.8695,300
36951629016573,10:15:51.629,0.8798,1300
36951629016573,10:15:51.629,0.8798,100
36951629016573,10:15:51.629,0.8798,1500
36989293714597,10:16:29.293,0.8938,100
36998083847616,10:16:38.083,0.9009,31
36998083847616,10:16:38.083,0.9020,100
36998083847616,10:16:38.083,0.9020,469
37008632193459,10:16:48.632,0.8980,700
37008843666442,10:16:48.843,0.8945,100
37008843666442,10:16:48.843,0.8945,100
37008855210921,10:16:48.855,0.8940,100
37033465431977,10:17:13.465,0.8908,500
37117823768319,10:18:37.823,0.8711,100
37188496426662,10:19:48.496,0.8800,500
37566062564678,10:26:06.062,0.8864,200
37834238093985,10:30:34.238,0.8859,100
37834238093985,10:30:34.238,0.8859,100
37917975004877,10:31:57.975,0.8859,100
38017890279591,10:33:37.890,0.8865,100
38017894430547,10:33:37.894,0.8875,200
38178692046731,10:36:18.692,0.8940,422
38204600104443,10:36:44.600,0.8941,100
38208634987897,10:36:48.634,0.8941,100
38264189760778,10:37:44.189,0.9021,100
38315309414887,10:38:35.309,0.9031,100
38336267194190,10:38:56.267,0.9087,100
38393817889057,10:39:53.817,0.9070,100
38405143242793,10:40:05.143,0.9027,100
38468626814297,10:41:08.626,0.9021,100
38468626814297,10:41:08.626,0.9021,100
38468626934785,10:41:08.626,0.9021,100
38468626934785,10:41:08.626,0.9021,100
38468627193334,10:41:08.627,0.9021,100
38468627193334,10:41:08.627,0.9021,100
38468627898285,10:41:08.627,0.9021,100
38468627898285,10:41:08.627,0.9021,100
38468628891709,10:41:08.628,0.9021,100
38468630496957,10:41:08.630,0.9021,100
38468630496957,10:41:08.630,0.9021,900
38468926240217,10:41:08.926,0.9022,100
38468926240217,10:41:08.926,0.9022,100
38474379149126,10:41:14.379,0.9021,100
38474379149126,10:41:14.379,0.9021,500
38474379149126,10:41:14.379,0.9021,1100
38474379149126,10:41:14.379,0.9021,1985
38474380189130,10:41:14.380,0.9021,500
38474380189130,10:41:14.380,0.9021,15
38474650231458,10:41:14.650,0.9021,400
38571942279743,10:42:51.942,0.8984,200
38574036880371,10:42:54.036,0.9020,100
38783740116541,10:46:23.740,0.9048,100
38842196117939,10:47:22.196,0.9011,500
38848232683089,10:47:28.232,0.9011,200
38923387959925,10:48:43.387,0.8996,100
38923387959925,10:48:43.387,0.8996,100
38984454558534,10:49:44.454,0.8984,100
38984454664819,10:49:44.454,0.8984,100
39224160720582,10:53:44.160,0.8931,100
39224160790894,10:53:44.160,0.8931,100
39224160790894,10:53:44.160,0.8931,700
39332397515865,10:55:32.397,0.8900,30
39481555125196,10:58:01.555,0.8840,6
39481555150791,10:58:01.555,0.8840,4
39602472401931,11:00:02.472,0.8829,100
39602472401931,11:00:02.472,0.8829,100
39602472401931,11:00:02.472,0.8829,100
39602473684796,11:00:02.473,0.8829,100
39602473684796,11:00:02.473,0.8829,100
39602473684796,11:00:02.473,0.8830,100
39602481758346,11:00:02.481,0.8849,200
39602483094663,11:00:02.483,0.8850,500
39621985603186,11:00:21.985,0.8897,700
39754240661504,11:02:34.240,0.8901,1400
39754252603410,11:02:34.252,0.8861,60
39754252603410,11:02:34.252,0.8861,100
39754257987790,11:02:34.257,0.8853,100
39754260897204,11:02:34.260,0.8853,2600
39754262604076,11:02:34.262,0.8853,1200
39754263711520,11:02:34.263,0.8853,600
39882879173008,11:04:42.879,0.8921,1500
39882879173008,11:04:42.879,0.8921,100
40500209996096,11:15:00.209,0.8949,100
40500209996096,11:15:00.209,0.8949,100
40500210563587,11:15:00.210,0.8949,100
40525260485760,11:15:25.260,0.8949,100
40645851628406,11:17:25.851,0.8949,100
40689077845303,11:18:09.077,0.8964,200
40689077873193,11:18:09.077,0.8964,500
40701911149233,11:18:21.911,0.9012,100
40750125095036,11:19:10.125,0.9024,89
40750125153530,11:19:10.125,0.9024,11
40750125153530,11:19:10.125,0.9024,100
40751022630015,11:19:11.022,0.9039,200
40754444991343,11:19:14.444,0.9040,100
40803301095374,11:20:03.301,0.9040,600
40803586415464,11:20:03.586,0.9040,100
40805582714856,11:20:05.582,0.9040,100
40805582789305,11:20:05.582,0.9040,800
40805582789305,11:20:05.582,0.9040,1400
40805582809948,11:20:05.582,0.9040,100
40805582993038,11:20:05.582,0.9040,150
40805631245501,11:20:05.631,0.9023,100
40894227982398,11:21:34.227,0.8980,100
40894227982398,11:21:34.227,0.8980,100
40894228030807,11:21:34.228,0.8980,200
40894228848796,11:21:34.228,0.8980,50
40896511397427,11:21:36.511,0.8980,50
40896511397427,11:21:36.511,0.8980,100
40896511397427,11:21:36.511,0.8980,50
40896621611123,11:21:36.621,0.8980,50
40896621611123,11:21:36.621,0.8980,100
40896621611123,11:21:36.621,0.8980,50
41187307024000,11:26:27.307,0.9000,100
41187307024000,11:26:27.307,0.9000,800
41187307024000,11:26:27.307,0.9000,100
41241154914549,11:27:21.154,0.8976,100
41452890590971,11:30:52.890,0.8918,100
41452890618421,11:30:52.890,0.8918,100
41452890817462,11:30:52.890,0.8918,50
41452891662296,11:30:52.891,0.8918,50
41452891662296,11:30:52.891,0.8918,100
41452891662296,11:30:52.891,0.8918,100
41452891662296,11:30:52.891,0.8918,50
41706430983611,11:35:06.430,0.8853,99
41780325041138,11:36:20.325,0.8853,400
41780362266190,11:36:20.362,0.8853,100
41882239616094,11:38:02.239,0.8853,100
41893720504835,11:38:13.720,0.8852,100
41998119210034,11:39:58.119,0.8839,100
41998119210034,11:39:58.119,0.8839,100
41998119210034,11:39:58.119,0.8839,100
42004605033165,11:40:04.605,0.8839,100
42004605033165,11:40:04.605,0.8839,100
42005587571113,11:40:05.587,0.8839,100
42005589071931,11:40:05.589,0.8839,100
42005591450766,11:40:05.591,0.8839,100
42549750195300,11:49:09.750,0.8903,100
42549753149953,11:49:09.753,0.8903,80
42549753176951,11:49:09.753,0.8903,20
42719672770802,11:51:59.672,0.8901,100
42719673006703,11:51:59.673,0.8901,100
42719673006703,11:51:59.673,0.8903,73
42719673017473,11:51:59.673,0.8903,527
42719673020103,11:51:59.673,0.8903,100
42719738916817,11:51:59.738,0.8901,100
43206250750966,12:00:06.250,0.8875,100
43206351108916,12:00:06.351,0.8875,100
43292954706408,12:01:32.954,0.8900,1500
43292954706408,12:01:32.954,0.8900,100
43315401905729,12:01:55.401,0.8990,100
43448774762353,12:04:08.774,0.8950,495
43452193224935,12:04:12.193,0.8905,600
43461822568577,12:04:21.822,0.8950,100
43477893672184,12:04:37.893,0.8950,100
43491962401786,12:04:51.962,0.8950,100
43505034506404,12:05:05.034,0.8950,100
43519239457648,12:05:19.239,0.8950,100
43525129248085,12:05:25.129,0.8950,100
43536175029502,12:05:36.175,0.8950,100
43554265633485,12:05:54.265,0.8950,100
43554265810930,12:05:54.265,0.8950,140
44110653297042,12:15:10.653,0.8911,100
44280251552732,12:18:00.251,0.8950,300
44473453401185,12:21:13.453,0.8911,400
44473453401185,12:21:13.453,0.8911,200
44540266656892,12:22:20.266,0.8911,100
44576136532244,12:22:56.136,0.8911,100
44913778814680,12:28:33.778,0.8950,100
44987465565896,12:29:47.465,0.8921,100
45280709448647,12:34:40.709,0.8929,100
45289121760379,12:34:49.121,0.8930,100
45290416776897,12:34:50.416,0.8923,100
45290436935654,12:34:50.436,0.8923,100
45482532112694,12:38:02.532,0.8929,100
45482534646757,12:38:02.534,0.8929,700
45679411303058,12:41:19.411,0.8929,1500
45679411303058,12:41:19.411,0.8929,100
45680491515894,12:41:20.491,0.8929,100
45680491515894,12:41:20.491,0.8929,100
46063903907906,12:47:43.903,0.8920,100
46193001203896,12:49:53.001,0.8830,2500
46215691231653,12:50:15.691,0.8830,100
46289712124707,12:51:29.712,0.8818,100
46576391626025,12:56:16.391,0.8800,1
46576391626025,12:56:16.391,0.8800,10
46576391626025,12:56:16.391,0.8800,1410
46627682230722,12:57:07.682,0.8791,100
46627682230722,12:57:07.682,0.8791,100
46627682230722,12:57:07.682,0.8791,100
46627684969800,12:57:07.684,0.8794,617
46627684979082,12:57:07.684,0.8794,103
46780427708743,12:59:40.427,0.8804,100
46817798732135,13:00:17.798,0.8800,200
46854735707202,13:00:54.735,0.8801,100
46854735963692,13:00:54.735,0.8801,100
46910234731498,13:01:50.234,0.8810,100
46953906300874,13:02:33.906,0.8801,100
46953906338376,13:02:33.906,0.8801,600
46954300616391,13:02:34.300,0.8794,100
46992330729239,13:03:12.330,0.8761,100
46992330729239,13:03:12.330,0.8761,833
46992331075014,13:03:12.331,0.8761,100
46992331075014,13:03:12.331,0.8761,67
47523766212395,13:12:03.766,0.8793,100
47523766212395,13:12:03.766,0.8793,100
47526948431542,13:12:06.948,0.8793,100
47532966302754,13:12:12.966,0.8793,100
47616268368798,13:13:36.268,0.8897,287
47620295431126,13:13:40.295,0.8900,1415
47626315422530,13:13:46.315,0.8900,100
47645451169893,13:14:05.451,0.8900,100
47652479332024,13:14:12.479,0.8900,100
47661541043523,13:14:21.541,0.8900,100
47882079034902,13:18:02.079,0.8950,100
47898151536892,13:18:18.151,0.8910,100
47901737961913,13:18:21.737,0.8910,100
48083582297560,13:21:23.582,0.8906,10
48083582297560,13:21:23.582,0.8906,10
48083582297560,13:21:23.582,0.8903,80
48083582329577,13:21:23.582,0.8903,20
48083582329577,13:21:23.582,0.8901,980
48083584133238,13:21:23.584,0.8900,100
48083584271462,13:21:23.584,0.8900,100
48088096742520,13:21:28.096,0.8900,100
48088117659636,13:21:28.117,0.8900,100
48088888214356,13:21:28.888,0.8900,400
48418748774390,13:26:58.748,0.8860,100
48586620487353,13:29:46.620,0.8881,100
48934615148553,13:35:34.615,0.8852,100
48934615490132,13:35:34.615,0.8852,100
48970605444130,13:36:10.605,0.8853,900
49462636147512,13:44:22.636,0.8840,800
49737047931207,13:48:57.047,0.8800,100
49737047957437,13:48:57.047,0.8800,1000
49738529749292,13:48:58.529,0.8800,200
49738530884899,13:48:58.530,0.8800,100
49738531325595,13:48:58.531,0.8800,100
49825701605415,13:50:25.701,0.8754,100
49970121844901,13:52:50.121,0.8768,100
49970122233821,13:52:50.122,0.8768,100
49970122479381,13:52:50.122,0.8768,100
50146357701924,13:55:46.357,0.8700,100
50146357701924,13:55:46.357,0.8700,700
50146357701924,13:55:46.357,0.8700,50
50146357701924,13:55:46.357,0.8700,4250
50168652059115,13:56:08.652,0.8700,36
50182444651002,13:56:22.444,0.8700,14
50312020669375,13:58:32.020,0.8688,872
50607656112655,14:03:27.656,0.8692,300
50735346925358,14:05:35.346,0.8711,100
50735346925358,14:05:35.346,0.8711,100
50735346925358,14:05:35.346,0.8711,100
50736329766415,14:05:36.329,0.8712,100
50736331446957,14:05:36.331,0.8719,200
50795360213240,14:06:35.360,0.8701,10
50795360213240,14:06:35.360,0.8701,10
50795360213240,14:06:35.360,0.8701,1000
50795360213240,14:06:35.360,0.8701,100
50795360873016,14:06:35.360,0.8701,80
50795361459017,14:06:35.361,0.8701,100
50795363096954,14:06:35.363,0.8701,100
50799748406420,14:06:39.748,0.8701,162
50799749739164,14:06:39.749,0.8701,100
50799750335459,14:06:39.750,0.8701,100
50799751969743,14:06:39.751,0.8701,100
50803535830606,14:06:43.535,0.8701,100
50806130694939,14:06:46.130,0.8701,1038
50859811640601,14:07:39.811,0.8800,100
51058073404323,14:10:58.073,0.8800,100
51062096812895,14:11:02.096,0.8800,100
51077840280360,14:11:17.840,0.8800,100
51083181264780,14:11:23.181,0.8800,100
51095261582298,14:11:35.261,0.8800,100
51317835316765,14:15:17.835,0.8816,20
51317851628659,14:15:17.851,0.8801,10
51370560118614,14:16:10.560,0.8788,200
51370561610842,14:16:10.561,0.8788,100
51370561652226,14:16:10.561,0.8788,100
51370562512298,14:16:10.562,0.8784,100
51370563058455,14:16:10.563,0.8787,100
51888495197996,14:24:48.495,0.8750,200
52400857563970,14:33:20.857,0.8721,100
52560610569762,14:36:00.610,0.8710,100
52562001761583,14:36:02.001,0.8697,10
52780668047826,14:39:40.668,0.8668,100
52963334537332,14:42:43.334,0.8668,100
53006088270340,14:43:26.088,0.8668,100
53006088270340,14:43:26.088,0.8668,30
53006088358019,14:43:26.088,0.8668,100
53006088828857,14:43:26.088,0.8668,100
53006088988756,14:43:26.088,0.8668,100
53006089405287,14:43:26.089,0.8668,100
53022787710873,14:43:42.787,0.8668,100
53022787710873,14:43:42.787,0.8668,476
53022787710873,14:43:42.787,0.8668,2770
53022788246123,14:43:42.788,0.8650,50
53022796278233,14:43:42.796,0.8650,450
53022796278233,14:43:42.796,0.8650,12500
53029257057664,14:43:49.257,0.8615,100
53029257057664,14:43:49.257,0.8615,100
53029270778219,14:43:49.270,0.8615,100
53029270778219,14:43:49.270,0.8615,100
53081147674843,14:44:41.147,0.8600,10
53081147674843,14:44:41.147,0.8600,625
53135549050199,14:45:35.549,0.8614,100
53135549050199,14:45:35.549,0.8617,100
53135552592157,14:45:35.552,0.8618,100
53135554874602,14:45:35.554,0.8623,100
53307751705575,14:48:27.751,0.8600,100
53317266004562,14:48:37.266,0.8556,100
53317266528161,14:48:37.266,0.8556,100
53320561175221,14:48:40.561,0.8556,100
53320561175221,14:48:40.561,0.8556,800
53321582919515,14:48:41.582,0.8556,100
53321582919515,14:48:41.582,0.8556,500
53321582919515,14:48:41.582,0.8551,800
53321582919515,14:48:41.582,0.8550,100
53332111902606,14:48:52.111,0.8550,600
53383815198627,14:49:43.815,0.8550,300
53383815198627,14:49:43.815,0.8550,100
53384006695029,14:49:44.006,0.8535,100
53384046373440,14:49:44.046,0.8510,100
53384046373440,14:49:44.046,0.8510,1000
53384049097604,14:49:44.049,0.8500,10
53384049097604,14:49:44.049,0.8500,1
53384049097604,14:49:44.049,0.8500,55
53384049097604,14:49:44.049,0.8500,64
53384049097604,14:49:44.049,0.8500,7
53384049097604,14:49:44.049,0.8500,2000
53384049097604,14:49:44.049,0.8500,375
53384049097604,14:49:44.049,0.8500,3000
53384049097604,14:49:44.049,0.8500,1400
53384049097604,14:49:44.049,0.8500,2000
53384049097604,14:49:44.049,0.8500,200
53384049097604,14:49:44.049,0.8500,500
53384049590145,14:49:44.049,0.8493,575
53384049889003,14:49:44.049,0.8493,266
53389934336017,14:49:49.934,0.8450,97
53429020348894,14:50:29.020,0.8420,100
53429020348894,14:50:29.020,0.8420,100
53473156165140,14:51:13.156,0.8426,600
53474596610326,14:51:14.596,0.8427,400
53474597476484,14:51:14.597,0.8427,100
53474599634037,14:51:14.599,0.8427,200
53474605055941,14:51:14.605,0.8427,200
53498670535512,14:51:38.670,0.8427,600
53608251613440,14:53:28.251,0.8255,59
53628606900107,14:53:48.606,0.8221,100
53628606900107,14:53:48.606,0.8221,100
53634227623256,14:53:54.227,0.8219,100
53659346550640,14:54:19.346,0.8295,400
53659346576427,14:54:19.346,0.8295,100
53701732556200,14:55:01.732,0.8304,100
53701732556200,14:55:01.732,0.8304,600
53719188617123,14:55:19.188,0.8350,100
53719301780986,14:55:19.301,0.8338,100
53752090970945,14:55:52.090,0.8304,100
53810161908746,14:56:50.161,0.8351,100
53930710455062,14:58:50.710,0.8350,30
53939897148442,14:58:59.897,0.8350,770
53939897148442,14:58:59.897,0.8350,503
53965724212290,14:59:25.724,0.8351,100
54013110626196,15:00:13.110,0.8353,100
54048240849902,15:00:48.240,0.8353,100
54048240849902,15:00:48.240,0.8353,200
54048240964481,15:00:48.240,0.8353,100
54048240991742,15:00:48.240,0.8353,100
54049215899351,15:00:49.215,0.8353,100
54049215899351,15:00:49.215,0.8353,100
54065172035517,15:01:05.172,0.8370,100
54108430178661,15:01:48.430,0.8427,900
54108430193134,15:01:48.430,0.8432,100
54108430193134,15:01:48.430,0.8435,393
54108430223413,15:01:48.430,0.8435,300
54108436761592,15:01:48.436,0.8500,950
54108441662173,15:01:48.441,0.8520,100
54108441662173,15:01:48.441,0.8520,100
54108444506953,15:01:48.444,0.8521,900
54108455434091,15:01:48.455,0.8545,93
54153246437715,15:02:33.246,0.8510,100
54161523885855,15:02:41.523,0.8477,100
54182236063141,15:03:02.236,0.8470,1000
54245606758343,15:04:05.606,0.8450,100
54245606786105,15:04:05.606,0.8450,100
54353295246035,15:05:53.295,0.8462,100
54421759692368,15:07:01.759,0.8487,100
54452999289847,15:07:32.999,0.8469,100
54452999289847,15:07:32.999,0.8469,95
54493965946782,15:08:13.965,0.8476,100
54493965946782,15:08:13.965,0.8476,300
54559762016661,15:09:19.762,0.8451,100
54602327236066,15:10:02.327,0.8451,100
54607615591460,15:10:07.615,0.8450,100
54607615591460,15:10:07.615,0.8450,156
54607616098438,15:10:07.616,0.8450,100
54607616098438,15:10:07.616,0.8450,100
54607616098438,15:10:07.616,0.8450,744
54607616626345,15:10:07.616,0.8450,13
54607617114535,15:10:07.617,0.8450,87
54638881724960,15:10:38.881,0.8414,100
54638881724960,15:10:38.881,0.8414,100
54638881724960,15:10:38.881,0.8414,400
54639191100389,15:10:39.191,0.8414,7
54639191722748,15:10:39.191,0.8414,193
54708971096699,15:11:48.971,0.8410,1
54872723561844,15:14:32.723,0.8414,100
54872723561844,15:14:32.723,0.8414,32
54872723562670,15:14:32.723,0.8414,168
55042856371070,15:17:22.856,0.8401,700
55042859789671,15:17:22.859,0.8400,265
55157666407870,15:19:17.666,0.8372,100
55224991157301,15:20:24.991,0.8372,100
55224991245559,15:20:24.991,0.8372,100
55224991245559,15:20:24.991,0.8372,700
55224993389035,15:20:24.993,0.8372,100
55224993389035,15:20:24.993,0.8372,1700
55294832210155,15:21:34.832,0.8352,100
55294923120851,15:21:34.923,0.8352,200
55294939923317,15:21:34.939,0.8353,100
55294939923317,15:21:34.939,0.8353,100
55295226874751,15:21:35.226,0.8351,100
55404002294939,15:23:24.002,0.8357,10
55478704811745,15:24:38.704,0.8357,90
55478704811745,15:24:38.704,0.8357,100
55478710688851,15:24:38.710,0.8358,100
55478710688851,15:24:38.710,0.8358,100
55496144316885,15:24:56.144,0.8396,100
55679954057127,15:27:59.954,0.8397,100
55679954057127,15:27:59.954,0.8397,100
55713270528365,15:28:33.270,0.8480,100
55801745014676,15:30:01.745,0.8520,100
55857241039872,15:30:57.241,0.8510,400
55857241039872,15:30:57.241,0.8510,100
55857241039872,15:30:57.241,0.8510,166
55857241804402,15:30:57.241,0.8510,100
55857241804402,15:30:57.241,0.8510,112
55857242437214,15:30:57.242,0.8510,42
55869395591589,15:31:09.395,0.8510,58
55869395591589,15:31:09.395,0.8510,100
55869395591589,15:31:09.395,0.8510,1622
55893076523359,15:31:33.076,0.8511,500
55893076523359,15:31:33.076,0.8511,1285
55893077027503,15:31:33.077,0.8511,500
55893077074197,15:31:33.077,0.8511,271
55893077159201,15:31:33.077,0.8511,229
55893077875358,15:31:33.077,0.8511,215
55893194887019,15:31:33.194,0.8500,100
55893194908021,15:31:33.194,0.8492,75
55924606961997,15:32:04.606,0.8481,100
56077767273021,15:34:37.767,0.8500,200
56077767273021,15:34:37.767,0.8500,760
56077767300179,15:34:37.767,0.8500,940
56077767355212,15:34:37.767,0.8500,940
56077767367448,15:34:37.767,0.8500,464
56154752196944,15:35:54.752,0.8481,100
56154752196944,15:35:54.752,0.8481,100
56157202497884,15:35:57.202,0.8472,100
56157202497884,15:35:57.202,0.8472,1400
56426569174226,15:40:26.569,0.8401,100
56426569174226,15:40:26.569,0.8401,100
56426569174226,15:40:26.569,0.8401,100
56426569718049,15:40:26.569,0.8402,116
56426569979966,15:40:26.569,0.8402,84
56426569982395,15:40:26.569,0.8402,50
56426570735224,15:40:26.570,0.8402,50
56426570744562,15:40:26.570,0.8402,100
56426570755419,15:40:26.570,0.8402,100
56426578722651,15:40:26.578,0.8404,100
56426581442772,15:40:26.581,0.8406,100
56426584249939,15:40:26.584,0.8407,100
56426587074013,15:40:26.587,0.8408,100
56426603135168,15:40:26.603,0.8410,100
56426631616864,15:40:26.631,0.8411,100
56426666144091,15:40:26.666,0.8412,100
56426669298031,15:40:26.669,0.8413,200
56426675948483,15:40:26.675,0.8418,100
56476319611279,15:41:16.319,0.8494,100
56476319611279,15:41:16.319,0.8494,50
56476319612951,15:41:16.319,0.8494,50
56476319612951,15:41:16.319,0.8494,150
56476319613744,15:41:16.319,0.8494,200
56476321622401,15:41:16.321,0.8494,100
56582236892332,15:43:02.236,0.8453,100
56582236892332,15:43:02.236,0.8453,100
56582236896966,15:43:02.236,0.8453,100
56582238380818,15:43:02.238,0.8479,16
56698887498863,15:44:58.887,0.8471,100
56759867478585,15:45:59.867,0.8490,1000
56819100151266,15:46:59.100,0.8495,1300
56819107619078,15:46:59.107,0.8484,100
56819107672714,15:46:59.107,0.8484,100
56819134421898,15:46:59.134,0.8470,100
56897965033876,15:48:17.965,0.8447,66
56897965289396,15:48:17.965,0.8447,34
56995965947448,15:49:55.965,0.8436,100
56995965947448,15:49:55.965,0.8436,100
56995965947448,15:49:55.965,0.8436,78
56995966474646,15:49:55.966,0.8436,22
57018964790151,15:50:18.964,0.8435,100
57041600654029,15:50:41.600,0.8402,300
57076891205775,15:51:16.891,0.8403,600
57121954040983,15:52:01.954,0.8405,100
57325846204210,15:55:25.846,0.8451,200
57336367591299,15:55:36.367,0.8428,100
57362407902613,15:56:02.407,0.8447,200
57369432361410,15:56:09.432,0.8447,79
57369432361410,15:56:09.432,0.8447,221
57369462730216,15:56:09.462,0.8447,79
57369462730216,15:56:09.462,0.8447,121
57378489537226,15:56:18.489,0.8488,100
57381420918667,15:56:21.420,0.8488,100
57385546785073,15:56:25.546,0.8488,79
57385546785073,15:56:25.546,0.8488,121
57388529877272,15:56:28.529,0.8488,79
57388529877272,15:56:28.529,0.8488,21
57391560284835,15:56:31.560,0.8488,79
57425712548606,15:57:05.712,0.8488,300
57431760908476,15:57:11.760,0.8488,300
57439170575383,15:57:19.170,0.8495,100
57439811515005,15:57:19.811,0.8495,45
57527877042250,15:58:47.877,0.8501,100
57545623217825,15:59:05.623,0.8501,8
57545623217825,15:59:05.623,0.8504,100
57551106747381,15:59:11.106,0.8507,100
57551120350863,15:59:11.120,0.8500,200
57600545118076,16:00:00.545,0.0000,0
57694668632372,16:01:34.668,0.8507,100
57865495400374,16:04:25.495,0.8507,200
59974883274050,16:39:34.883,0.8500,100
