timestamp,time,price,volume
34200440891679,09:30:00.440,0.0000,0
34484092481226,09:34:44.092,23.0000,10
34484092622723,09:34:44.092,23.0000,33
34573235639917,09:36:13.235,22.9800,100
34573235639917,09:36:13.235,22.9700,92
34573246587377,09:36:13.246,22.9700,8
34573246587377,09:36:13.246,22.9700,92
35148769177993,09:45:48.769,22.9700,100
35552480254574,09:52:32.480,22.9600,200
35554549783199,09:52:34.549,22.9600,100
35554549783199,09:52:34.549,22.9600,79
35554550206703,09:52:34.550,22.9600,21
35554550230582,09:52:34.550,22.9600,100
35879594895356,09:57:59.594,22.9800,100
35891881156228,09:58:11.881,22.9900,100
35891881842979,09:58:11.881,22.9900,29
35891886678725,09:58:11.886,22.9900,2
37300629830606,10:21:40.629,23.0900,100
37723611501442,10:28:43.611,23.1000,100
37723612166615,10:28:43.612,23.1100,100
37723612166615,10:28:43.612,23.1100,100
38063968099069,10:34:23.968,23.2000,100
38063968099069,10:34:23.968,23.2100,100
38063968099069,10:34:23.968,23.2100,100
38174166358706,10:36:14.166,23.2100,100
38228238367432,10:37:08.238,23.2400,100
38693744935721,10:44:53.744,23.2800,100
39175354657021,10:52:55.354,23.1800,5
40389242976962,11:13:09.242,23.1150,100
40570492892269,11:16:10.492,23.0900,100
41132376221164,11:25:32.376,23.0400,30
41410871596510,11:30:10.871,23.0600,100
41410871596510,11:30:10.871,23.0600,1
41410871596510,11:30:10.871,23.0600,63
41410871728083,11:30:10.871,23.0600,81
41410871728083,11:30:10.871,23.0600,100
41667675225465,11:34:27.675,23.0900,100
41690304840603,11:34:50.304,23.0600,100
41693837166939,11:34:53.837,23.0600,100
41753511983739,11:35:53.511,23.0600,100
41756511908578,11:35:56.511,23.0900,49
41756511947433,11:35:56.511,23.0900,51
41756511947433,11:35:56.511,23.0900,1
41866544953762,11:37:46.544,23.0700,74
41866545671366,11:37:46.545,23.0700,100
41998628478904,11:39:58.628,23.0700,26
42476435805525,11:47:56.435,23.0400,100
43513826177457,12:05:13.826,23.0900,5
43513826178971,12:05:13.826,23.0900,95
43513826178971,12:05:13.826,23.0900,100
43526510140391,12:05:26.510,23.1000,100
43526510140391,12:05:26.510,23.1000,100
43526511119000,12:05:26.511,23.1100,100
43526514498761,12:05:26.514,23.1100,100
43560779454197,12:06:00.779,23.1000,100
43560783651395,12:06:00.783,23.1100,100
43560785135594,12:06:00.785,23.1100,100
43560785180634,12:06:00.785,23.1100,10
44280551095581,12:18:00.551,23.2000,100
44308492472779,12:18:28.492,23.2000,100
44635486327893,12:23:55.486,23.1500,100
45079331238075,12:31:19.331,23.1500,5
45365582969687,12:36:05.582,23.1300,2
45365675658871,12:36:05.675,23.1300,100
45591391328316,12:39:51.391,23.1200,100
45649143038054,12:40:49.143,23.1400,10
45682875225422,12:41:22.875,23.1500,1
45683373859795,12:41:23.373,23.1600,100
46014020685520,12:46:54.020,23.1300,1
46201187032247,12:50:01.187,23.1400,100
46329801225434,12:52:09.801,23.1400,5
46329801225434,12:52:09.801,23.1500,95
46330318603600,12:52:10.318,23.1500,2
46330318603600,12:52:10.318,23.1500,100
46937403611291,13:02:17.403,23.1600,20
46982512845787,13:03:02.512,23.1500,10
46982512845787,13:03:02.512,23.1500,90
46982512859128,13:03:02.512,23.1500,10
48062389740929,13:21:02.389,23.1000,1
48079260758350,13:21:19.260,23.1100,100
48079260758350,13:21:19.260,23.1100,93
48131246346333,13:22:11.246,23.1200,100
48132278664393,13:22:12.278,23.1500,1
48137609358972,13:22:17.609,23.1300,100
48137609358972,13:22:17.609,23.1300,100
48354864039529,13:25:54.864,23.1100,37
48354864039529,13:25:54.864,23.1100,63
48354864066957,13:25:54.864,23.1100,37
48518044507488,13:28:38.044,23.0700,100
48518100897400,13:28:38.100,23.0700,100
48830125429321,13:33:50.125,23.0700,37
48830214139312,13:33:50.214,23.0600,2
48830674531582,13:33:50.674,23.0700,100
49209399582763,13:40:09.399,23.0900,100
49209399790312,13:40:09.399,23.0900,100
50019414084265,13:53:39.414,23.0700,100
50252916141843,13:57:32.916,23.0700,100
50713007339096,14:05:13.007,23.2000,100
50713007676944,14:05:13.007,23.2000,1
50757510849715,14:05:57.510,23.1800,100
51133989325192,14:12:13.989,23.1200,5
51133989325192,14:12:13.989,23.1300,49
51285784727425,14:14:45.784,23.1300,51
51484450895762,14:18:04.450,23.1500,100
51484482497285,14:18:04.482,23.1300,95
52021574045861,14:27:01.574,23.1600,4
52200079854127,14:30:00.079,23.0800,100
52667879361569,14:37:47.879,23.0800,100
52688234569556,14:38:08.234,23.0800,5
52887180346850,14:41:27.180,23.0700,5
53090323494218,14:44:50.323,23.0600,100
53090323959320,14:44:50.323,23.0600,1
53597115996477,14:53:17.115,23.0800,100
53638999208381,14:53:58.999,23.0900,100
53695454940232,14:54:55.454,23.1000,2
53832955567994,14:57:12.955,23.0800,191
54007403115205,15:00:07.403,23.0800,18
54007403190672,15:00:07.403,23.0800,33
54007403190672,15:00:07.403,23.0800,67
54007403260031,15:00:07.403,23.0800,33
54059089960748,15:00:59.089,23.0700,100
54171525052763,15:02:51.525,23.0400,100
54171552447810,15:02:51.552,23.0400,100
54172071918690,15:02:52.071,23.0500,100
54449174541361,15:07:29.174,23.0100,5
54470541277431,15:07:50.541,23.0200,100
54481947444695,15:08:01.947,23.0300,76
54481947471353,15:08:01.947,23.0300,24
54481947471353,15:08:01.947,23.0300,100
54481947471353,15:08:01.947,23.0300,100
54488755621532,15:08:08.755,23.0400,90
54488755713204,15:08:08.755,23.0400,53
54660084499780,15:11:00.084,23.0200,28
54660084714067,15:11:00.084,23.0200,15
54660085432404,15:11:00.085,23.0200,57
54660085432404,15:11:00.085,23.0200,100
54660085432404,15:11:00.085,23.0200,43
54660737256143,15:11:00.737,23.0200,57
54660737352553,15:11:00.737,23.0100,100
54660737352553,15:11:00.737,23.0100,100
54876981920285,15:14:36.981,23.0400,1
54876981920285,15:14:36.981,23.0400,99
54876990440701,15:14:36.990,23.0400,1
54989776354267,15:16:29.776,23.0700,37
54989807210655,15:16:29.807,23.0600,15
54989807230239,15:16:29.807,23.0600,76
54989807235758,15:16:29.807,23.0600,9
54996291892416,15:16:36.291,23.0600,100
55024023847442,15:17:04.023,23.0500,100
55086032002943,15:18:06.032,23.0300,100
55086032002943,15:18:06.032,23.0300,37
55095592138680,15:18:15.592,23.0200,23
55095592230402,15:18:15.592,23.0200,77
55211399560455,15:20:11.399,23.0500,100
55331849697846,15:22:11.849,23.0200,100
55449515526928,15:24:09.515,23.0100,10
55449515598666,15:24:09.515,23.0100,90
55668320148890,15:27:48.320,23.0000,100
55673744416273,15:27:53.744,22.9900,22
55673744474856,15:27:53.744,22.9900,78
55705573933434,15:28:25.573,23.0000,77
55705577250077,15:28:25.577,23.0000,23
55860356147807,15:31:00.356,22.9700,100
55860356189379,15:31:00.356,22.9700,82
56002670244021,15:33:22.670,22.9700,18
56002670244021,15:33:22.670,22.9700,59
56002670250318,15:33:22.670,22.9700,32
56002670437406,15:33:22.670,22.9700,9
56054540798894,15:34:14.540,22.9400,100
56124142351883,15:35:24.142,22.9500,100
56137891590463,15:35:37.891,22.9600,100
56137891590463,15:35:37.891,22.9600,1
56202664499544,15:36:42.664,22.9700,100
56203386323731,15:36:43.386,22.9800,100
56207693138213,15:36:47.693,22.9900,37
56239290563974,15:37:19.290,22.9700,2
56239290646623,15:37:19.290,22.9700,36
56239290699909,15:37:19.290,22.9700,16
56410436751415,15:40:10.436,22.9700,46
56486962455604,15:41:26.962,22.9600,100
56530382072421,15:42:10.382,22.9700,100
56530397502706,15:42:10.397,22.9700,2
56530397573959,15:42:10.397,22.9700,98
56567180513110,15:42:47.180,22.9800,1
56567180513110,15:42:47.180,22.9800,99
56567180904292,15:42:47.180,22.9800,1
56604152893573,15:43:24.152,22.9900,100
56700231749567,15:45:00.231,22.9900,100
56700231749567,15:45:00.231,22.9800,100
56702700750322,15:45:02.700,22.9900,100
56702700804584,15:45:02.700,22.9900,117
56742609678397,15:45:42.609,23.0000,72
56773392894517,15:46:13.392,22.9800,100
56773392931785,15:46:13.392,22.9800,100
56844735566934,15:47:24.735,22.9600,36
56844735648226,15:47:24.735,22.9600,64
56923224608180,15:48:43.224,22.9200,55
57047145423758,15:50:47.145,22.9000,100
57053942719388,15:50:53.942,22.9100,91
57053943035055,15:50:53.943,22.9100,59
57053943474659,15:50:53.943,22.9100,90
57053943501191,15:50:53.943,22.9100,10
57053943501191,15:50:53.943,22.9000,90
57068530131772,15:51:08.530,22.9200,10
57068530131772,15:51:08.530,22.9200,100
57068531063025,15:51:08.531,22.9200,100
57068532603797,15:51:08.532,22.9200,40
57099610182132,15:51:39.610,22.9100,100
57167095447935,15:52:47.095,22.9000,100
57167095605259,15:52:47.095,22.9000,100
57174388722095,15:52:54.388,22.8900,6
57194978311889,15:53:14.978,22.8900,94
57194978311889,15:53:14.978,22.8900,6
57194978407264,15:53:14.978,22.8900,11
57228703774116,15:53:48.703,22.8900,83
57262553278740,15:54:22.553,22.8800,100
57285584622411,15:54:45.584,22.8600,100
57300116785926,15:55:00.116,22.8600,100
57300116785926,15:55:00.116,22.8600,50
57300116785926,15:55:00.116,22.8600,300
57300116785926,15:55:00.116,22.8600,75
57300118053995,15:55:00.118,22.8700,1
57312744874544,15:55:12.744,22.9100,81
57359508435321,15:55:59.508,22.9100,100
57359508435321,15:55:59.508,22.9100,100
57364652053705,15:56:04.652,22.9100,5
57390742079072,15:56:30.742,22.9200,100
57390742079072,15:56:30.742,22.9200,11
57439223363438,15:57:19.223,22.9100,100
57467456021460,15:57:47.456,22.9000,100
57471290073892,15:57:51.290,22.9000,5
57526128380871,15:58:46.128,22.9000,36
57526128589191,15:58:46.128,22.9000,5
57526174901822,15:58:46.174,22.9000,59
57550041109844,15:59:10.041,22.9100,100
57555119909218,15:59:15.119,22.9500,100
57555119909218,15:59:15.119,22.9500,100
57555407511954,15:59:15.407,22.9600,100
57580690010765,15:59:40.690,22.9700,83
57600634217497,16:00:00.634,0.0000,0
