timestamp,time,price,volume
34200412131550,09:30:00.412,90.9800,6831
34284070113040,09:31:24.070,90.7000,1
34284070113040,09:31:24.070,90.7000,29
34366604261364,09:32:46.604,90.8500,9
34366604261364,09:32:46.604,90.8800,49
34366604288622,09:32:46.604,90.8800,61
34366604308594,09:32:46.604,90.8800,23
34366604429087,09:32:46.604,90.8800,100
34366604497704,09:32:46.604,90.8600,6
34366604497704,09:32:46.604,90.8700,6
34366604819659,09:32:46.604,90.8800,100
34389466799426,09:33:09.466,90.9500,100
34389466799426,09:33:09.466,90.9600,100
34389467360841,09:33:09.467,90.9900,1
34389467366598,09:33:09.467,91.0000,21
34389467366598,09:33:09.467,91.0000,5
34389467593258,09:33:09.467,91.0000,5
34389467593258,09:33:09.467,91.0000,12
34389467596237,09:33:09.467,91.0000,20
34389467596237,09:33:09.467,91.0000,53
34389467597229,09:33:09.467,91.0000,47
34389467597229,09:33:09.467,91.0000,27
34389467603688,09:33:09.467,91.0000,27
34389467609915,09:33:09.467,91.0000,16
34389467609915,09:33:09.467,91.0000,22
34400831321953,09:33:20.831,90.9200,8
34400831321953,09:33:20.831,90.9200,80
34400831335571,09:33:20.831,90.9200,20
34400831335571,09:33:20.831,90.9200,49
34400831366138,09:33:20.831,90.9200,15
34400831371542,09:33:20.831,90.9100,49
34403015205054,09:33:23.015,90.9100,49
34403015205054,09:33:23.015,90.9100,51
34442873887790,09:34:02.873,90.7600,22
34451370926359,09:34:11.370,90.8000,1
34489799886830,09:34:49.799,90.7100,8
34489799957180,09:34:49.799,90.7000,100
34489800024582,09:34:49.800,90.6800,5
34489800032920,09:34:49.800,90.6700,100
34489826969097,09:34:49.826,90.6700,50
34489826982596,09:34:49.826,90.6700,100
34489826989976,09:34:49.826,90.6700,50
34489829528546,09:34:49.829,90.6700,10
34489846780623,09:34:49.846,90.6900,100
34489866681349,09:34:49.866,90.7000,100
34489887122540,09:34:49.887,90.7100,49
34641208286200,09:37:21.208,90.7000,75
34641208303685,09:37:21.208,90.7000,25
34641208303685,09:37:21.208,90.7100,1
34641208330120,09:37:21.208,90.7100,99
34641208330120,09:37:21.208,90.7100,1
34643813258117,09:37:23.813,90.7600,1
34643813258117,09:37:23.813,90.7600,1
34722502433281,09:38:42.502,90.8200,100
34722614182187,09:38:42.614,90.8600,100
34722614249198,09:38:42.614,90.8600,100
34723846858343,09:38:43.846,90.8700,1
34743791434036,09:39:03.791,90.9000,100
34743791475512,09:39:03.791,90.9000,100
34756422305639,09:39:16.422,90.9500,100
34756422305639,09:39:16.422,90.8900,100
34756422305639,09:39:16.422,90.8800,8
34756422305639,09:39:16.422,90.8800,24
34756422509008,09:39:16.422,90.8800,76
34756422509008,09:39:16.422,90.8800,100
34756422509008,09:39:16.422,90.8800,24
34783084990877,09:39:43.084,90.9500,100
34859477893232,09:40:59.477,90.8300,8
34859477893232,09:40:59.477,90.8300,68
34859488964019,09:40:59.488,90.8300,32
34859488964019,09:40:59.488,90.8300,68
34866835126033,09:41:06.835,90.8000,100
34866835191654,09:41:06.835,90.8000,100
34866835201515,09:41:06.835,90.8000,100
34866835680110,09:41:06.835,90.8000,59
34866836038728,09:41:06.836,90.7600,4
34866850569864,09:41:06.850,90.7600,4
34866874062560,09:41:06.874,90.7900,1
34866894872692,09:41:06.894,90.7100,143
34866894921365,09:41:06.894,90.7100,57
34908327753736,09:41:48.327,90.7700,1
34908329379183,09:41:48.329,90.7700,40
34947194879767,09:42:27.194,90.8100,8
34947194879767,09:42:27.194,90.8100,100
34947194879767,09:42:27.194,90.8100,1
35047802771207,09:44:07.802,90.6900,8
35047802771207,09:44:07.802,90.6700,67
35047803065814,09:44:07.803,90.6700,33
35047803065814,09:44:07.803,90.6700,10
35047803066888,09:44:07.803,90.6700,90
35047803066888,09:44:07.803,90.6700,2
35047807549489,09:44:07.807,90.6400,2
35074190723562,09:44:34.190,90.5900,8
35074190723562,09:44:34.190,90.5900,53
35074192408089,09:44:34.192,90.5700,100
35105810368958,09:45:05.810,90.6100,2
35105810387852,09:45:05.810,90.6200,100
35105810387852,09:45:05.810,90.6300,36
35105810399762,09:45:05.810,90.6300,64
35105810399762,09:45:05.810,90.6300,1
35105810399762,09:45:05.810,90.6400,1
35105811074888,09:45:05.811,90.6100,100
35105811074888,09:45:05.811,90.6100,100
35163031247034,09:46:03.031,90.6100,8
35175010408180,09:46:15.010,90.6600,1
35175022586165,09:46:15.022,90.6800,10
35175022706553,09:46:15.022,90.6600,10
35175022731456,09:46:15.022,90.6600,10
35245169198700,09:47:25.169,90.7500,1
35245169202844,09:47:25.169,90.7500,1
35245169215861,09:47:25.169,90.7500,1
35245169237171,09:47:25.169,90.7500,1
35245169244051,09:47:25.169,90.7500,17
35314797600960,09:48:34.797,90.7300,1
35372786244228,09:49:32.786,90.6900,1
35372786333455,09:49:32.786,90.6500,100
35372787148392,09:49:32.787,90.6300,3
35372787148392,09:49:32.787,90.6300,68
35372787618346,09:49:32.787,90.6000,24
35372787623859,09:49:32.787,90.6000,50
35372787630637,09:49:32.787,90.6000,26
35386534872129,09:49:46.534,90.6300,8
35421567472864,09:50:21.567,90.6400,1
35423784081311,09:50:23.784,90.6200,1
35430201151980,09:50:30.201,90.5600,1
35430201224682,09:50:30.201,90.5600,100
35430201233463,09:50:30.201,90.5500,1
35430201301036,09:50:30.201,90.5600,73
35468481775043,09:51:08.481,90.5200,10
35468481775043,09:51:08.481,90.5200,90
35468481801344,09:51:08.481,90.5200,10
35468481801344,09:51:08.481,90.5200,4
35468481801344,09:51:08.481,90.5200,1
35468481843446,09:51:08.481,90.5100,47
35468482025214,09:51:08.482,90.5100,53
35508715284383,09:51:48.715,90.4700,1
35514612791697,09:51:54.612,90.5200,8
35544367979628,09:52:24.367,90.4500,100
35544367979628,09:52:24.367,90.4500,10
35550798330489,09:52:30.798,90.3700,3
35554679418517,09:52:34.679,90.3000,8
35575477923738,09:52:55.477,90.3000,9
35585223076765,09:53:05.223,90.2700,1
35621460885906,09:53:41.460,90.3000,7
35630261816809,09:53:50.261,90.2200,4
35630261816809,09:53:50.261,90.2100,8
35630261816809,09:53:50.261,90.2100,100
35630261816809,09:53:50.261,90.2100,88
35630261878129,09:53:50.261,90.2100,12
35661768251408,09:54:21.768,90.2100,1
35666242463963,09:54:26.242,90.2900,2
35723590688428,09:55:23.590,90.2900,100
35723590688428,09:55:23.590,90.2900,100
35723590688428,09:55:23.590,90.2900,1
35723590758288,09:55:23.590,90.2900,100
35723590794194,09:55:23.590,90.3000,100
35723689106188,09:55:23.689,90.3300,1
35741964944852,09:55:41.964,90.3500,1
35804245495700,09:56:44.245,90.3000,1
35833560260112,09:57:13.560,90.2400,18
35833560339567,09:57:13.560,90.2400,1
35833560342945,09:57:13.560,90.2400,99
35833561596355,09:57:13.561,90.2200,100
35833582474133,09:57:13.582,90.2200,1
35851694909387,09:57:31.694,90.2200,7
35854977933965,09:57:34.977,90.1300,99
35854978196084,09:57:34.978,90.1300,1
35854978196084,09:57:34.978,90.1300,1
35854978277465,09:57:34.978,90.1300,100
35928142603324,09:58:48.142,90.1500,100
35928146662989,09:58:48.146,90.1500,6
35928146662989,09:58:48.146,90.1500,21
35963670768270,09:59:23.670,90.1500,33
35963670781251,09:59:23.670,90.1500,67
35971564422736,09:59:31.564,90.1500,10
35980511881497,09:59:40.511,90.1900,1
36000875009443,10:00:00.875,90.1350,100
36011968865355,10:00:11.968,90.1900,2
36018577012294,10:00:18.577,90.1450,100
36026960393162,10:00:26.960,90.1900,2
36031009222095,10:00:31.009,90.1900,96
36031009222095,10:00:31.009,90.1900,114
36060288443535,10:01:00.288,90.2600,91
36060371796148,10:01:00.371,90.3100,1
36060371796148,10:01:00.371,90.3100,1
36060372417789,10:01:00.372,90.3000,100
36060372436399,10:01:00.372,90.3000,19
36060373240887,10:01:00.373,90.3100,100
36062207714463,10:01:02.207,90.3200,2
36070842831738,10:01:10.842,90.2600,60
36070842896967,10:01:10.842,90.2300,60
36112700358146,10:01:52.700,90.3000,21
36112700387786,10:01:52.700,90.3000,3
36112700487635,10:01:52.700,90.3000,1
36142668373142,10:02:22.668,90.2700,1
36155737097899,10:02:35.737,90.2400,100
36155737185286,10:02:35.737,90.2300,100
36155737447663,10:02:35.737,90.2200,2
36158741207411,10:02:38.741,90.2000,1
36160848229385,10:02:40.848,90.1900,100
36160848612715,10:02:40.848,90.1800,100
36166688256707,10:02:46.688,90.1400,2
36166725945506,10:02:46.725,90.1400,100
36171009294209,10:02:51.009,90.2000,1
36171009307444,10:02:51.009,90.2300,37
36171009309828,10:02:51.009,90.2300,40
36171009325049,10:02:51.009,90.2300,23
36204128508039,10:03:24.128,90.1800,100
36280525977796,10:04:40.525,90.1300,41
36280550153104,10:04:40.550,90.1200,4
36309051370397,10:05:09.051,90.1500,100
36309051370397,10:05:09.051,90.1500,77
36309051370397,10:05:09.051,90.1500,13
36309051401054,10:05:09.051,90.1500,82
36309051458969,10:05:09.051,90.1600,100
36360023851250,10:06:00.023,90.2100,100
36417472586208,10:06:57.472,90.1700,4
36417472586208,10:06:57.472,90.1700,63
36447259684702,10:07:27.259,90.1600,88
36447260000481,10:07:27.260,90.1600,100
36454148984772,10:07:34.148,90.1450,100
36527581550953,10:08:47.581,90.2000,47
36527581568453,10:08:47.581,90.2000,20
36527581571341,10:08:47.581,90.2000,33
36527581571341,10:08:47.581,90.2000,1
36527581571341,10:08:47.581,90.2000,42
36527581585202,10:08:47.581,90.2200,2
36527581591022,10:08:47.581,90.2200,12
36527581662244,10:08:47.581,90.2200,17
36527581682143,10:08:47.581,90.2200,59
36527581683439,10:08:47.581,90.2200,10
36622238197020,10:10:22.238,90.2200,200
36622238197020,10:10:22.238,90.2200,46
36622255320022,10:10:22.255,90.2100,200
36622255350505,10:10:22.255,90.2100,100
36622255350505,10:10:22.255,90.2100,100
36625342189421,10:10:25.342,90.2200,15
36625342381572,10:10:25.342,90.2200,15
36625342430733,10:10:25.342,90.2200,85
36635634828784,10:10:35.634,90.2150,100
36655614865194,10:10:55.614,90.1700,6
36655614865194,10:10:55.614,90.1700,3
36681142076180,10:11:21.142,90.2100,14
36707094721010,10:11:47.094,90.2500,2
36708689263762,10:11:48.689,90.2600,4
36708691265018,10:11:48.691,90.2900,100
36708693733316,10:11:48.693,90.3000,100
36735650253919,10:12:15.650,90.2900,5
36735662826938,10:12:15.662,90.3100,1
36736617508563,10:12:16.617,90.2900,1
36882213149359,10:14:42.213,90.2400,18
36905024365074,10:15:05.024,90.2800,100
36905024776123,10:15:05.024,90.2800,1
36942283577441,10:15:42.283,90.2200,200
36942283577441,10:15:42.283,90.2200,100
36942283577441,10:15:42.283,90.2200,100
36942283577441,10:15:42.283,90.2200,100
36942284275900,10:15:42.284,90.2000,90
36942284304540,10:15:42.284,90.2000,10
36942300902118,10:15:42.300,90.2400,1
36942302710854,10:15:42.302,90.2400,99
36942302710854,10:15:42.302,90.2500,1
36956369416266,10:15:56.369,90.2200,5
36971324439315,10:16:11.324,90.2200,14
36971324439315,10:16:11.324,90.2200,1
36976629190247,10:16:16.629,90.2000,28
36979323035487,10:16:19.323,90.2000,72
36979323035487,10:16:19.323,90.2000,28
36979328774666,10:16:19.328,90.2000,11
36979330909289,10:16:19.330,90.2000,61
36979330909289,10:16:19.330,90.2000,10
36979330909289,10:16:19.330,90.2000,100
37039547603287,10:17:19.547,90.1800,100
37039547631225,10:17:19.547,90.1800,100
37039547650911,10:17:19.547,90.1800,100
37039547811384,10:17:19.547,90.1700,100
37039551416501,10:17:19.551,90.1800,4
37060759598277,10:17:40.759,90.1800,14
37091514350715,10:18:11.514,90.1100,10
37091514374907,10:18:11.514,90.1100,2
37091514391870,10:18:11.514,90.1000,100
37148273400156,10:19:08.273,90.0300,2
37178030522734,10:19:38.030,90.0800,2
37196249143788,10:19:56.249,90.0800,100
37214133146458,10:20:14.133,90.0600,2
37214133146458,10:20:14.133,90.0600,50
37214133146458,10:20:14.133,90.0400,48
37273299322216,10:21:13.299,90.0600,23
37273299367142,10:21:13.299,90.0600,77
37273299596278,10:21:13.299,90.0600,52
37273322005636,10:21:13.322,90.0400,100
37406624107754,10:23:26.624,90.0500,14
37508654422085,10:25:08.654,90.1000,68
37508654422085,10:25:08.654,90.1000,5
37508686835126,10:25:08.686,90.1300,1
37508686858824,10:25:08.686,90.1300,99
37508689318932,10:25:08.689,90.1600,100
37563489772021,10:26:03.489,90.3100,1
37565694199343,10:26:05.694,90.3200,1
37565694199343,10:26:05.694,90.3600,99
37565694569388,10:26:05.694,90.3200,100
37635697324675,10:27:15.697,90.3400,20
37635697336542,10:27:15.697,90.3400,80
37686700023478,10:28:06.700,90.3300,100
37737084505114,10:28:57.084,90.3700,13
37766702672035,10:29:26.702,90.3600,5
37766702706467,10:29:26.702,90.3700,87
37766702706467,10:29:26.702,90.3700,100
37766702706467,10:29:26.702,90.3700,1
37768212494032,10:29:28.212,90.4500,100
37817044115024,10:30:17.044,90.4700,100
37817044115024,10:30:17.044,90.4300,100
37817044158105,10:30:17.044,90.4300,100
37817044372306,10:30:17.044,90.4100,26
37817044374084,10:30:17.044,90.4100,67
37817044376744,10:30:17.044,90.4100,7
37817044376744,10:30:17.044,90.4100,2
37817044390816,10:30:17.044,90.4000,91
37817044394811,10:30:17.044,90.4000,9
37817064646990,10:30:17.064,90.4800,1
37877708065070,10:31:17.708,90.4400,100
37877708065070,10:31:17.708,90.4400,100
37935469161064,10:32:15.469,90.4800,50
37935469166892,10:32:15.469,90.4800,50
37935469187146,10:32:15.469,90.4800,14
37935469187146,10:32:15.469,90.4800,100
37935469425756,10:32:15.469,90.5000,5
37935469721439,10:32:15.469,90.5000,100
37978828951756,10:32:58.828,90.6000,1
37978828976875,10:32:58.828,90.6000,99
37978828976875,10:32:58.828,90.6000,100
37978843867849,10:32:58.843,90.6300,1
37985459784927,10:33:05.459,90.6400,100
38000711049467,10:33:20.711,90.6400,100
38005243661461,10:33:25.243,90.6500,100
38005243661461,10:33:25.243,90.6400,10
38017031034124,10:33:37.031,90.6550,100
38017031034124,10:33:37.031,90.6400,50
38017031048475,10:33:37.031,90.6400,40
38017031048475,10:33:37.031,90.6400,10
38017031048475,10:33:37.031,90.6400,100
38017031081346,10:33:37.031,90.6400,1
38017031081346,10:33:37.031,90.6400,23
38017031081346,10:33:37.031,90.6400,77
38017032903119,10:33:37.032,90.6400,100
38017034191556,10:33:37.034,90.6400,7
38017034205251,10:33:37.034,90.6400,93
38060715585665,10:34:20.715,90.6600,100
38060716588276,10:34:20.716,90.6600,100
38121155399013,10:35:21.155,90.6200,19
38142517418954,10:35:42.517,90.6900,6
38142517418954,10:35:42.517,90.6900,1
38142517418954,10:35:42.517,90.6900,100
38142517418954,10:35:42.517,90.6900,93
38142517447945,10:35:42.517,90.6900,7
38142557636914,10:35:42.557,90.7000,100
38169914297554,10:36:09.914,90.7400,25
38195639089115,10:36:35.639,90.7100,16
38216705847368,10:36:56.705,90.7200,26
38219920948010,10:36:59.920,90.7300,100
38222195292132,10:37:02.195,90.7100,84
38222195292132,10:37:02.195,90.7100,100
38222195292132,10:37:02.195,90.7100,1
38222195292132,10:37:02.195,90.7100,100
38222195292132,10:37:02.195,90.7100,100
38222195292132,10:37:02.195,90.7100,15
38222195352546,10:37:02.195,90.7100,37
38222195352546,10:37:02.195,90.7100,23
38222245914850,10:37:02.245,90.6800,80
38222245953339,10:37:02.245,90.6800,20
38222245953339,10:37:02.245,90.6800,1
38222261274251,10:37:02.261,90.6850,100
38223257170791,10:37:03.257,90.6600,100
38223257219774,10:37:03.257,90.6600,1
38224260918228,10:37:04.260,90.6500,100
38224260918228,10:37:04.260,90.6500,93
38226163094562,10:37:06.163,90.6500,7
38226167213809,10:37:06.167,90.6500,100
38226167213809,10:37:06.167,90.6200,4
38238141620015,10:37:18.141,90.6200,96
38238141620015,10:37:18.141,90.6200,4
38238141620015,10:37:18.141,90.6200,1
38247775912251,10:37:27.775,90.6600,2
38289541296487,10:38:09.541,90.6600,1
38289553930373,10:38:09.553,90.7200,1
38336382582872,10:38:56.382,90.6500,100
38336398983945,10:38:56.398,90.6400,15
38336401251135,10:38:56.401,90.6700,2
38337383537184,10:38:57.383,90.6500,44
38337383545643,10:38:57.383,90.6500,56
38422128722524,10:40:22.128,90.6500,100
38422233763092,10:40:22.233,90.6600,1
38449971539723,10:40:49.971,90.5900,79
38449971546919,10:40:49.971,90.5900,21
38449971546919,10:40:49.971,90.5900,63
38449971552559,10:40:49.971,90.5900,21
38449971554876,10:40:49.971,90.5900,16
38449971554876,10:40:49.971,90.5900,100
38542263761904,10:42:22.263,90.5400,5
38542263761904,10:42:22.263,90.5400,100
38542263761904,10:42:22.263,90.5400,85
38542263789578,10:42:22.263,90.5400,15
38542263789578,10:42:22.263,90.5400,100
38542263789578,10:42:22.263,90.5400,100
38542264276276,10:42:22.264,90.5400,100
38565653372751,10:42:45.653,90.5000,14
38565653372751,10:42:45.653,90.5000,53
38565653374374,10:42:45.653,90.5000,47
38565653374374,10:42:45.653,90.5000,19
38565653383586,10:42:45.653,90.5000,67
38565653390862,10:42:45.653,90.5000,14
38585134131379,10:43:05.134,90.5300,100
38585134131379,10:43:05.134,90.5300,100
38585134131379,10:43:05.134,90.5300,100
38585134854084,10:43:05.134,90.5400,1
38585152485332,10:43:05.152,90.5500,100
38647842806070,10:44:07.842,90.5800,100
38647842806070,10:44:07.842,90.5800,1
38741542057129,10:45:41.542,90.6300,100
38741542890388,10:45:41.542,90.6300,14
38741542970107,10:45:41.542,90.6300,86
38774122568736,10:46:14.122,90.6500,100
38774123519659,10:46:14.123,90.6400,100
38774123519659,10:46:14.123,90.6400,53
38774127340774,10:46:14.127,90.6400,47
38774198186929,10:46:14.198,90.6600,1
38775123545128,10:46:15.123,90.6500,100
38823160290663,10:47:03.160,90.6200,100
38831443253772,10:47:11.443,90.5900,100
38843702090613,10:47:23.702,90.6000,2
38892269985854,10:48:12.269,90.5600,43
38892269997274,10:48:12.269,90.5600,57
38892269997274,10:48:12.269,90.5600,72
38892270747205,10:48:12.270,90.5500,64
38892270747766,10:48:12.270,90.5500,36
38892280806825,10:48:12.280,90.5600,100
38892493488239,10:48:12.493,90.5300,3
38947254729729,10:49:07.254,90.5300,100
38960770913375,10:49:20.770,90.5700,100
38960770913375,10:49:20.770,90.5700,100
38960770942083,10:49:20.770,90.5700,2
39017751564360,10:50:17.751,90.6000,2
39017782531719,10:50:17.782,90.6200,100
39039771445715,10:50:39.771,90.6100,100
39039771808397,10:50:39.771,90.6000,52
39039771808397,10:50:39.771,90.6000,100
39039771808397,10:50:39.771,90.6000,100
39039772079799,10:50:39.772,90.5800,100
39039776434475,10:50:39.776,90.6000,39
39039776437457,10:50:39.776,90.6000,61
39039776452483,10:50:39.776,90.6000,100
39039834617924,10:50:39.834,90.6100,3
39040772345282,10:50:40.772,90.6100,100
39111606955088,10:51:51.606,90.6100,4
39111607214660,10:51:51.607,90.6100,96
39219956839430,10:53:39.956,90.6100,39
39219957020422,10:53:39.957,90.6100,61
39219971163715,10:53:39.971,90.6100,4
39220957897033,10:53:40.957,90.6100,96
39220957897033,10:53:40.957,90.6100,4
39223101199471,10:53:43.101,90.5800,1
39233384501497,10:53:53.384,90.5700,100
39233384602724,10:53:53.384,90.5700,100
39234516883098,10:53:54.516,90.5500,42
39234516884702,10:53:54.516,90.5500,58
39234516884702,10:53:54.516,90.5500,2
39234516891389,10:53:54.516,90.5500,98
39234516891389,10:53:54.516,90.5500,65
39234516903461,10:53:54.516,90.5500,32
39234516944343,10:53:54.516,90.5500,3
39234516944343,10:53:54.516,90.5500,1
39256672906890,10:54:16.672,90.5900,100
39256672906890,10:54:16.672,90.5900,2
39256673293961,10:54:16.673,90.6000,100
39308073852586,10:55:08.073,90.6600,100
39308073974026,10:55:08.073,90.6700,100
39308111385884,10:55:08.111,90.7400,100
39308111413818,10:55:08.111,90.7400,100
39356261742443,10:55:56.261,90.7300,3
39356573351632,10:55:56.573,90.7250,100
39356573351632,10:55:56.573,90.7000,100
39356573351632,10:55:56.573,90.7000,100
39356573383491,10:55:56.573,90.7000,100
39417263789788,10:56:57.263,90.7200,3
39422681859129,10:57:02.681,90.7100,100
39462472033175,10:57:42.472,90.7200,100
39462472176903,10:57:42.472,90.7100,70
39462472311425,10:57:42.472,90.7100,30
39462472311425,10:57:42.472,90.7100,100
39462472350933,10:57:42.472,90.7000,31
39462472455423,10:57:42.472,90.7000,31
39462472493232,10:57:42.472,90.7000,30
39462472506349,10:57:42.472,90.7000,8
39462472506349,10:57:42.472,90.7000,23
39462472591411,10:57:42.472,90.7000,31
39462472654078,10:57:42.472,90.7000,31
39462472767644,10:57:42.472,90.7000,15
39462472767644,10:57:42.472,90.7000,85
39462472775024,10:57:42.472,90.7000,15
39462473146166,10:57:42.473,90.6800,31
39462473399164,10:57:42.473,90.6800,31
39462476359886,10:57:42.476,90.7100,107
39462476364855,10:57:42.476,90.7100,74
39462480784991,10:57:42.480,90.6800,38
39466796927692,10:57:46.796,90.6700,100
39466796927692,10:57:46.796,90.6700,3
39466796927692,10:57:46.796,90.6700,100
39498359732065,10:58:18.359,90.6500,3
39498359732065,10:58:18.359,90.6500,10
39518859740929,10:58:38.859,90.6200,65
39518859752858,10:58:38.859,90.6200,35
39518859752858,10:58:38.859,90.6200,69
39518859755931,10:58:38.859,90.6200,31
39518859755931,10:58:38.859,90.6200,1
39518859758021,10:58:38.859,90.6200,5
39518859758021,10:58:38.859,90.6200,100
39518859758021,10:58:38.859,90.6200,47
39518859759000,10:58:38.859,90.6200,53
39518859759000,10:58:38.859,90.6200,31
39518859766045,10:58:38.859,90.6200,66
39518859772716,10:58:38.859,90.6200,3
39585104121052,10:59:45.104,90.6600,100
39585104121052,10:59:45.104,90.6600,2
39585104122322,10:59:45.104,90.6600,98
39585144953843,10:59:45.144,90.6700,7
39585164197479,10:59:45.164,90.7400,100
39585165406359,10:59:45.165,90.7500,100
39604937436178,11:00:04.937,90.7400,4
39605595749784,11:00:05.595,90.7500,6
39610086897455,11:00:10.086,90.7500,3
39662805492238,11:01:02.805,90.7600,11
39662805492238,11:01:02.805,90.7600,100
39662822811211,11:01:02.822,90.7700,6
39663310827729,11:01:03.310,90.8000,100
39663310827729,11:01:03.310,90.8000,100
39663311225042,11:01:03.311,90.8000,43
39663311225702,11:01:03.311,90.8000,57
39663643642997,11:01:03.643,90.8000,58
39664257039274,11:01:04.257,90.7800,3
39664257976611,11:01:04.257,90.7650,100
39664258123607,11:01:04.258,90.7500,100
39666848940438,11:01:06.848,90.7800,100
39673170000976,11:01:13.170,90.7600,100
39673170000976,11:01:13.170,90.7600,100
39673170980105,11:01:13.170,90.7700,100
39673202272271,11:01:13.202,90.8000,3
39711286122347,11:01:51.286,90.7400,31
39722270039226,11:02:02.270,90.7500,3
39722271900746,11:02:02.271,90.7300,1
39727011324058,11:02:07.011,90.7300,100
39727011324058,11:02:07.011,90.7300,5
39753011702352,11:02:33.011,90.7500,100
39778229856567,11:02:58.229,90.7200,100
39784260884156,11:03:04.260,90.7600,3
39787013763908,11:03:07.013,90.7500,100
39796432395154,11:03:16.432,90.7200,39
39796432402606,11:03:16.432,90.7200,61
39796432402606,11:03:16.432,90.7200,100
39796433196274,11:03:16.433,90.7100,100
39796433196274,11:03:16.433,90.7100,100
39835555018367,11:03:55.555,90.7250,100
39852997252679,11:04:12.997,90.7200,3
39857586062785,11:04:17.586,90.7000,100
39857586088685,11:04:17.586,90.7000,1
39857586088685,11:04:17.586,90.7000,100
39857586088685,11:04:17.586,90.7000,100
39899153201955,11:04:59.153,90.6800,100
39899168176424,11:04:59.168,90.6800,1
39899168176424,11:04:59.168,90.6800,99
39899168205104,11:04:59.168,90.6800,1
39899168205104,11:04:59.168,90.6800,100
39899404382743,11:04:59.404,90.6800,50
39899405707193,11:04:59.405,90.6800,50
39921490366961,11:05:21.490,90.6700,1
39968305843316,11:06:08.305,90.7000,3
39968305874617,11:06:08.305,90.7000,100
39968438697932,11:06:08.438,90.7000,100
39968438697932,11:06:08.438,90.7000,100
39968438697932,11:06:08.438,90.7000,100
39996464506622,11:06:36.464,90.6900,1
39996468286542,11:06:36.468,90.6900,99
40027257224161,11:07:07.257,90.7100,2
40036128691096,11:07:16.128,90.7100,14
40036312861671,11:07:16.312,90.7000,50
40036312874959,11:07:16.312,90.7000,24
40036312950962,11:07:16.312,90.6900,46
40036312960764,11:07:16.312,90.6900,54
40036312960764,11:07:16.312,90.6900,19
40036312970499,11:07:16.312,90.6900,81
40036312970499,11:07:16.312,90.6900,4
40036312984472,11:07:16.312,90.6900,62
40036313001308,11:07:16.313,90.6900,23
40036313178327,11:07:16.313,90.6900,11
40088256788535,11:08:08.256,90.6900,3
40088256837371,11:08:08.256,90.6800,100
40088256837371,11:08:08.256,90.6800,100
40088256837371,11:08:08.256,90.6800,100
40088257166513,11:08:08.257,90.7000,9
40088257197017,11:08:08.257,90.6900,100
40088257221203,11:08:08.257,90.6900,100
40088257221203,11:08:08.257,90.6900,100
40089258029981,11:08:09.258,90.6800,100
40089258029981,11:08:09.258,90.6800,1
40089258029981,11:08:09.258,90.6800,3
40089258057902,11:08:09.258,90.6800,97
40090812596862,11:08:10.812,90.6700,49
40090812655926,11:08:10.812,90.6700,8
40090812786801,11:08:10.812,90.6700,3
40090812788303,11:08:10.812,90.6700,40
40150496783461,11:09:10.496,90.6800,3
40150496783461,11:09:10.496,90.6800,81
40211256036129,11:10:11.256,90.6900,100
40211256036129,11:10:11.256,90.6900,100
40211256036129,11:10:11.256,90.6900,100
40211256036129,11:10:11.256,90.6900,2
40211256799488,11:10:11.256,90.7000,11
40211257688842,11:10:11.257,90.7000,100
40211261042864,11:10:11.261,90.7100,100
40211261977055,11:10:11.261,90.7200,100
40212256652769,11:10:12.256,90.7200,3
40281059531586,11:11:21.059,90.7200,3
40294453774977,11:11:34.453,90.7100,100
40294453803536,11:11:34.453,90.7100,100
40294460627119,11:11:34.460,90.6900,100
40294460627119,11:11:34.460,90.6900,72
40294460654680,11:11:34.460,90.6900,28
40294460654680,11:11:34.460,90.6900,100
40294460654680,11:11:34.460,90.6900,100
40294460654680,11:11:34.460,90.6900,38
40367013375996,11:12:47.013,90.7000,70
40413261083354,11:13:33.261,90.7000,2
40413284648363,11:13:33.284,90.7000,1
40424163865680,11:13:44.163,90.6800,100
40455257185195,11:14:15.257,90.7100,2
40471329173568,11:14:31.329,90.7200,1
40481462478549,11:14:41.462,90.7200,28
40481462479556,11:14:41.462,90.7200,71
40481462479556,11:14:41.462,90.7200,17
40481462480208,11:14:41.462,90.7200,43
40481462508368,11:14:41.462,90.7200,40
40516091355445,11:15:16.091,90.7100,2
40516091914263,11:15:16.091,90.6900,100
40572370029644,11:16:12.370,90.7200,11
40572370029644,11:16:12.370,90.7200,89
40574803685220,11:16:14.803,90.7200,2
40578896559921,11:16:18.896,90.7100,3
40578897432014,11:16:18.897,90.6800,100
40578897432014,11:16:18.897,90.6800,94
40578897463737,11:16:18.897,90.6800,6
40578897463737,11:16:18.897,90.6800,15
40578897463737,11:16:18.897,90.6800,100
40578897463737,11:16:18.897,90.6800,100
40579898673891,11:16:19.898,90.6800,100
40579898787494,11:16:19.898,90.6600,2
40707238168731,11:18:27.238,90.7500,2
40707258061909,11:18:27.258,90.7600,2
40763237203665,11:19:23.237,90.7600,3
40763238783632,11:19:23.238,90.7500,2
40763241088741,11:19:23.241,90.7400,100
40763241088741,11:19:23.241,90.7400,100
40763241088741,11:19:23.241,90.7400,100
40763241946640,11:19:23.241,90.7200,4
40763241946640,11:19:23.241,90.7200,4
40769666080837,11:19:29.666,90.7400,100
40769666080837,11:19:29.666,90.7200,96
40769666080837,11:19:29.666,90.7200,2
40820256753787,11:20:20.256,90.7400,3
40833031500965,11:20:33.031,90.7200,2
40833031500965,11:20:33.031,90.7200,100
40833031500965,11:20:33.031,90.7200,100
40833031500965,11:20:33.031,90.7200,100
40833041175112,11:20:33.041,90.7000,100
40881012609581,11:21:21.012,90.6600,100
40881012609581,11:21:21.012,90.6600,2
40881013054361,11:21:21.013,90.6600,5
40881013082586,11:21:21.013,90.6600,95
40881013676846,11:21:21.013,90.6600,2
40881130617881,11:21:21.130,90.6600,98
40889961902767,11:21:29.961,90.6400,1
40889961902767,11:21:29.961,90.6400,100
40889961999663,11:21:29.961,90.6400,100
40889962010280,11:21:29.962,90.6500,10
40889962282863,11:21:29.962,90.6500,29
40889962368394,11:21:29.962,90.6500,71
40889968029999,11:21:29.968,90.6600,100
40889968491074,11:21:29.968,90.6700,13
40897604844755,11:21:37.604,90.6600,100
40897604844755,11:21:37.604,90.6600,20
40897604925882,11:21:37.604,90.6600,20
40958692649841,11:22:38.692,90.6700,3
40958696861009,11:22:38.696,90.6400,6
40967820370572,11:22:47.820,90.6400,94
40967820370572,11:22:47.820,90.6400,100
40967820370572,11:22:47.820,90.6400,9
40967820370572,11:22:47.820,90.6400,1
40969555858763,11:22:49.555,90.6300,1
41003256070427,11:23:23.256,90.6100,2
41029574613724,11:23:49.574,90.5900,100
41052385295855,11:24:12.385,90.5900,50
41052385295855,11:24:12.385,90.5800,100
41052385295855,11:24:12.385,90.5800,50
41052385375591,11:24:12.385,90.5800,50
41082089091824,11:24:42.089,90.5600,100
41082089118155,11:24:42.089,90.5600,1
41116831916394,11:25:16.831,90.5600,82
41116832001233,11:25:16.832,90.5600,17
41116832001233,11:25:16.832,90.5600,6
41116832001233,11:25:16.832,90.5600,100
41116832001233,11:25:16.832,90.5600,97
41116832047262,11:25:16.832,90.5600,3
41116832047262,11:25:16.832,90.5600,4
41116832052483,11:25:16.832,90.5600,96
41116832532009,11:25:16.832,90.5500,100
41116832532009,11:25:16.832,90.5500,100
41170809466433,11:26:10.809,90.5300,100
41170809466433,11:26:10.809,90.5300,100
41170809466433,11:26:10.809,90.5300,100
41175249027276,11:26:15.249,90.4900,100
41175249071178,11:26:15.249,90.4900,1
41247256278111,11:27:27.256,90.5000,12
41247256711772,11:27:27.256,90.5100,100
41247256739614,11:27:27.256,90.5100,100
41256619058585,11:27:36.619,90.5100,2
41277989511899,11:27:57.989,90.4900,45
41300179338153,11:28:20.179,90.4800,5
41305447893928,11:28:25.447,90.4700,81
41305447903358,11:28:25.447,90.4700,11
41305447910905,11:28:25.447,90.4700,46
41305447931739,11:28:25.447,90.4700,20
41305447931739,11:28:25.447,90.4700,1
41305448615963,11:28:25.448,90.4600,100
41305448615963,11:28:25.448,90.4600,100
41340321705499,11:29:00.321,90.4800,100
41370028077160,11:29:30.028,90.4600,2
41370028776370,11:29:30.028,90.4500,4
41370053548358,11:29:30.053,90.4400,100
41428009138402,11:30:28.009,90.4500,2
41428009239542,11:30:28.009,90.4300,100
41428009239542,11:30:28.009,90.4300,100
41428009239542,11:30:28.009,90.4300,1
41428009239542,11:30:28.009,90.4300,100
41428009239542,11:30:28.009,90.4300,100
41428009239542,11:30:28.009,90.4300,16
41428009939546,11:30:28.009,90.4200,7
41444542645212,11:30:44.542,90.4100,40
41444542645212,11:30:44.542,90.4100,100
41444542645212,11:30:44.542,90.4100,2
41444542645212,11:30:44.542,90.4100,100
41444553943591,11:30:44.553,90.4100,1
41444554216729,11:30:44.554,90.4100,9
41444560339518,11:30:44.560,90.4100,91
41444560339518,11:30:44.560,90.4100,100
41488023011157,11:31:28.023,90.3900,2
41548010778280,11:32:28.010,90.3900,2
41549902182307,11:32:29.902,90.4100,100
41549902182307,11:32:29.902,90.4100,2
41549902182307,11:32:29.902,90.4100,100
41549902182307,11:32:29.902,90.4100,100
41608600881451,11:33:28.600,90.4900,2
41608600881451,11:33:28.600,90.4900,50
41615212835039,11:33:35.212,90.4700,17
41615213404885,11:33:35.213,90.4700,83
41615213404885,11:33:35.213,90.4700,50
41615213404885,11:33:35.213,90.4700,17
41645130969715,11:34:05.130,90.4600,100
41651608067530,11:34:11.608,90.4600,1
41651608067530,11:34:11.608,90.4600,100
41651608067530,11:34:11.608,90.4600,93
41651608199515,11:34:11.608,90.4500,100
41651608199515,11:34:11.608,90.4500,10
41652609040603,11:34:12.609,90.4600,100
41653007316693,11:34:13.007,90.4600,3
41653615385104,11:34:13.615,90.4700,100
41653615385104,11:34:13.615,90.4700,100
41670024981727,11:34:30.024,90.4800,2
41725809868127,11:35:25.809,90.5100,7
41738012303881,11:35:38.012,90.5100,2
41788046402395,11:36:28.046,90.5100,2
41788046611433,11:36:28.046,90.4900,69
41788046642802,11:36:28.046,90.5150,100
41788046642802,11:36:28.046,90.4900,31
41788046642802,11:36:28.046,90.4900,7
41788046642802,11:36:28.046,90.4900,5
41788046778919,11:36:28.046,90.4900,24
41788047342491,11:36:28.047,90.4900,44
41788047366755,11:36:28.047,90.4900,32
41795018126354,11:36:35.018,90.4800,37
41795018146942,11:36:35.018,90.4800,50
41795018356306,11:36:35.018,90.4800,2
41795018361882,11:36:35.018,90.4800,11
41795018361882,11:36:35.018,90.4800,35
41795018368129,11:36:35.018,90.4800,65
41795018368129,11:36:35.018,90.4800,1
41811743984110,11:36:51.743,90.5000,3
41908016190273,11:38:28.016,90.4900,2
41950057767140,11:39:10.057,90.4700,48
41950057810651,11:39:10.057,90.4700,52
41950057810651,11:39:10.057,90.4700,1
41950057810651,11:39:10.057,90.4700,100
41950057810651,11:39:10.057,90.4700,100
41950058051136,11:39:10.058,90.4600,50
41950058055600,11:39:10.058,90.4600,50
41950058055600,11:39:10.058,90.4600,9
41950058464946,11:39:10.058,90.4600,91
41950058464946,11:39:10.058,90.4600,9
41950058490333,11:39:10.058,90.4600,91
41950061857873,11:39:10.061,90.4700,100
41950062392856,11:39:10.062,90.4500,100
41950065854511,11:39:10.065,90.4700,56
41950065869780,11:39:10.065,90.4700,9
41950065878759,11:39:10.065,90.4700,35
41950065878759,11:39:10.065,90.4700,9
41950065931286,11:39:10.065,90.4700,91
41962926883897,11:39:22.926,90.4800,83
41962926899807,11:39:22.926,90.4800,17
41962926899807,11:39:22.926,90.4800,11
41962940825334,11:39:22.940,90.5000,100
41962940825334,11:39:22.940,90.5000,100
41962940825334,11:39:22.940,90.5000,31
41962940852608,11:39:22.940,90.5000,69
41962940852608,11:39:22.940,90.5000,100
41962941415840,11:39:22.941,90.5000,100
41962955183770,11:39:22.955,90.5700,100
41962990394854,11:39:22.990,90.5600,100
41963050044316,11:39:23.050,90.5800,6
42028055106405,11:40:28.055,90.5500,2
42034039544951,11:40:34.039,90.5400,100
42034039544951,11:40:34.039,90.5200,100
42034039544951,11:40:34.039,90.5200,100
42034039571861,11:40:34.039,90.5200,100
42074401905787,11:41:14.401,90.5200,36
42074401921737,11:41:14.401,90.5200,59
42074401940928,11:41:14.401,90.5200,5
42074401940928,11:41:14.401,90.5200,31
42074401955017,11:41:14.401,90.5200,50
42074401979037,11:41:14.401,90.5200,19
42074401979037,11:41:14.401,90.5200,4
42114271121089,11:41:54.271,90.5300,100
42164747943824,11:42:44.747,90.5900,4
42164747943824,11:42:44.747,90.5900,100
42171124292795,11:42:51.124,90.5850,100
42194097206530,11:43:14.097,90.5700,4
42194102075188,11:43:14.102,90.5700,1
42194102143745,11:43:14.102,90.5700,95
42194102143745,11:43:14.102,90.5700,7
42194102143745,11:43:14.102,90.5700,100
42194102143745,11:43:14.102,90.5700,100
42208789801768,11:43:28.789,90.5700,1
42232186727945,11:43:52.186,90.5700,99
42233187699974,11:43:53.187,90.5700,100
42233244401069,11:43:53.244,90.5500,100
42233244426323,11:43:53.244,90.5500,100
42233244426323,11:43:53.244,90.5500,1
42233244426323,11:43:53.244,90.5500,4
42272211722585,11:44:32.211,90.5400,46
42272211825410,11:44:32.211,90.5400,12
42272211894537,11:44:32.211,90.5400,12
42272211931203,11:44:32.211,90.5400,27
42272211945315,11:44:32.211,90.5400,3
42272211945315,11:44:32.211,90.5400,100
42272211945315,11:44:32.211,90.5400,3
42272211945315,11:44:32.211,90.5400,94
42272211955165,11:44:32.211,90.5400,6
42273027382015,11:44:33.027,90.5700,2
42327882266582,11:45:27.882,90.6100,100
42327882266582,11:45:27.882,90.6100,11
42332747531493,11:45:32.747,90.6200,2
42332748004066,11:45:32.748,90.6200,100
42336232046773,11:45:36.232,90.6100,100
42360265501264,11:46:00.265,90.6050,100
42364768813653,11:46:04.768,90.5800,3
42364773778000,11:46:04.773,90.5800,1
42388009008360,11:46:28.009,90.6000,2
42398057040808,11:46:38.057,90.5800,7
42398057068677,11:46:38.057,90.5800,89
42398057068677,11:46:38.057,90.5800,100
42398057068677,11:46:38.057,90.5800,100
42398063052141,11:46:38.063,90.5700,100
42398063076687,11:46:38.063,90.5700,100
42398063126389,11:46:38.063,90.5600,400
42398066487412,11:46:38.066,90.5300,100
42399064019453,11:46:39.064,90.5500,100
42401759756280,11:46:41.759,90.5500,100
42403549655321,11:46:43.549,90.5900,1
42403911457580,11:46:43.911,90.5900,99
42403912636744,11:46:43.912,90.6200,26
42403912636744,11:46:43.912,90.6300,74
42435193501288,11:47:15.193,90.5800,15
42436958646999,11:47:16.958,90.5700,2
42439207953668,11:47:19.207,90.5400,100
42439208695881,11:47:19.208,90.5200,100
42439208695881,11:47:19.208,90.5200,100
42441592092587,11:47:21.592,90.5400,1
42476265164763,11:47:56.265,90.5600,100
42628041145418,11:50:28.041,90.5800,2
42628041627793,11:50:28.041,90.5600,100
42628041627793,11:50:28.041,90.5600,100
42628041627793,11:50:28.041,90.5600,100
42628041627793,11:50:28.041,90.5600,100
42628041627793,11:50:28.041,90.5600,100
42628053610552,11:50:28.053,90.5600,6
42629023149405,11:50:29.023,90.5300,400
42629023149405,11:50:29.023,90.5300,1
42642807085594,11:50:42.807,90.5300,4
42685289899336,11:51:25.289,90.5300,6
42691555376226,11:51:31.555,90.5300,90
42725196044867,11:52:05.196,90.5400,7
42725196044867,11:52:05.196,90.5400,21
42725196044867,11:52:05.196,90.5400,100
42725196044867,11:52:05.196,90.5400,3
42725196863685,11:52:05.196,90.5500,50
42725196902634,11:52:05.196,90.5500,50
42725196928341,11:52:05.196,90.5500,6
42755461396630,11:52:35.461,90.5700,2
42826189882850,11:53:46.189,90.6200,2
42835857445988,11:53:55.857,90.6600,27
42920499366856,11:55:20.499,90.6600,3
42920500674245,11:55:20.500,90.6500,100
42920500674245,11:55:20.500,90.6500,10
42920500735979,11:55:20.500,90.6400,20
42920500742435,11:55:20.500,90.6400,50
42920500934553,11:55:20.500,90.6400,11
42920500937971,11:55:20.500,90.6400,19
42920500937971,11:55:20.500,90.6400,7
42920501381956,11:55:20.501,90.6400,70
42921644441992,11:55:21.644,90.6500,100
42921644494114,11:55:21.644,90.6400,100
42952869942750,11:55:52.869,90.6600,6
42952869942750,11:55:52.869,90.6700,94
42952869995577,11:55:52.869,90.6700,6
42952869995577,11:55:52.869,90.6700,14
42952869998730,11:55:52.869,90.6700,50
42952870022313,11:55:52.870,90.6700,36
42983615122076,11:56:23.615,90.6900,3
43034537052762,11:57:14.537,90.6900,100
43034537483061,11:57:14.537,90.6800,16
43034537523292,11:57:14.537,90.6800,50
43034537527153,11:57:14.537,90.6800,34
43034537527153,11:57:14.537,90.6800,100
43034537569801,11:57:14.537,90.6900,100
43034537569801,11:57:14.537,90.6900,71
43034537759429,11:57:14.537,90.6700,24
43034537766622,11:57:14.537,90.6700,76
43034543487506,11:57:14.543,90.6700,18
43034543535057,11:57:14.543,90.6700,82
43034654675968,11:57:14.654,90.6800,77
43035538675378,11:57:15.538,90.6800,23
43035538675378,11:57:15.538,90.6800,77
43035539018885,11:57:15.539,90.6800,23
43105704182756,11:58:25.704,90.6800,100
43105767789392,11:58:25.767,90.6900,3
43105767789392,11:58:25.767,90.6900,3
43105767789392,11:58:25.767,90.6900,44
43115750506461,11:58:35.750,90.6700,1
43115788070884,11:58:35.788,90.6500,62
43115788070884,11:58:35.788,90.6500,100
43115788070884,11:58:35.788,90.6500,100
43118159637552,11:58:38.159,90.6400,50
43118159661972,11:58:38.159,90.6400,50
43118159663276,11:58:38.159,90.6400,23
43168012655916,11:59:28.012,90.6100,2
43168012672183,11:59:28.012,90.6000,24
43168012672183,11:59:28.012,90.6000,35
43168012674082,11:59:28.012,90.6150,100
43168012674082,11:59:28.012,90.6000,56
43168012678480,11:59:28.012,90.6000,9
43168012678480,11:59:28.012,90.6000,59
43168012682405,11:59:28.012,90.6000,9
43168012910494,11:59:28.012,90.6000,32
43199417593340,11:59:59.417,90.6200,3
43199417595246,11:59:59.417,90.6200,3
43199417595246,11:59:59.417,90.6300,100
43199417595246,11:59:59.417,90.6300,74
43199417605700,11:59:59.417,90.6300,20
43199417685805,11:59:59.417,90.6300,6
43199417952483,11:59:59.417,90.6400,6
43246195202286,12:00:46.195,90.6200,1
43295547116542,12:01:35.547,90.6000,2
43295547238916,12:01:35.547,90.5900,51
43295547344530,12:01:35.547,90.5900,49
43295547344530,12:01:35.547,90.5900,25
43295547370671,12:01:35.547,90.5900,56
43295547402118,12:01:35.547,90.5900,100
43295554661190,12:01:35.554,90.6000,100
43302175106232,12:01:42.175,90.6200,2
43302175106232,12:01:42.175,90.6200,8
43302175175784,12:01:42.175,90.6300,46
43302175179426,12:01:42.175,90.6300,50
43302176083330,12:01:42.176,90.6300,4
43302176083330,12:01:42.176,90.6300,96
43302176122258,12:01:42.176,90.6300,4
43302180911722,12:01:42.180,90.6500,34
43348017108248,12:02:28.017,90.6500,2
43348017108248,12:02:28.017,90.6500,98
43348017134103,12:02:28.017,90.6500,2
43348017487851,12:02:28.017,90.6600,100
43353015659204,12:02:33.015,90.7200,2
43362086137149,12:02:42.086,90.7300,64
43362086149167,12:02:42.086,90.7300,36
43362090604609,12:02:42.090,90.7500,2
43362090628272,12:02:42.090,90.7500,98
43362102412033,12:02:42.102,90.7800,6
43409009930657,12:03:29.009,90.7800,2
43416256702241,12:03:36.256,90.7800,6
43416256702241,12:03:36.256,90.7800,94
43416256765362,12:03:36.256,90.7800,6
43416256765362,12:03:36.256,90.7800,10
43416256794182,12:03:36.256,90.7800,100
43436643523758,12:03:56.643,90.7600,14
43436643545222,12:03:56.643,90.7600,55
43437322359878,12:03:57.322,90.7600,31
43437322359878,12:03:57.322,90.7600,19
43437322370668,12:03:57.322,90.7600,50
43437322399342,12:03:57.322,90.7600,31
43437322399342,12:03:57.322,90.7600,100
43437322399342,12:03:57.322,90.7600,69
43437322404286,12:03:57.322,90.7600,5
43437322711776,12:03:57.322,90.7500,20
43449024558581,12:04:09.024,90.7300,55
43460175087791,12:04:20.175,90.7300,100
43460175087791,12:04:20.175,90.7300,100
43460175378987,12:04:20.175,90.7400,92
43460175524229,12:04:20.175,90.7400,8
43514134040270,12:05:14.134,90.7400,100
43514134040270,12:05:14.134,90.7200,20
43514134040270,12:05:14.134,90.7200,80
43514164968180,12:05:14.164,90.7200,20
43514164968180,12:05:14.164,90.7200,100
43514164968180,12:05:14.164,90.7200,78
43514164968180,12:05:14.164,90.7200,2
43514164996750,12:05:14.164,90.7200,98
43514164996750,12:05:14.164,90.7200,200
43514166756421,12:05:14.166,90.7100,6
43528349196155,12:05:28.349,90.6900,20
43590586814542,12:06:30.586,90.7100,2
43612234546008,12:06:52.234,90.7000,90
43612234572911,12:06:52.234,90.7000,10
43612234572911,12:06:52.234,90.7000,52
43612234572911,12:06:52.234,90.7000,26
43649010698969,12:07:29.010,90.7000,2
43665772481945,12:07:45.772,90.6800,100
43665772598161,12:07:45.772,90.6800,100
43665772598161,12:07:45.772,90.6800,2
43665772598161,12:07:45.772,90.6800,2
43665772598161,12:07:45.772,90.6800,100
43665772598161,12:07:45.772,90.6800,100
43665772859058,12:07:45.772,90.6700,20
43665772859058,12:07:45.772,90.6700,15
43665772865970,12:07:45.772,90.6700,15
43721077163002,12:08:41.077,90.7100,2
43721078104672,12:08:41.078,90.7200,19
43721078104672,12:08:41.078,90.7200,100
43721078314948,12:08:41.078,90.7200,100
43721118453682,12:08:41.118,90.7200,100
43722013950283,12:08:42.013,90.7200,1
43730374184262,12:08:50.374,90.7300,2
43743236980905,12:09:03.236,90.7200,7
43743236980905,12:09:03.236,90.7200,34
43743236980905,12:09:03.236,90.7200,59
43770814742462,12:09:30.814,90.7400,1
43824212782179,12:10:24.212,90.7400,100
43829015983866,12:10:29.015,90.7400,2
43888521133829,12:11:28.521,90.7400,35
43894559803570,12:11:34.559,90.7400,2
43894560037093,12:11:34.560,90.7400,2
43894560061114,12:11:34.560,90.7400,4
43894575635015,12:11:34.575,90.7400,71
43948013126877,12:12:28.013,90.7200,2
44015045286766,12:13:35.045,90.7400,6
44015045286766,12:13:35.045,90.7400,3
44015045286766,12:13:35.045,90.7400,91
44017068078197,12:13:37.068,90.7500,100
44017068078197,12:13:37.068,90.7500,85
44017068424290,12:13:37.068,90.7500,15
44017069107743,12:13:37.069,90.7500,6
44017069125732,12:13:37.069,90.7500,6
44018434635227,12:13:38.434,90.7500,2
44018434635227,12:13:38.434,90.7500,100
44029772305571,12:13:49.772,90.7400,100
44029772827055,12:13:49.772,90.7200,8
44034441720630,12:13:54.441,90.7100,100
44034475955939,12:13:54.475,90.7000,100
44034475955939,12:13:54.475,90.7000,100
44034475955939,12:13:54.475,90.7000,84
44060781649988,12:14:20.781,90.6900,47
44060781657483,12:14:20.781,90.7050,100
44060781657483,12:14:20.781,90.6900,19
44060781658521,12:14:20.781,90.6900,25
44060781724484,12:14:20.781,90.6900,9
44114166209740,12:15:14.166,90.6800,20
44114166209740,12:15:14.166,90.6800,24
44128493974508,12:15:28.493,90.6800,2
44209414458227,12:16:49.414,90.6900,100
44209414458227,12:16:49.414,90.6900,2
44209414558154,12:16:49.414,90.7000,25
44209416352482,12:16:49.416,90.7000,6
44210019097290,12:16:50.019,90.7000,6
44217394229242,12:16:57.394,90.7200,100
44248008061177,12:17:28.008,90.7200,2
44248008085386,12:17:28.008,90.7100,66
44248008163523,12:17:28.008,90.7100,34
44248008163523,12:17:28.008,90.7100,100
44248008163523,12:17:28.008,90.7100,6
44248008610544,12:17:28.008,90.7100,100
44248010505808,12:17:28.010,90.7300,6
44248010508687,12:17:28.010,90.7300,47
44248010509247,12:17:28.010,90.7300,47
44248016772011,12:17:28.016,90.7200,76
44249413588788,12:17:29.413,90.7200,24
44258781233643,12:17:38.781,90.7700,100
44280134741449,12:18:00.134,90.7800,100
44280138009114,12:18:00.138,90.7800,94
44280138057622,12:18:00.138,90.7800,6
44318115556245,12:18:38.115,90.8000,97
44318115556245,12:18:38.115,90.8000,3
44318241016416,12:18:38.241,90.8200,37
44324333727944,12:18:44.333,90.8000,2
44324333820558,12:18:44.333,90.7900,5
44324334189586,12:18:44.334,90.8000,100
44324334974770,12:18:44.334,90.7900,18
44324334980952,12:18:44.334,90.7900,50
44324334982803,12:18:44.334,90.7900,32
44351753296829,12:19:11.753,90.7900,89
44374757966276,12:19:34.757,90.7900,37
44374758056378,12:19:34.758,90.7900,63
44375409642445,12:19:35.409,90.8300,88
44375409642445,12:19:35.409,90.8300,6
44375409642445,12:19:35.409,90.8300,100
44376012806577,12:19:36.012,90.8200,1
44397006702261,12:19:57.006,90.8000,60
44397006714967,12:19:57.006,90.7900,100
44430016537804,12:20:30.016,90.7900,2
44438098673399,12:20:38.098,90.7800,100
44438098673399,12:20:38.098,90.7800,100
44438098673399,12:20:38.098,90.7800,9
44438099634613,12:20:38.099,90.7700,100
44438538505238,12:20:38.538,90.7600,20
44438538853740,12:20:38.538,90.7500,100
44438538853740,12:20:38.538,90.7500,24
44438540074703,12:20:38.540,90.7500,100
44438541205497,12:20:38.541,90.7700,66
44438541213440,12:20:38.541,90.7700,34
44438541551406,12:20:38.541,90.7500,100
44511862003333,12:21:51.862,90.7600,100
44512073586061,12:21:52.073,90.7600,100
44512073586061,12:21:52.073,90.7600,3
44515457102916,12:21:55.457,90.7800,2
44530753722675,12:22:10.753,90.7500,94
44530753788718,12:22:10.753,90.7400,10
44530753788718,12:22:10.753,90.7400,6
44530753792968,12:22:10.753,90.7400,37
44530754327030,12:22:10.754,90.7300,10
44530754793213,12:22:10.754,90.7200,20
44532484702910,12:22:12.484,90.7600,100
44546453989040,12:22:26.453,90.7700,2
44546454189812,12:22:26.454,90.7800,47
44546454305704,12:22:26.454,90.7800,53
44546455329253,12:22:26.455,90.8000,100
44546455606207,12:22:26.455,90.8000,100
44546456114667,12:22:26.456,90.8000,100
44568008705256,12:22:48.008,90.7400,4
44568009020739,12:22:48.009,90.7400,96
44568009082831,12:22:48.009,90.7400,96
44568009085354,12:22:48.009,90.7400,4
44600242535832,12:23:20.242,90.7100,100
44600242535832,12:23:20.242,90.7100,40
44638784431794,12:23:58.784,90.7000,50
44638784448446,12:23:58.784,90.6900,60
44638784458265,12:23:58.784,90.6900,40
44638784458265,12:23:58.784,90.6900,20
44638784458265,12:23:58.784,90.6900,4
44638784458265,12:23:58.784,90.6900,64
44638784469177,12:23:58.784,90.6900,36
44638784664447,12:23:58.784,90.6800,1
44659934323963,12:24:19.934,90.6700,11
44673967687315,12:24:33.967,90.6700,2
44674858875941,12:24:34.858,90.6900,100
44683594529750,12:24:43.594,90.7000,1
44683594529750,12:24:43.594,90.7000,48
44687302670653,12:24:47.302,90.6800,3
44687302672505,12:24:47.302,90.6800,3
44687732398480,12:24:47.732,90.6600,20
44687732398480,12:24:47.732,90.6600,3
44715630023854,12:25:15.630,90.6500,100
44715630023854,12:25:15.630,90.6500,100
44715682921338,12:25:15.682,90.6400,100
44715682921338,12:25:15.682,90.6400,1
44715683610584,12:25:15.683,90.6300,20
44741786042642,12:25:41.786,90.6200,50
44757773052241,12:25:57.773,90.6100,20
44762104812338,12:26:02.104,90.6300,100
44781313084983,12:26:21.313,90.6100,1
44781313127376,12:26:21.313,90.6100,1
44800300004908,12:26:40.300,90.6150,100
44816985006351,12:26:56.985,90.6300,100
44821170647284,12:27:01.170,90.6500,50
44821170661585,12:27:01.170,90.6500,50
44821170661585,12:27:01.170,90.6500,1
44848007195451,12:27:28.007,90.6600,2
44848011049218,12:27:28.011,90.6600,100
44848011049218,12:27:28.011,90.6400,67
44848011076971,12:27:28.011,90.6400,33
44848011076971,12:27:28.011,90.6400,67
44908008555099,12:28:28.008,90.6300,2
44938505498733,12:28:58.505,90.6500,4
44972011341513,12:29:32.011,90.6400,2
44995238263217,12:29:55.238,90.6500,37
45029944767949,12:30:29.944,90.6500,59
45031205463260,12:30:31.205,90.6600,100
45031205463260,12:30:31.205,90.6600,48
45031205463260,12:30:31.205,90.6600,1
45031784015827,12:30:31.784,90.6650,100
45031807164482,12:30:31.807,90.6900,7
45033016625485,12:30:33.016,90.6700,2
45054647022696,12:30:54.647,90.6800,100
45054647022696,12:30:54.647,90.6800,131
45088011822729,12:31:28.011,90.6800,2
45107265062218,12:31:47.265,90.6800,4
45119286997942,12:31:59.286,90.6800,2
45119597921844,12:31:59.597,90.6800,2
45119605999307,12:31:59.605,90.6700,10
45119605999307,12:31:59.605,90.6700,90
45119606028887,12:31:59.606,90.6700,10
45119606028887,12:31:59.606,90.6700,100
45123330449747,12:32:03.330,90.6600,100
45168084198959,12:32:48.084,90.6900,2
45168084198959,12:32:48.084,90.6900,100
45168084198959,12:32:48.084,90.6900,129
45185032760401,12:33:05.032,90.6700,100
45185032760401,12:33:05.032,90.6700,100
45211009475228,12:33:31.009,90.6700,2
45215715068822,12:33:35.715,90.6400,6
45215715308526,12:33:35.715,90.6400,16
45215715308526,12:33:35.715,90.6400,100
45215715308526,12:33:35.715,90.6400,6
45215715852810,12:33:35.715,90.6400,94
45215754219035,12:33:35.754,90.6300,100
45215754219035,12:33:35.754,90.6300,100
45215815828520,12:33:35.815,90.6300,100
45250956992958,12:34:10.956,90.6200,10
45250956992958,12:34:10.956,90.6200,10
45250956992958,12:34:10.956,90.6200,16
45292971289017,12:34:52.971,90.6100,8
45292971291639,12:34:52.971,90.6100,50
45292971295950,12:34:52.971,90.6100,42
45292971295950,12:34:52.971,90.6100,5
45292971313145,12:34:52.971,90.6100,68
45292971339140,12:34:52.971,90.6100,27
45292971339140,12:34:52.971,90.6100,23
45292971413108,12:34:52.971,90.6100,77
45292971413108,12:34:52.971,90.6100,1
45292971413108,12:34:52.971,90.6100,19
45292971413108,12:34:52.971,90.6100,2
45310607344183,12:35:10.607,90.5900,1
45310608229900,12:35:10.608,90.5900,19
45310608229900,12:35:10.608,90.5900,5
45310612491167,12:35:10.612,90.5900,100
45310616193699,12:35:10.616,90.5800,20
45310616193699,12:35:10.616,90.5700,20
45310616193699,12:35:10.616,90.5700,60
45311449558552,12:35:11.449,90.5700,3
45318165451639,12:35:18.165,90.5600,50
45335443770462,12:35:35.443,90.5500,2
45335443770462,12:35:35.443,90.5500,98
45350102896133,12:35:50.102,90.5600,1
45350102908403,12:35:50.102,90.5600,1
45350103006353,12:35:50.103,90.5600,1
45350103014232,12:35:50.103,90.5600,3
45350103045021,12:35:50.103,90.5800,1
45350103546855,12:35:50.103,90.5900,99
45350103551288,12:35:50.103,90.5900,1
45350134912280,12:35:50.134,90.6100,1
45350149330745,12:35:50.149,90.6100,3
45371236880689,12:36:11.236,90.5600,100
45374013803655,12:36:14.013,90.5600,31
45374013822657,12:36:14.013,90.5600,69
45374013822657,12:36:14.013,90.5600,3
45374014653479,12:36:14.014,90.5500,100
45420745086196,12:37:00.745,90.5700,1
45453047908585,12:37:33.047,90.5600,2
45461959073928,12:37:41.959,90.5500,100
45464060798023,12:37:44.060,90.5400,2
45464073848938,12:37:44.073,90.5400,13
45501229930426,12:38:21.229,90.5500,100
45501229930426,12:38:21.229,90.5500,100
45501229930426,12:38:21.229,90.5500,1
45508006911397,12:38:28.006,90.5800,1
45569014540509,12:39:29.014,90.5900,2
45569045695794,12:39:29.045,90.5800,100
45569045695794,12:39:29.045,90.5800,100
45569160653316,12:39:29.160,90.5700,100
45569160653316,12:39:29.160,90.5700,100
45569160653316,12:39:29.160,90.5700,100
45569162596111,12:39:29.162,90.5800,100
45569851382875,12:39:29.851,90.6100,1
45635035132784,12:40:35.035,90.5900,2
45636237748687,12:40:36.237,90.5600,100
45636237748687,12:40:36.237,90.5500,100
45636237947104,12:40:36.237,90.5600,100
45636238256241,12:40:36.238,90.5600,36
45708541620713,12:41:48.541,90.5600,2
45708542043355,12:41:48.542,90.5600,100
45708542082508,12:41:48.542,90.5500,1
45708545166349,12:41:48.545,90.5500,7
45708546797365,12:41:48.546,90.5500,93
45708552820495,12:41:48.552,90.5500,49
45708555115984,12:41:48.555,90.5500,50
45708555268703,12:41:48.555,90.5500,1
45748022961895,12:42:28.022,90.5400,100
45748022961895,12:42:28.022,90.5400,1
45748022961895,12:42:28.022,90.5400,1
45748023851445,12:42:28.023,90.5500,2
45815621528792,12:43:35.621,90.5400,2
45815621528792,12:43:35.621,90.5400,4
45815621901139,12:43:35.621,90.5500,10
45817777947084,12:43:37.777,90.5600,1
45817777972419,12:43:37.777,90.5600,99
45817777972419,12:43:37.777,90.5600,100
45817777972419,12:43:37.777,90.5600,1
45817993293523,12:43:37.993,90.5800,100
45817993293523,12:43:37.993,90.5800,100
45817993293523,12:43:37.993,90.5800,100
45818003071544,12:43:38.003,90.6000,100
45818003586000,12:43:38.003,90.6100,30
45845443137339,12:44:05.443,90.5800,1
45845443208089,12:44:05.443,90.5800,69
45886411568525,12:44:46.411,90.6100,1
45919312643757,12:45:19.312,90.6300,100
45952548572278,12:45:52.548,90.6300,2
45988015091518,12:46:28.015,90.6300,2
45998140741426,12:46:38.140,90.6100,2
45998140741426,12:46:38.140,90.6100,98
45998140768989,12:46:38.140,90.6100,2
45998140768989,12:46:38.140,90.6100,100
45999024896281,12:46:39.024,90.5900,1
46048026186801,12:47:28.026,90.6000,1
46176636705755,12:49:36.636,90.5700,2
46186980453062,12:49:46.980,90.5700,2
46189589915944,12:49:49.589,90.5700,8
46189589915944,12:49:49.589,90.5800,18
46215778625296,12:50:15.778,90.5800,82
46215778625296,12:50:15.778,90.5800,1
46218533482317,12:50:18.533,90.6200,100
46256072927444,12:50:56.072,90.6400,100
46289013170123,12:51:29.013,90.6700,2
46323295649759,12:52:03.295,90.6650,100
46323295962085,12:52:03.295,90.6650,100
46323296663155,12:52:03.296,90.6400,40
46323296710105,12:52:03.296,90.6400,60
46428525672584,12:53:48.525,90.6200,4
46428526109639,12:53:48.526,90.6100,50
46428527312045,12:53:48.527,90.6300,40
46428527336951,12:53:48.527,90.6300,60
46428527336951,12:53:48.527,90.6300,100
46428527336951,12:53:48.527,90.6300,100
46428557657619,12:53:48.557,90.6400,1
46443278307146,12:54:03.278,90.6400,2
46461909011633,12:54:21.909,90.6300,100
46461909011633,12:54:21.909,90.6300,138
46461909028210,12:54:21.909,90.6300,62
46461909037330,12:54:21.909,90.6300,62
46461909060270,12:54:21.909,90.6300,5
46461909100411,12:54:21.909,90.6300,62
46461909216834,12:54:21.909,90.6300,62
46461909222599,12:54:21.909,90.6300,62
46478425212913,12:54:38.425,90.6800,1
46478425768054,12:54:38.425,90.6900,99
46482758601804,12:54:42.758,90.7000,98
46482758711871,12:54:42.758,90.7000,2
46528012586639,12:55:28.012,90.6600,2
46535019949899,12:55:35.019,90.6550,100
46535019949899,12:55:35.019,90.6400,1
46535019949899,12:55:35.019,90.6400,100
46535019949899,12:55:35.019,90.6400,8
46535020050207,12:55:35.020,90.6400,100
46535020050207,12:55:35.020,90.6300,5
46535020315265,12:55:35.020,90.6300,95
46535020315265,12:55:35.020,90.6300,5
46569195766503,12:56:09.195,90.6200,100
46569195807822,12:56:09.195,90.6200,15
46569196047551,12:56:09.196,90.6200,85
46569196047551,12:56:09.196,90.6200,1
46588029036266,12:56:28.029,90.6500,2
46666657288698,12:57:46.657,90.6700,2
46719581273265,12:58:39.581,90.6700,2
46719581273265,12:58:39.581,90.6700,1
46719581300108,12:58:39.581,90.6500,100
46720015976026,12:58:40.015,90.6700,2
46808039186964,13:00:08.039,90.7000,3
46808039186964,13:00:08.039,90.7000,10
46808039186964,13:00:08.039,90.7000,100
46808039388434,13:00:08.039,90.7000,100
46833651030669,13:00:33.651,90.7000,100
46833657749057,13:00:33.657,90.6900,5
46833658106451,13:00:33.658,90.6900,100
46842992421824,13:00:42.992,90.7000,6
46843561039363,13:00:43.561,90.7050,100
46846460382058,13:00:46.460,90.7100,1
46862079896219,13:01:02.079,90.7000,3
46889360579811,13:01:29.360,90.7000,100
46943483410491,13:02:23.483,90.7000,14
46943484536252,13:02:23.484,90.7050,100
46944003077390,13:02:24.003,90.7200,4
46944003103407,13:02:24.003,90.7200,96
46944003103407,13:02:24.003,90.7200,2
46944003103407,13:02:24.003,90.7200,100
47044170914988,13:04:04.170,90.7100,3
47044170914988,13:04:04.170,90.7100,100
47117301536215,13:05:17.301,90.7400,3
47117301536215,13:05:17.301,90.7400,72
47117301543222,13:05:17.301,90.7400,28
47151676491002,13:05:51.676,90.7500,2
47161618306088,13:06:01.618,90.7300,1
47163414862510,13:06:03.414,90.7200,1
47168217103823,13:06:08.217,90.7300,100
47168217103823,13:06:08.217,90.7200,1
47168217103823,13:06:08.217,90.7200,99
47168217175536,13:06:08.217,90.7200,1
47221490870795,13:07:01.490,90.7500,10
47221490870795,13:07:01.490,90.7600,2
47221490870795,13:07:01.490,90.7700,22
47248024021565,13:07:28.024,90.7800,7
47250018610534,13:07:30.018,90.7900,2
47250018639681,13:07:30.018,90.7900,22
47250018649731,13:07:30.018,90.7900,78
47250018654693,13:07:30.018,90.7900,100
47250019134265,13:07:30.019,90.7800,11
47250020048486,13:07:30.020,90.7800,4
47250020741394,13:07:30.020,90.7700,100
47264198008541,13:07:44.198,90.7400,4
47314161854336,13:08:34.161,90.7200,2
47374357678909,13:09:34.357,90.7400,2
47374357678909,13:09:34.357,90.7400,98
47374357711670,13:09:34.357,90.7400,2
47374357711670,13:09:34.357,90.7400,56
47374358381237,13:09:34.358,90.7500,32
47374358405755,13:09:34.358,90.7500,68
47384865985737,13:09:44.865,90.7800,2
47428038342711,13:10:28.038,90.7600,100
47428038457980,13:10:28.038,90.7600,100
47428038903381,13:10:28.038,90.7800,10
47428038903381,13:10:28.038,90.7800,60
47428039012161,13:10:28.039,90.7600,10
47428039040850,13:10:28.039,90.7600,10
47470330971883,13:11:10.330,90.7700,2
47470330971883,13:11:10.330,90.7700,100
47470331140932,13:11:10.331,90.7700,7
47470331222902,13:11:10.331,90.7700,5
47514491608566,13:11:54.491,90.8400,5
47543240254790,13:12:23.240,90.8150,100
47543240772503,13:12:23.240,90.8000,100
47608012438226,13:13:28.012,90.8000,2
47655498954465,13:14:15.498,90.8050,100
47655498971509,13:14:15.498,90.7900,50
47655499138232,13:14:15.499,90.7900,50
47666241813974,13:14:26.241,90.8200,7
47666241813974,13:14:26.241,90.8200,3
47666241813974,13:14:26.241,90.8200,90
47727660097891,13:15:27.660,90.8100,100
47727660097891,13:15:27.660,90.8000,100
47727660124286,13:15:27.660,90.8000,100
47727664519421,13:15:27.664,90.7800,100
47727664519421,13:15:27.664,90.7800,100
47727664519421,13:15:27.664,90.7800,100
47727664519421,13:15:27.664,90.7800,100
47727664519421,13:15:27.664,90.7800,2
47727758156363,13:15:27.758,90.7700,20
47727758156363,13:15:27.758,90.7600,80
47727759157933,13:15:27.759,90.7600,20
47727759157933,13:15:27.759,90.7600,80
47727759185582,13:15:27.759,90.7600,20
47727759185582,13:15:27.759,90.7600,400
47727759185582,13:15:27.759,90.7600,100
47733053839559,13:15:33.053,90.7550,100
47752093281403,13:15:52.093,90.7600,100
47752093281403,13:15:52.093,90.7600,44
47752093293590,13:15:52.093,90.7600,56
47752093701208,13:15:52.093,90.7700,26
47752093795843,13:15:52.093,90.7700,74
47758559518314,13:15:58.559,90.7600,30
47924719570654,13:18:44.719,90.7700,2
47924719592398,13:18:44.719,90.7600,32
47924719598479,13:18:44.719,90.7600,96
47924719604254,13:18:44.719,90.7600,4
47976557258960,13:19:36.557,90.7700,2
47987026671033,13:19:47.026,90.7500,20
47987026671033,13:19:47.026,90.7500,98
47987026698425,13:19:47.026,90.7500,2
47987026698425,13:19:47.026,90.7500,4
47987026698425,13:19:47.026,90.7500,100
47987027183160,13:19:47.027,90.7400,20
47987027183160,13:19:47.027,90.7400,80
47987027194176,13:19:47.027,90.7400,20
47987028113578,13:19:47.028,90.7300,20
48032387755269,13:20:32.387,90.7400,100
48032388008269,13:20:32.388,90.7400,1
48033013967716,13:20:33.013,90.7500,2
48045804634942,13:20:45.804,90.7400,26
48045804661330,13:20:45.804,90.7400,74
48045963776738,13:20:45.963,90.7100,100
48045963776738,13:20:45.963,90.7100,7
48045963776738,13:20:45.963,90.7100,100
48050712306351,13:20:50.712,90.7100,12
48050712330962,13:20:50.712,90.7100,88
48142745092435,13:22:22.745,90.7100,2
48142745092435,13:22:22.745,90.7100,100
48142745333279,13:22:22.745,90.7000,10
48142745333279,13:22:22.745,90.7000,36
48142745336452,13:22:22.745,90.7000,48
48142745336982,13:22:22.745,90.7000,16
48142745343468,13:22:22.745,90.6900,20
48142745343468,13:22:22.745,90.6900,69
48142745734687,13:22:22.745,90.6900,331
48142746280528,13:22:22.746,90.7000,100
48142748872943,13:22:22.748,90.6800,20
48240289205143,13:24:00.289,90.6800,20
48264776038474,13:24:24.776,90.6800,12
48274062339650,13:24:34.062,90.7100,4
48274062348409,13:24:34.062,90.7100,96
48274062348409,13:24:34.062,90.7100,46
48274062381132,13:24:34.062,90.7100,54
48274298807743,13:24:34.298,90.7300,100
48274298807743,13:24:34.298,90.7300,100
48275019793150,13:24:35.019,90.7300,2
48298630012761,13:24:58.630,90.7000,100
48308209565737,13:25:08.209,90.7100,3
48329740705689,13:25:29.740,90.7000,2
48388028810227,13:26:28.028,90.7000,2
48448021938051,13:27:28.021,90.7000,2
48448022678855,13:27:28.022,90.6800,100
48448022678855,13:27:28.022,90.6800,189
48448783728898,13:27:28.783,90.6900,1
48464004584171,13:27:44.004,90.6800,100
48464305992868,13:27:44.305,90.6900,99
48464473661181,13:27:44.473,90.7100,5
48464473686645,13:27:44.473,90.7100,95
48464473686645,13:27:44.473,90.7100,17
48464473686645,13:27:44.473,90.7100,100
48481455494484,13:28:01.455,90.7100,1
48490502639289,13:28:10.502,90.7000,100
48498877863963,13:28:18.877,90.7100,5
48598025913752,13:29:58.025,90.6900,100
48598026661566,13:29:58.026,90.7200,100
48625988299372,13:30:25.988,90.7100,6
48625988299372,13:30:25.988,90.7200,94
48625988308634,13:30:25.988,90.7200,6
48625988308634,13:30:25.988,90.7200,29
48625988330892,13:30:25.988,90.7200,71
48625988419911,13:30:25.988,90.7300,206
48628009576779,13:30:28.009,90.7700,2
48628096278307,13:30:28.096,90.7500,1
48628096960569,13:30:28.096,90.7500,100
48630617995822,13:30:30.617,90.7500,100
48631117996977,13:30:31.117,90.7500,100
48695020082960,13:31:35.020,90.7700,2
48725419178867,13:32:05.419,90.7700,2
48737067026725,13:32:17.067,90.7400,100
48737067026725,13:32:17.067,90.7400,86
48737067053886,13:32:17.067,90.7400,14
48737067057157,13:32:17.067,90.7400,50
48737067059813,13:32:17.067,90.7400,14
48737067069904,13:32:17.067,90.7400,36
48737067349223,13:32:17.067,90.7500,10
48737067467190,13:32:17.067,90.7400,14
48738115016191,13:32:18.115,90.7600,100
48738615009637,13:32:18.615,90.7600,100
48741046424145,13:32:21.046,90.7700,46
48741046429088,13:32:21.046,90.7700,54
48741046430434,13:32:21.046,90.7700,2
48812982781623,13:33:32.982,90.8000,50
48812982812123,13:33:32.982,90.8000,50
48812982812123,13:33:32.982,90.8000,100
48813011072850,13:33:33.011,90.8200,2
48813011072850,13:33:33.011,90.8200,196
48813011072850,13:33:33.011,90.8200,100
48852568805180,13:34:12.568,90.7900,100
48852569119914,13:34:12.569,90.7900,100
48852575955498,13:34:12.575,90.7700,400
48852576425592,13:34:12.576,90.7700,100
48852576425592,13:34:12.576,90.7700,100
48852617200939,13:34:12.617,90.7800,6
48853403775488,13:34:13.403,90.7800,94
48853403968322,13:34:13.403,90.7900,100
48853406499055,13:34:13.406,90.8000,100
48853406499055,13:34:13.406,90.8000,100
48867935409373,13:34:27.935,90.8300,2
48867935409373,13:34:27.935,90.8300,100
48919078083603,13:35:19.078,90.8500,7
48988009449717,13:36:28.009,90.8500,2
49020007528037,13:37:00.007,90.8500,4
49020007528037,13:37:00.007,90.8600,100
49020007528037,13:37:00.007,90.8600,98
49020007565613,13:37:00.007,90.8600,2
49020007565613,13:37:00.007,90.8600,2
49020008123446,13:37:00.008,90.8700,7
49038134239647,13:37:18.134,90.9100,7
49049009963190,13:37:29.009,90.9200,2
49053595760150,13:37:33.595,90.9200,100
49053595760150,13:37:33.595,90.9200,100
49053595760150,13:37:33.595,90.9200,8
49053601162446,13:37:33.601,90.9000,4
49053601162446,13:37:33.601,90.9000,1
49058324011694,13:37:38.324,90.8900,100
49108010952026,13:38:28.010,90.8800,2
49156287863299,13:39:16.287,90.8700,2
49156292882083,13:39:16.292,90.8700,1
49172364616271,13:39:32.364,90.8700,99
49172365114998,13:39:32.365,90.8600,2
49172365172264,13:39:32.365,90.8600,100
49173364966539,13:39:33.364,90.8400,10
49173364969697,13:39:33.364,90.8400,10
49182023238614,13:39:42.023,90.8300,1
49182023641422,13:39:42.023,90.8300,1
49182023665460,13:39:42.023,90.8300,99
49183282348314,13:39:43.282,90.8200,10
49183288555667,13:39:43.288,90.8100,81
49183288567168,13:39:43.288,90.8100,19
49183288981405,13:39:43.288,90.8100,50
49183289070322,13:39:43.289,90.8100,50
49208023168773,13:40:08.023,90.8050,100
49229016302927,13:40:29.016,90.8200,34
49229016330291,13:40:29.016,90.8200,66
49229016330291,13:40:29.016,90.8200,100
49229016330291,13:40:29.016,90.8200,2
49240472410007,13:40:40.472,90.8300,2
49240986165013,13:40:40.986,90.8350,100
49246474303734,13:40:46.474,90.8500,100
49280590703493,13:41:20.590,90.8700,100
49288018650691,13:41:28.018,90.8800,2
49313267215468,13:41:53.267,90.8400,8
49313267215468,13:41:53.267,90.8400,92
49313267241513,13:41:53.267,90.8400,8
49333510067129,13:42:13.510,90.8200,20
49333510067129,13:42:13.510,90.8200,5
49333510660473,13:42:13.510,90.8100,100
49333510660473,13:42:13.510,90.8100,10
49335396139762,13:42:15.396,90.8000,50
49335396497431,13:42:15.396,90.7900,50
49335396497431,13:42:15.396,90.7900,1
49353860434671,13:42:33.860,90.8000,2
49353860554159,13:42:33.860,90.8100,100
49386039202413,13:43:06.039,90.8200,50
49388459537425,13:43:08.459,90.8200,50
49409008081616,13:43:29.008,90.8300,2
49468012630849,13:44:28.012,90.8200,2
49468013039030,13:44:28.013,90.8000,100
49468013039030,13:44:28.013,90.8000,200
49468013039030,13:44:28.013,90.8000,100
49468013096660,13:44:28.013,90.7900,100
49468115957905,13:44:28.115,90.8300,4
49468323091332,13:44:28.323,90.8300,5
49503566524400,13:45:03.566,90.8100,38
49503566524916,13:45:03.566,90.8100,50
49503566568082,13:45:03.566,90.8100,112
49503566883676,13:45:03.566,90.8100,100
49503567098399,13:45:03.567,90.8100,100
49503567208758,13:45:03.567,90.8100,100
49503567329006,13:45:03.567,90.8200,46
49504498158187,13:45:04.498,90.8200,52
49504498171296,13:45:04.498,90.8200,48
49504498171296,13:45:04.498,90.8200,57
49504498200864,13:45:04.498,90.8200,43
49504499629745,13:45:04.499,90.8300,100
49504499759178,13:45:04.499,90.8300,16
49504499784803,13:45:04.499,90.8300,284
49504499784803,13:45:04.499,90.8300,100
49504499784803,13:45:04.499,90.8300,100
49504500178579,13:45:04.500,90.8300,20
49534182315916,13:45:34.182,90.7800,20
49577131328267,13:46:17.131,90.8000,100
49577132009352,13:46:17.132,90.8100,3
49577132009352,13:46:17.132,90.8100,2
49578175543440,13:46:18.175,90.8100,2
49590229732344,13:46:30.229,90.8000,100
49648010134320,13:47:28.010,90.8100,2
49709006766949,13:48:29.006,90.8100,2
49709006797255,13:48:29.006,90.8100,2
49709006871484,13:48:29.006,90.8100,2
49709007111502,13:48:29.007,90.8200,2
49758486520200,13:49:18.486,90.8400,20
49761333695353,13:49:21.333,90.8300,2
49763365837633,13:49:23.365,90.8350,100
49763365837633,13:49:23.365,90.8200,1
49763365879750,13:49:23.365,90.8200,99
49763365879750,13:49:23.365,90.8200,1
49826850082361,13:50:26.850,90.8100,56
49826850310269,13:50:26.850,90.8250,100
49826850310269,13:50:26.850,90.8100,23
49828044584334,13:50:28.044,90.8200,2
49856605856288,13:50:56.605,90.8100,21
49856605856288,13:50:56.605,90.8100,100
49856605856288,13:50:56.605,90.8100,2
49856607310031,13:50:56.607,90.8000,100
49856607310031,13:50:56.607,90.8000,100
49888011118819,13:51:28.011,90.8000,2
49913210076872,13:51:53.210,90.7900,100
49913210161503,13:51:53.210,90.7900,100
49929330969296,13:52:09.330,90.7600,20
49929330969296,13:52:09.330,90.7600,12
49929331155834,13:52:09.331,90.7600,88
49929331706421,13:52:09.331,90.7600,100
49929333414049,13:52:09.333,90.7700,10
49929333960693,13:52:09.333,90.7800,5
49929333977473,13:52:09.333,90.7800,50
49929334005120,13:52:09.334,90.7800,50
49943551814593,13:52:23.551,90.7700,40
49943551814593,13:52:23.551,90.7700,1
49959668009660,13:52:39.668,90.7500,20
49959668009660,13:52:39.668,90.7500,1
49959668009660,13:52:39.668,90.7400,79
49959668046107,13:52:39.668,90.7400,21
49959668046107,13:52:39.668,90.7400,5
49959668046107,13:52:39.668,90.7400,86
49960773942305,13:52:40.773,90.7300,6
49960774170065,13:52:40.774,90.7300,14
49961252186178,13:52:41.252,90.7300,100
49961252186178,13:52:41.252,90.7300,100
49966574941369,13:52:46.574,90.7200,20
49969549791256,13:52:49.549,90.7100,20
49969549791256,13:52:49.549,90.7100,80
49969550080934,13:52:49.550,90.7000,20
49983709943033,13:53:03.709,90.7100,100
50008921739959,13:53:28.921,90.7100,44
50008921739959,13:53:28.921,90.7100,1
50017913836430,13:53:37.913,90.7200,100
50029402188032,13:53:49.402,90.7300,32
50029402325448,13:53:49.402,90.7300,68
50055230344896,13:54:15.230,90.7400,36
50055230399091,13:54:15.230,90.7400,64
50096336100043,13:54:56.336,90.7400,2
50102195664760,13:55:02.195,90.7500,100
50102196338275,13:55:02.196,90.7300,100
50105987122752,13:55:05.987,90.7200,1
50109048610939,13:55:09.048,90.6900,2
50122482212890,13:55:22.482,90.6800,10
50154993230297,13:55:54.993,90.6600,50
50154997223235,13:55:54.997,90.6500,5
50154997223235,13:55:54.997,90.6400,6
50154997223235,13:55:54.997,90.6400,20
50154997223235,13:55:54.997,90.6400,31
50154997226081,13:55:54.997,90.6400,45
50154998717890,13:55:54.998,90.6400,31
50154999015304,13:55:54.999,90.6400,21
50155000845178,13:55:55.000,90.6400,50
50155000999286,13:55:55.000,90.6400,21
50155758170611,13:55:55.758,90.6300,20
50156097417182,13:55:56.097,90.6200,2
50156097417182,13:55:56.097,90.6200,100
50156098667773,13:55:56.098,90.6100,22
50156098667773,13:55:56.098,90.6100,20
50166097900776,13:56:06.097,90.6200,100
50166097993081,13:56:06.097,90.6200,100
50166097993081,13:56:06.097,90.6200,9
50166098001500,13:56:06.098,90.6200,44
50166098057785,13:56:06.098,90.6200,47
50220746738086,13:57:00.746,90.6600,100
50237531042707,13:57:17.531,90.6600,18
50237531042707,13:57:17.531,90.6700,4
50237531042707,13:57:17.531,90.6800,22
50240076439720,13:57:20.076,90.6800,56
50240076451346,13:57:20.076,90.6800,22
50252877683105,13:57:32.877,90.6900,2
50330796107313,13:58:50.796,90.6900,2
50330800705934,13:58:50.800,90.7000,94
50331666425143,13:58:51.666,90.6700,3
50331669531016,13:58:51.669,90.6800,100
50340091346678,13:59:00.091,90.6500,1
50342051019686,13:59:02.051,90.6800,11
50376025547426,13:59:36.025,90.6800,2
50383874181563,13:59:43.874,90.6800,1
50391930655878,13:59:51.930,90.6700,1
50402196399507,14:00:02.196,90.6800,3
50402687397875,14:00:02.687,90.7000,100
50402690407099,14:00:02.690,90.6600,100
50402690407099,14:00:02.690,90.6500,1
50402693362683,14:00:02.693,90.6800,100
50402693362683,14:00:02.693,90.6500,1
50402696108784,14:00:02.696,90.6500,37
50402696123270,14:00:02.696,90.6500,64
50402699908825,14:00:02.699,90.6900,100
50402700930069,14:00:02.700,90.6300,20
50402700930069,14:00:02.700,90.6300,24
50402700930069,14:00:02.700,90.6300,40
50402700930069,14:00:02.700,90.6300,116
50402701524309,14:00:02.701,90.6300,2
50402707494729,14:00:02.707,90.7100,100
50402709747904,14:00:02.709,90.7300,100
50402712075617,14:00:02.712,90.7400,100
50403124375652,14:00:03.124,90.7400,100
50403124601349,14:00:03.124,90.7800,100
50403446430507,14:00:03.446,90.7300,14
50403446435291,14:00:03.446,90.7300,86
50408365024779,14:00:08.365,90.7700,100
50408865028083,14:00:08.865,90.7600,100
50409012130992,14:00:09.012,90.9200,100
50410861724174,14:00:10.861,90.9500,100
50410861724174,14:00:10.861,90.9500,15
50410861735450,14:00:10.861,90.9500,85
50413018466117,14:00:13.018,91.0200,10
50413018528735,14:00:13.018,91.0200,15
50413712148791,14:00:13.712,91.1200,6
50413712590286,14:00:13.712,91.1200,63
50416335071661,14:00:16.335,91.0400,100
50416335071661,14:00:16.335,91.0400,20
50416408822807,14:00:16.408,91.0400,43
50416408823421,14:00:16.408,91.0400,12
50416836451229,14:00:16.836,90.9800,9
50417620694537,14:00:17.620,90.9600,50
50417620707403,14:00:17.620,90.9500,2
50420137035349,14:00:20.137,90.9400,100
50423321484952,14:00:23.321,90.9500,100
50423323815801,14:00:23.323,90.9000,100
50423352630889,14:00:23.352,90.8600,100
50426289027131,14:00:26.289,90.9000,100
50426801025109,14:00:26.801,90.9000,100
50430854027929,14:00:30.854,90.9500,100
50442135991701,14:00:42.135,90.9900,100
50442141737004,14:00:42.141,91.0100,7
50442303089214,14:00:42.303,90.9900,100
50443492102271,14:00:43.492,90.9700,100
50445483646454,14:00:45.483,90.9100,3
50446510182742,14:00:46.510,90.8600,2
50446516287910,14:00:46.516,90.8300,22
50446516287910,14:00:46.516,90.8300,78
50446516938896,14:00:46.516,90.8500,100
50446517042727,14:00:46.517,90.8500,100
50463119625256,14:01:03.119,90.9600,100
50463119641733,14:01:03.119,90.9600,100
50463119681422,14:01:03.119,90.9700,100
50463125805971,14:01:03.125,90.9600,100
50463130803859,14:01:03.130,90.9700,100
50463132004591,14:01:03.132,90.9600,100
50466708077447,14:01:06.708,90.9700,78
50466708320245,14:01:06.708,90.9600,2
50467155530848,14:01:07.155,90.8600,1
50471955882991,14:01:11.955,90.9300,100
50471955882991,14:01:11.955,90.9400,56
50471957548937,14:01:11.957,90.9400,44
50471957548937,14:01:11.957,90.9400,56
50471959375564,14:01:11.959,90.9400,100
50471962293499,14:01:11.962,90.9500,100
50473134923714,14:01:13.134,90.9500,100
50473135061389,14:01:13.135,90.9400,1
50532773317740,14:02:12.773,90.8700,1
50532773446334,14:02:12.773,90.8600,3
50537826605944,14:02:17.826,90.8100,2
50537826605944,14:02:17.826,90.8100,10
50537826605944,14:02:17.826,90.8100,17
50537826845550,14:02:17.826,90.8000,100
50537826845550,14:02:17.826,90.7900,126
50537828338119,14:02:17.828,90.7900,54
50537828917271,14:02:17.828,90.7900,90
50537828957380,14:02:17.828,90.7900,40
50537829549259,14:02:17.829,90.7900,90
50537833073013,14:02:17.833,90.7900,56
50537833234163,14:02:17.833,90.7900,41
50537833269010,14:02:17.833,90.7900,3
50576398627970,14:02:56.398,90.8600,6
50576398627970,14:02:56.398,90.8800,94
50576398743365,14:02:56.398,90.8800,6
50576398743365,14:02:56.398,90.8900,100
50576398743365,14:02:56.398,90.8900,94
50576398993607,14:02:56.398,90.8900,6
50595188719949,14:03:15.188,90.9300,100
50595188719949,14:03:15.188,90.9300,200
50598533225392,14:03:18.533,90.9700,7
50613167107553,14:03:33.167,90.9600,100
50613168652916,14:03:33.168,90.9700,48
50613168729324,14:03:33.168,90.9700,45
50613168729324,14:03:33.168,90.9700,2
50613168729324,14:03:33.168,90.9700,100
50613168729324,14:03:33.168,90.9700,400
50614009545120,14:03:34.009,90.9900,1
50615081490501,14:03:35.081,91.0100,100
50644281940205,14:04:04.281,91.0100,100
50658191331427,14:04:18.191,90.9800,10
50658191331427,14:04:18.191,90.9800,5
50658221665334,14:04:18.221,90.9700,6
50666540370277,14:04:26.540,91.0300,44
50666540370960,14:04:26.540,91.0300,44
50666540371582,14:04:26.540,91.0300,12
50666540371582,14:04:26.540,91.0300,25
50666540384931,14:04:26.540,91.0300,75
50666540384931,14:04:26.540,91.0300,81
50666540385683,14:04:26.540,91.0300,11
50666540422690,14:04:26.540,91.0300,7
50666541214775,14:04:26.541,91.0300,1
50691364625661,14:04:51.364,91.0000,5
50691364731625,14:04:51.364,91.0600,5
50691365125927,14:04:51.365,91.0600,30
50691365127297,14:04:51.365,91.0600,100
50691365223483,14:04:51.365,91.0600,65
50696582738801,14:04:56.582,91.0100,17
50711286637147,14:05:11.286,91.0600,78
50711286675285,14:05:11.286,91.0600,21
50711286678514,14:05:11.286,91.0600,101
50711293045365,14:05:11.293,91.0600,100
50715593109849,14:05:15.593,91.0400,18
50715593168603,14:05:15.593,91.0600,100
50728300602589,14:05:28.300,91.0600,1
50731368871318,14:05:31.368,91.0550,100
50731370226554,14:05:31.370,91.0300,100
50731370591904,14:05:31.370,91.0300,1
50731370591904,14:05:31.370,91.0200,8
50731370665690,14:05:31.370,91.0200,1
50735841988457,14:05:35.841,91.0050,100
50747899658421,14:05:47.899,90.9700,100
50747899658421,14:05:47.899,90.9700,10
50747899658421,14:05:47.899,90.9700,100
50747900295858,14:05:47.900,90.9600,400
50789975162829,14:06:29.975,90.9000,1
50789975162829,14:06:29.975,90.9000,2
50789975680300,14:06:29.975,90.8900,9
50789975773096,14:06:29.975,90.8800,133
50789975776017,14:06:29.975,90.8800,40
50789975776557,14:06:29.975,90.8800,106
50789975779705,14:06:29.975,90.8800,41
50789975783362,14:06:29.975,90.8800,63
50789975788612,14:06:29.975,90.8800,12
50789975800319,14:06:29.975,90.8800,5
50789975856398,14:06:29.975,90.8700,18
50805902770753,14:06:45.902,90.8900,100
50805902848945,14:06:45.902,90.8900,100
50824019232331,14:07:04.019,90.8900,6
50824019483328,14:07:04.019,90.9100,18
50824019819668,14:07:04.019,90.9200,18
50824020082866,14:07:04.020,90.9200,18
50824020168272,14:07:04.020,90.9200,18
50824020271740,14:07:04.020,90.9200,18
50824020425597,14:07:04.020,90.9200,18
50824020514917,14:07:04.020,90.9200,18
50824066343970,14:07:04.066,90.9200,292
50827946543263,14:07:07.946,90.9200,100
50827947096369,14:07:07.947,90.9000,8
50827947120656,14:07:07.947,90.9000,10
50853845806133,14:07:33.845,90.8500,25
50878891744445,14:07:58.891,90.8200,100
50919464381492,14:08:39.464,90.8500,100
50919464416991,14:08:39.464,90.8500,6
50919464423260,14:08:39.464,90.8500,94
50919464442846,14:08:39.464,90.8600,13
50919464472025,14:08:39.464,90.8600,87
50921814522354,14:08:41.814,90.8600,2
50924247669825,14:08:44.247,90.8300,8
50937667016888,14:08:57.667,90.8800,30
50968010572727,14:09:28.010,90.8500,1
50968010780598,14:09:28.010,90.8200,9
50968010780598,14:09:28.010,90.8200,100
50968010782207,14:09:28.010,90.8200,100
51028737888764,14:10:28.737,90.8200,2
51060965186279,14:11:00.965,90.8600,30
51060965186778,14:11:00.965,90.8600,70
51089133570990,14:11:29.133,90.8700,6
51089133662387,14:11:29.133,90.9000,5
51089133662851,14:11:29.133,90.9000,41
51089133750289,14:11:29.133,90.9000,354
51089134148144,14:11:29.134,90.9400,100
51089134554163,14:11:29.134,90.9500,100
51094011003615,14:11:34.011,90.9300,2
51132877240639,14:12:12.877,90.9600,22
51132877254327,14:12:12.877,90.9600,7
51132877269271,14:12:12.877,90.9600,71
51132877269271,14:12:12.877,90.9600,100
51159541433751,14:12:39.541,90.9700,2
51182037756664,14:13:02.037,90.9950,100
51241272808459,14:14:01.272,90.9700,6
51252750745041,14:14:12.750,90.9700,100
51268025946538,14:14:28.025,90.9700,2
51284962983248,14:14:44.962,91.0000,100
51284962983248,14:14:44.962,91.0000,100
51284962983248,14:14:44.962,91.0000,100
51289004939861,14:14:49.004,91.0000,82
51289004948013,14:14:49.004,91.0000,18
51299028550746,14:14:59.028,91.0200,9
51300160710109,14:15:00.160,90.9600,22
51300160710109,14:15:00.160,90.9600,100
51300160710109,14:15:00.160,90.9600,100
51300160710109,14:15:00.160,90.9600,9
51300160710109,14:15:00.160,90.9600,100
51300162953996,14:15:00.162,90.9300,97
51300165637761,14:15:00.165,90.9300,3
51300165637761,14:15:00.165,90.9300,20
51300171281462,14:15:00.171,90.9100,89
51300171656533,14:15:00.171,90.9100,11
51386204280890,14:16:26.204,90.9400,66
51386204767532,14:16:26.204,90.9400,34
51386208912818,14:16:26.208,90.9500,2
51386209480150,14:16:26.209,90.9500,54
51386209556831,14:16:26.209,90.9500,44
51388006978653,14:16:28.006,90.9700,2
51389180518699,14:16:29.180,90.9700,100
51389180518699,14:16:29.180,90.9500,6
51389181200322,14:16:29.181,90.9400,6
51389181200322,14:16:29.181,90.9400,19
51389181226042,14:16:29.181,90.9400,81
51389191264943,14:16:29.191,90.9300,57
51389191264943,14:16:29.191,90.9300,83
51389191274203,14:16:29.191,90.9300,17
51389191274203,14:16:29.191,90.9300,33
51389191281335,14:16:29.191,90.9300,67
51400373861845,14:16:40.373,90.9500,100
51455016925125,14:17:35.016,90.9500,2
51474356463673,14:17:54.356,90.9200,9
51474356473755,14:17:54.356,90.9100,100
51474356473755,14:17:54.356,90.9100,100
51474357121393,14:17:54.357,90.9100,34
51474357183005,14:17:54.357,90.9100,66
51474374733213,14:17:54.374,90.8900,100
51477296407507,14:17:57.296,90.8800,100
51477296407507,14:17:57.296,90.8800,2
51485154531185,14:18:05.154,90.9200,100
51522158506209,14:18:42.158,90.9200,2
51578014817189,14:19:38.014,90.9500,10
51578014817189,14:19:38.014,90.9600,90
51578014878569,14:19:38.014,90.9600,50
51578014889258,14:19:38.014,90.9600,50
51578015048933,14:19:38.015,90.9600,108
51578015062711,14:19:38.015,90.9600,52
51583911664998,14:19:43.911,90.9900,141
51583912124377,14:19:43.912,90.9900,59
51593770325472,14:19:53.770,90.9900,1
51593770325472,14:19:53.770,90.9900,7
51605249021295,14:20:05.249,90.9500,1
51625381268720,14:20:25.381,90.9500,6
51629861899188,14:20:29.861,90.9700,1
51654685222293,14:20:54.685,91.0000,100
51654685284700,14:20:54.685,91.0000,100
51654685982507,14:20:54.685,91.0300,100
51654720811327,14:20:54.720,91.0200,100
51661241647841,14:21:01.241,91.0400,61
51661241695814,14:21:01.241,91.0400,46
51661241778204,14:21:01.241,91.0400,149
51661241805723,14:21:01.241,91.0400,82
51661241899476,14:21:01.241,91.0400,62
51669632794203,14:21:09.632,91.0100,77
51669633146485,14:21:09.633,91.0000,100
51669633181696,14:21:09.633,91.0100,100
51669633559176,14:21:09.633,90.9900,8
51669634194071,14:21:09.634,90.9950,100
51669634194071,14:21:09.634,90.9800,100
51669634195016,14:21:09.634,90.9800,100
51691694894946,14:21:31.694,91.0300,1
51691694920513,14:21:31.694,91.0300,99
51691695940979,14:21:31.695,91.0400,2
51748473523813,14:22:28.473,91.1000,2
51759089165458,14:22:39.089,91.0600,6
51803809943971,14:23:23.809,91.1300,100
51821701770573,14:23:41.701,91.1500,2
51834917419766,14:23:54.917,91.1600,100
51868466257966,14:24:28.466,91.1700,1
51868947276532,14:24:28.947,91.1500,67
51868947295763,14:24:28.947,91.1700,100
51868947295763,14:24:28.947,91.1500,15
51868947298020,14:24:28.947,91.1500,18
51868947298020,14:24:28.947,91.1500,100
51868947298020,14:24:28.947,91.1500,9
51868950226613,14:24:28.950,91.1500,100
51870077716836,14:24:30.077,91.1600,100
51870077716836,14:24:30.077,91.1600,200
51876623170036,14:24:36.623,91.1300,2
51878641758928,14:24:38.641,91.1300,98
51878641758928,14:24:38.641,91.1300,2
51923352604563,14:25:23.352,91.1800,200
51923364450065,14:25:23.364,91.2000,2
51931864311215,14:25:31.864,91.1900,1
51938672496019,14:25:38.672,91.2000,3
51952263957554,14:25:52.263,91.2200,50
51988024446031,14:26:28.024,91.2300,2
52024074884376,14:27:04.074,91.2200,4
52024074884376,14:27:04.074,91.2200,2
52024074884376,14:27:04.074,91.2200,20
52024074891931,14:27:04.074,91.2450,100
52024074891931,14:27:04.074,91.2200,6
52024074893746,14:27:04.074,91.2200,40
52024074899865,14:27:04.074,91.2200,12
52024074909198,14:27:04.074,91.2200,22
52024075425016,14:27:04.075,91.2200,10
52024109177877,14:27:04.109,91.2300,4
52024615212757,14:27:04.615,91.2300,8
52038282044392,14:27:18.282,91.2100,100
52038282077348,14:27:18.282,91.2100,1
52038282077348,14:27:18.282,91.2100,128
52038282077348,14:27:18.282,91.2100,100
52038282218240,14:27:18.282,91.2000,45
52038282231255,14:27:18.282,91.2000,50
52038282459306,14:27:18.282,91.2000,5
52038282459306,14:27:18.282,91.2000,3
52038282467281,14:27:18.282,91.2000,53
52038282665674,14:27:18.282,91.2000,44
52038287948251,14:27:18.287,91.2000,17
52042789151340,14:27:22.789,91.1800,100
52042789151947,14:27:22.789,91.1800,100
52042789464858,14:27:22.789,91.1800,3
52042789464858,14:27:22.789,91.1800,6
52042791605873,14:27:22.791,91.1700,33
52042791623954,14:27:22.791,91.1700,67
52054065950554,14:27:34.065,91.1500,2
52054069996935,14:27:34.069,91.1600,100
52054069996935,14:27:34.069,91.1500,1
52054070018454,14:27:34.070,91.1500,100
52054070239613,14:27:34.070,91.1500,80
52054070277045,14:27:34.070,91.1500,20
52065720760580,14:27:45.720,91.1200,54
52065720780540,14:27:45.720,91.1200,46
52065720780540,14:27:45.720,91.1200,1
52065720780540,14:27:45.720,91.1200,2
52070959707037,14:27:50.959,91.1100,1
52070959736257,14:27:50.959,91.1100,99
52070960053578,14:27:50.960,91.1200,100
52070960053578,14:27:50.960,91.1200,52
52070960371658,14:27:50.960,91.1200,48
52070960410631,14:27:50.960,91.1300,100
52070960924182,14:27:50.960,91.1400,100
52079706742761,14:27:59.706,91.1500,100
52107219758002,14:28:27.219,91.1300,2
52107219758002,14:28:27.219,91.1200,98
52115906916692,14:28:35.906,91.1200,2
52115906916692,14:28:35.906,91.1200,6
52151687371494,14:29:11.687,91.0900,100
52151687647530,14:29:11.687,91.1200,10
52151687647530,14:29:11.687,91.1200,10
52151687647530,14:29:11.687,91.1200,80
52151687791412,14:29:11.687,91.0900,10
52195676663092,14:29:55.676,91.0800,6
52195676663092,14:29:55.676,91.1000,100
52195676663092,14:29:55.676,91.1000,94
52195676696221,14:29:55.676,91.1000,6
52195686849187,14:29:55.686,91.1000,100
52203249028446,14:30:03.249,91.0800,1
52203249028446,14:30:03.249,91.0800,26
52203249049020,14:30:03.249,91.0800,47
52203311414918,14:30:03.311,91.0800,5
52204773430403,14:30:04.773,91.0600,3
52204773430403,14:30:04.773,91.0600,100
52204833862670,14:30:04.833,91.0500,100
52206097006047,14:30:06.097,91.0750,100
52206597001840,14:30:06.597,91.0750,100
52207097002219,14:30:07.097,91.0750,100
52222452011644,14:30:22.452,91.0900,100
52235160010710,14:30:35.160,91.0900,100
52235660004933,14:30:35.660,91.0900,100
52259698121013,14:30:59.698,91.1000,4
52261430223461,14:31:01.430,91.1100,100
52271772158923,14:31:11.772,91.1100,100
52288017899413,14:31:28.017,91.0900,2
52321019180515,14:32:01.019,91.0700,6
52321019180515,14:32:01.019,91.0700,100
52321019180515,14:32:01.019,91.0700,100
52321019211565,14:32:01.019,91.0600,100
52321019263329,14:32:01.019,91.0700,24
52321019289225,14:32:01.019,91.0700,26
52321780576995,14:32:01.780,91.0600,3
52321780601557,14:32:01.780,91.0600,97
52321780601557,14:32:01.780,91.0600,3
52321782426161,14:32:01.782,91.0500,100
52324144675513,14:32:04.144,91.0400,100
52324144675513,14:32:04.144,91.0400,5
52324220785436,14:32:04.220,91.0300,11
52324220810401,14:32:04.220,91.0300,89
52324220810401,14:32:04.220,91.0300,7
52326018415347,14:32:06.018,91.0200,100
52328016849768,14:32:08.016,91.0200,100
52328033583840,14:32:08.033,91.0200,100
52382676319355,14:33:02.676,91.0100,4
52385024625809,14:33:05.024,91.0200,49
52385024869222,14:33:05.024,91.0200,160
52385024894822,14:33:05.024,91.0200,191
52385024894822,14:33:05.024,91.0200,100
52385030628886,14:33:05.030,91.0300,100
52385030663169,14:33:05.030,91.0300,78
52433255140982,14:33:53.255,91.0800,100
52433302212260,14:33:53.302,91.0800,40
52433303175431,14:33:53.303,91.0800,100
52435154034600,14:33:55.154,91.1100,100
52436035811554,14:33:56.035,91.1200,2
52450972097198,14:34:10.972,91.1100,100
52455460645177,14:34:15.460,91.0900,10
52469070786714,14:34:29.070,91.1100,2
52469071149486,14:34:29.071,91.1050,100
52496845361130,14:34:56.845,91.1200,12
52496845361130,14:34:56.845,91.1300,88
52496845430579,14:34:56.845,91.1300,12
52497188296880,14:34:57.188,91.1500,100
52503884533276,14:35:03.884,91.1400,8
52504191163842,14:35:04.191,91.1800,11
52504193202285,14:35:04.193,91.1800,1
52529195932213,14:35:29.195,91.1900,2
52558613237828,14:35:58.613,91.1900,100
52558613237828,14:35:58.613,91.1700,100
52558613237828,14:35:58.613,91.1700,26
52558613248296,14:35:58.613,91.1700,74
52558613421179,14:35:58.613,91.1600,6
52558613434995,14:35:58.613,91.1600,37
52558613634333,14:35:58.613,91.1600,57
52558618104311,14:35:58.618,91.1500,50
52558618129003,14:35:58.618,91.1500,350
52558627001481,14:35:58.627,91.1600,100
52558627081738,14:35:58.627,91.1600,32
52558627141999,14:35:58.627,91.1600,1
52560042831888,14:36:00.042,91.1600,59
52565006711559,14:36:05.006,91.1200,5
52565585425868,14:36:05.585,91.0900,1
52572335521695,14:36:12.335,91.0900,89
52572335521695,14:36:12.335,91.0900,11
52572335523019,14:36:12.335,91.0900,43
52572335683734,14:36:12.335,91.0900,46
52579093832881,14:36:19.093,91.1200,100
52604009862831,14:36:44.009,91.1400,100
52629577286993,14:37:09.577,91.1100,2
52629577286993,14:37:09.577,91.1100,95
52629577288771,14:37:09.577,91.1250,100
52629577288771,14:37:09.577,91.1100,5
52629577288771,14:37:09.577,91.1100,73
52629577290925,14:37:09.577,91.1100,7
52629577291803,14:37:09.577,91.1100,20
52629577722572,14:37:09.577,91.1000,10
52637287640987,14:37:17.287,91.1100,39
52637287685586,14:37:17.287,91.1100,61
52642641160018,14:37:22.641,91.1300,6
52642641160018,14:37:22.641,91.1400,8
52642641160018,14:37:22.641,91.1500,86
52642641212867,14:37:22.641,91.1500,114
52659406298064,14:37:39.406,91.1600,100
52659412757735,14:37:39.412,91.1600,100
52666561495466,14:37:46.561,91.1800,100
52666561725413,14:37:46.561,91.1800,100
52701899705347,14:38:21.899,91.2300,100
52702705212985,14:38:22.705,91.2400,195
52710338545310,14:38:30.338,91.2200,2
52710339802641,14:38:30.339,91.2000,5
52710339873200,14:38:30.339,91.2000,2
52710339889408,14:38:30.339,91.2000,20
52710339895815,14:38:30.339,91.2000,73
52710352029998,14:38:30.352,91.1900,50
52710352049244,14:38:30.352,91.1900,10
52710352062326,14:38:30.352,91.1900,40
52712238124498,14:38:32.238,91.1900,100
52712279542558,14:38:32.279,91.2000,3
52720017760105,14:38:40.017,91.2400,9
52720018078617,14:38:40.018,91.2400,37
52720018210617,14:38:40.018,91.2400,106
52720018318654,14:38:40.018,91.2400,48
52727655390723,14:38:47.655,91.2550,100
52727655542192,14:38:47.655,91.2700,100
52732059508269,14:38:52.059,91.2900,4
52743396184145,14:39:03.396,91.2600,48
52743396192431,14:39:03.396,91.2600,52
52743396192431,14:39:03.396,91.2600,9
52743396192431,14:39:03.396,91.2600,1
52743396200212,14:39:03.396,91.2500,100
52743396902128,14:39:03.396,91.2800,100
52743397310631,14:39:03.397,91.2700,100
52743914314068,14:39:03.914,91.2400,19
52751758129280,14:39:11.758,91.2400,1
52754701589630,14:39:14.701,91.2500,8
52755506111360,14:39:15.506,91.2100,37
52755506115333,14:39:15.506,91.2100,63
52755506115333,14:39:15.506,91.2100,47
52755506117712,14:39:15.506,91.2100,17
52755506124293,14:39:15.506,91.2100,6
52755506125629,14:39:15.506,91.2100,30
52755506125629,14:39:15.506,91.2100,1
52763287826348,14:39:23.287,91.2000,20
52765891327244,14:39:25.891,91.1900,1
52765891327244,14:39:25.891,91.1900,1
52770652986472,14:39:30.652,91.1900,7
52770652997847,14:39:30.652,91.1900,4
52776027406766,14:39:36.027,91.2300,81
52776164346949,14:39:36.164,91.1800,1
52776164346949,14:39:36.164,91.1800,1
52776164346949,14:39:36.164,91.1800,98
52808765076219,14:40:08.765,91.1700,20
52808765076219,14:40:08.765,91.1700,80
52808765118277,14:40:08.765,91.1700,16
52808765129906,14:40:08.765,91.1700,4
52808765129906,14:40:08.765,91.1700,1
52808765129906,14:40:08.765,91.1700,3
52808765693528,14:40:08.765,91.1600,20
52809723599325,14:40:09.723,91.1900,100
52814116368511,14:40:14.116,91.2100,100
52853015228501,14:40:53.015,91.1800,1
52857908618647,14:40:57.908,91.2000,100
52892252731849,14:41:32.252,91.1800,100
52892252731849,14:41:32.252,91.1800,100
52892252731849,14:41:32.252,91.1800,1
52892253220030,14:41:32.253,91.1700,100
52894472549544,14:41:34.472,91.1600,1
52939054631753,14:42:19.054,91.2000,10
52956172885692,14:42:36.172,91.2000,2
52973106438729,14:42:53.106,91.2000,1
52973106463364,14:42:53.106,91.2000,99
52973106463364,14:42:53.106,91.2000,100
52973143646573,14:42:53.143,91.2100,6
52973143670546,14:42:53.143,91.2100,94
52973172917495,14:42:53.172,91.2100,100
52973253179750,14:42:53.253,91.2200,200
52973253203233,14:42:53.253,91.2200,200
52973253709606,14:42:53.253,91.2300,100
52973265438179,14:42:53.265,91.2500,10
52973266284897,14:42:53.266,91.2200,100
52973266286901,14:42:53.266,91.2200,5
52983999864755,14:43:03.999,91.2100,100
52983999864755,14:43:03.999,91.2100,5
52983999868046,14:43:03.999,91.2100,2
52984000390900,14:43:04.000,91.2000,100
52984008469524,14:43:04.008,91.1900,24
52984008493749,14:43:04.008,91.1900,76
52995072324693,14:43:15.072,91.1500,20
52995072324693,14:43:15.072,91.1500,54
52995072370372,14:43:15.072,91.1500,8
52995072458322,14:43:15.072,91.1500,38
52995072458322,14:43:15.072,91.1500,4
52995072458322,14:43:15.072,91.1500,26
52995072619628,14:43:15.072,91.1500,37
52995073144900,14:43:15.073,91.1500,37
52995076446639,14:43:15.076,91.1700,100
53007418984895,14:43:27.418,91.1600,7
53016050471814,14:43:36.050,91.1900,59
53016050520075,14:43:36.050,91.1900,41
53033033290402,14:43:53.033,91.2000,100
53033033290402,14:43:53.033,91.2000,200
53053812982821,14:44:13.812,91.1600,6
53053813008679,14:44:13.813,91.1600,94
53053813008679,14:44:13.813,91.1600,5
53053824229211,14:44:13.824,91.1500,6
53053824253665,14:44:13.824,91.1500,94
53053824253665,14:44:13.824,91.1500,14
53079766441896,14:44:39.766,91.1900,100
53079766479547,14:44:39.766,91.1900,100
53098847547450,14:44:58.847,91.1800,66
53098847584812,14:44:58.847,91.1800,34
53098847584812,14:44:58.847,91.1800,100
53098852082935,14:44:58.852,91.1600,100
53108479533296,14:45:08.479,91.1700,100
53108479758959,14:45:08.479,91.1800,100
53133566113717,14:45:33.566,91.1700,2
53164019639113,14:46:04.019,91.1500,11
53172480337656,14:46:12.480,91.1500,89
53172480337656,14:46:12.480,91.1500,6
53172480414852,14:46:12.480,91.1650,100
53172480812759,14:46:12.480,91.1600,12
53173253565007,14:46:13.253,91.1400,76
53173253589936,14:46:13.253,91.1400,24
53173253589936,14:46:13.253,91.1400,2
53173253589936,14:46:13.253,91.1400,100
53173253782181,14:46:13.253,91.1500,10
53173254056773,14:46:13.254,91.1400,10
53173422209414,14:46:13.422,91.1600,100
53173422310808,14:46:13.422,91.1600,100
53188335655707,14:46:28.335,91.1700,100
53188335990564,14:46:28.335,91.1700,99
53188336306162,14:46:28.336,91.1700,44
53188336373299,14:46:28.336,91.1700,106
53188336600368,14:46:28.336,91.1700,583
53188336600368,14:46:28.336,91.1700,12
53188344516936,14:46:28.344,91.1800,100
53188345159461,14:46:28.345,91.1800,5
53188345179345,14:46:28.345,91.1800,5
53188362323826,14:46:28.362,91.1900,5
53189255379116,14:46:29.255,91.2100,83
53189256240647,14:46:29.256,91.2000,100
53189256492540,14:46:29.256,91.2100,17
53189258253940,14:46:29.258,91.2100,100
53229313563945,14:47:09.313,91.2500,100
53229313563945,14:47:09.313,91.2500,12
53229313591444,14:47:09.313,91.2500,1
53237765203508,14:47:17.765,91.2900,74
53237765244284,14:47:17.765,91.2900,26
53245367412239,14:47:25.367,91.2800,15
53245367421591,14:47:25.367,91.2800,37
53245367424478,14:47:25.367,91.2800,48
53245367424478,14:47:25.367,91.2800,4
53249668017479,14:47:29.668,91.2800,100
53251360514672,14:47:31.360,91.2600,100
53251360626060,14:47:31.360,91.2500,38
53251360760782,14:47:31.360,91.2500,62
53251361047218,14:47:31.361,91.2400,100
53251529928821,14:47:31.529,91.2300,100
53252530430518,14:47:32.530,91.2300,100
53252572148854,14:47:32.572,91.2200,52
53252572160408,14:47:32.572,91.2200,48
53271172556289,14:47:51.172,91.2000,2
53297884156889,14:48:17.884,91.1900,74
53297884226039,14:48:17.884,91.1900,26
53297884226039,14:48:17.884,91.1900,2
53297884226039,14:48:17.884,91.1900,1
53297884226039,14:48:17.884,91.1900,71
53297884521017,14:48:17.884,91.1900,7
53297884573462,14:48:17.884,91.1900,22
53297884573462,14:48:17.884,91.1900,79
53297884573462,14:48:17.884,91.1900,100
53297884573462,14:48:17.884,91.1900,5
53297885107221,14:48:17.885,91.1800,1
53300217683152,14:48:20.217,91.1700,2
53300217683152,14:48:20.217,91.1700,1
53300379481962,14:48:20.379,91.1800,1
53347076048404,14:49:07.076,91.2300,100
53347076048404,14:49:07.076,91.2300,400
53348029807576,14:49:08.029,91.2300,43
53357950573075,14:49:17.950,91.2300,57
53368020480280,14:49:28.020,91.2200,2
53428022245965,14:50:28.022,91.2000,2
53464175087765,14:51:04.175,91.1900,100
53464175087765,14:51:04.175,91.1900,5
53464175114140,14:51:04.175,91.1900,95
53464175114140,14:51:04.175,91.1900,100
53464176607430,14:51:04.176,91.1800,2
53464176607430,14:51:04.176,91.1800,100
53464176607430,14:51:04.176,91.1800,100
53464176838377,14:51:04.176,91.1700,2
53464176876250,14:51:04.176,91.1700,4
53464176876250,14:51:04.176,91.1700,96
53464176891737,14:51:04.176,91.1700,4
53464176891737,14:51:04.176,91.1700,6
53464176904308,14:51:04.176,91.1700,3
53464176913559,14:51:04.176,91.1700,21
53470329806617,14:51:10.329,91.1600,2
53470329806617,14:51:10.329,91.1600,8
53470331631030,14:51:10.331,91.1500,1
53473439097305,14:51:13.439,91.1400,2
53473439097305,14:51:13.439,91.1400,8
53476756970149,14:51:16.756,91.1400,100
53511098217431,14:51:51.098,91.1700,91
53511099389463,14:51:51.099,91.1700,9
53531174036864,14:52:11.174,91.1800,2
53531174036864,14:52:11.174,91.1800,4
53542006155673,14:52:22.006,91.2300,100
53555967409676,14:52:35.967,91.2500,85
53555967466056,14:52:35.967,91.2500,128
53555967711533,14:52:35.967,91.2500,83
53555967716029,14:52:35.967,91.2500,73
53555967721976,14:52:35.967,91.2500,74
53555967758624,14:52:35.967,91.2500,157
53555967758624,14:52:35.967,91.2500,100
53568214824055,14:52:48.214,91.2400,100
53568215797085,14:52:48.215,91.2400,31
53568215798475,14:52:48.215,91.2400,40
53568215799975,14:52:48.215,91.2400,29
53574494478085,14:52:54.494,91.2400,100
53599843435750,14:53:19.843,91.2600,6
53608026031108,14:53:28.026,91.2700,2
53614543816869,14:53:34.543,91.2700,26
53614544143274,14:53:34.544,91.2700,74
53670741135029,14:54:30.741,91.2900,2
53687482174524,14:54:47.482,91.2950,100
53732514251637,14:55:32.514,91.2900,1
53756740339329,14:55:56.740,91.2800,6
53756740339329,14:55:56.740,91.2800,12
53756740339329,14:55:56.740,91.2800,177
53762583042297,14:56:02.583,91.2500,10
53762583042297,14:56:02.583,91.2500,100
53763719610521,14:56:03.719,91.2400,7
53763719636549,14:56:03.719,91.2400,93
53763719636549,14:56:03.719,91.2400,1
53763719636549,14:56:03.719,91.2400,100
53763719636549,14:56:03.719,91.2400,8
53789697006915,14:56:29.697,91.2700,9
53789697006915,14:56:29.697,91.2700,100
53789703757835,14:56:29.703,91.2700,1
53797884056645,14:56:37.884,91.2900,19
53797884070000,14:56:37.884,91.2900,81
53799297548237,14:56:39.297,91.3100,100
53799297660084,14:56:39.297,91.3100,50
53799297660084,14:56:39.297,91.3100,50
53799297778427,14:56:39.297,91.3100,50
53799297778427,14:56:39.297,91.3100,100
53799297778427,14:56:39.297,91.3100,100
53804578268737,14:56:44.578,91.3300,100
53804581851234,14:56:44.581,91.3500,73
53804583184830,14:56:44.583,91.3500,27
53810579435437,14:56:50.579,91.3600,28
53810579439096,14:56:50.579,91.3600,72
53827787451226,14:57:07.787,91.3400,43
53827787452667,14:57:07.787,91.3400,57
53827787715979,14:57:07.787,91.3300,100
53827787715979,14:57:07.787,91.3300,60
53827788029770,14:57:07.788,91.3300,12
53827788345851,14:57:07.788,91.3300,28
53827788345851,14:57:07.788,91.3300,1
53830791327492,14:57:10.791,91.3000,100
53843785123782,14:57:23.785,91.3100,4
53866146301326,14:57:46.146,91.4100,7
53866861019090,14:57:46.861,91.4400,7
53872828568957,14:57:52.828,91.4400,100
53872829104903,14:57:52.829,91.4500,100
53872829738928,14:57:52.829,91.4500,100
53872829745682,14:57:52.829,91.4500,100
53873343991444,14:57:53.343,91.4250,100
53887069992533,14:58:07.069,91.4200,100
53887613990254,14:58:07.613,91.4200,100
53898573464862,14:58:18.573,91.4300,12
53901531993107,14:58:21.531,91.4350,100
53902604582113,14:58:22.604,91.4500,61
53902605054165,14:58:22.605,91.4500,39
53902605126794,14:58:22.605,91.4600,7
53902605126794,14:58:22.605,91.4600,100
53908726490840,14:58:28.726,91.4700,2
53908726603919,14:58:28.726,91.4600,15
53908726628561,14:58:28.726,91.4600,85
53908727133738,14:58:28.727,91.4500,20
53908727168014,14:58:28.727,91.4500,80
53924104993751,14:58:44.104,91.4650,200
53935485585950,14:58:55.485,91.4500,1
53942690716881,14:59:02.690,91.4600,6
53942691206163,14:59:02.691,91.5000,100
53942692270293,14:59:02.692,91.5000,7
53942699525048,14:59:02.699,91.5000,100
53946444124338,14:59:06.444,91.5200,7
53946524510879,14:59:06.524,91.5100,18
53946691571972,14:59:06.691,91.5400,71
53949519656098,14:59:09.519,91.5100,82
53949519656098,14:59:09.519,91.5100,1
53957786935137,14:59:17.786,91.5000,4
53963027812861,14:59:23.027,91.5100,100
53968027315737,14:59:28.027,91.5100,2
53968027897967,14:59:28.027,91.4900,63
53968027914732,14:59:28.027,91.4900,37
53972791054209,14:59:32.791,91.4700,1
53972791054209,14:59:32.791,91.4700,43
53972791142650,14:59:32.791,91.4700,57
53976519595679,14:59:36.519,91.4500,13
53977013031128,14:59:37.013,91.4600,100
54000585008308,15:00:00.585,91.4600,100
54002380423863,15:00:02.380,91.4500,87
54002380423863,15:00:02.380,91.4500,4
54004976602428,15:00:04.976,91.4400,34
54004976628126,15:00:04.976,91.4400,1
54016756012213,15:00:16.756,91.4600,100
54018456165248,15:00:18.456,91.4500,1
54018456165248,15:00:18.456,91.4500,99
54019702195235,15:00:19.702,91.4500,1
54036256022070,15:00:36.256,91.4550,100
54065544380171,15:01:05.544,91.4900,100
54065544380171,15:01:05.544,91.4900,7
54083058686467,15:01:23.058,91.5200,100
54083058686467,15:01:23.058,91.5200,100
54083060744891,15:01:23.060,91.5400,25
54086577019842,15:01:26.577,91.5150,100
54086580477038,15:01:26.580,91.5400,7
54086580477038,15:01:26.580,91.5400,100
54089893577220,15:01:29.893,91.5100,2
54089893577220,15:01:29.893,91.5100,98
54091090019516,15:01:31.090,91.5100,100
54091161451241,15:01:31.161,91.5300,9
54092943025005,15:01:32.943,91.5150,100
54116603024002,15:01:56.603,91.5100,100
54123159992389,15:02:03.159,91.4900,100
54123159992389,15:02:03.159,91.4900,100
54123170180937,15:02:03.170,91.4700,100
54123175570326,15:02:03.175,91.4900,13
54123175746971,15:02:03.175,91.4900,33
54123184654470,15:02:03.184,91.4900,54
54125611380055,15:02:05.611,91.5000,17
54156147798816,15:02:36.147,91.5200,10
54166644872085,15:02:46.644,91.5000,6
54200797075069,15:03:20.797,91.4700,100
54200797075069,15:03:20.797,91.4700,100
54200797075069,15:03:20.797,91.4700,8
54200797406124,15:03:20.797,91.4700,67
54200797456742,15:03:20.797,91.4700,25
54200797456742,15:03:20.797,91.4700,3
54200807224149,15:03:20.807,91.4600,1
54200807224149,15:03:20.807,91.4600,48
