timestamp,time,price,volume
33735283367032,09:22:15.283,20.6000,18
34200728575463,09:30:00.728,20.4500,1
34200728575463,09:30:00.728,20.4500,6173
34204938403517,09:30:04.938,20.6700,137
34204938403517,09:30:04.938,20.6800,63
34290494584350,09:31:30.494,20.6400,2
34290494612304,09:31:30.494,20.6400,100
34290494809767,09:31:30.494,20.5900,83
34291278868543,09:31:31.278,20.7400,8
34331383957372,09:32:11.383,20.7500,100
34331383980792,09:32:11.383,20.7500,100
34331384020911,09:32:11.384,20.7500,100
34331384038362,09:32:11.384,20.7500,100
34331384429291,09:32:11.384,20.7000,100
34331384671673,09:32:11.384,20.7000,100
34331384671673,09:32:11.384,20.7200,100
34348592648373,09:32:28.592,20.7500,100
34355519445903,09:32:35.519,20.7650,150
34377264278332,09:32:57.264,20.7900,4
34378655921268,09:32:58.655,20.7650,100
34378655921268,09:32:58.655,20.7400,86
34378656484807,09:32:58.656,20.7300,100
34378656484807,09:32:58.656,20.7300,74
34378656484807,09:32:58.656,20.7300,12
34405234192945,09:33:25.234,20.7600,100
34410048596946,09:33:30.048,20.7700,50
34410048696471,09:33:30.048,20.7900,96
34410048696471,09:33:30.048,20.8000,100
34410048696471,09:33:30.048,20.8000,504
34410048723865,09:33:30.048,20.8000,46
34410048723865,09:33:30.048,20.8000,50
34410049102701,09:33:30.049,20.8000,100
34410049106258,09:33:30.049,20.8000,100
34410098766078,09:33:30.098,20.8500,60
34410099586261,09:33:30.099,20.8450,100
34419589877637,09:33:39.589,20.8700,50
34430694748012,09:33:50.694,20.8250,100
34450837113649,09:34:10.837,20.8200,6
34460447292750,09:34:20.447,20.8300,87
34500064601058,09:35:00.064,20.8200,100
34539862888331,09:35:39.862,20.8600,40
34539862888331,09:35:39.862,20.8600,100
34539862888331,09:35:39.862,20.8600,60
34539862930169,09:35:39.862,20.8600,40
34543978307756,09:35:43.978,20.9100,100
34543978524591,09:35:43.978,20.9100,100
34543978730717,09:35:43.978,20.9100,100
34544150508505,09:35:44.150,20.9100,100
34544150684694,09:35:44.150,20.9100,100
34544150858995,09:35:44.150,20.9100,100
34546594365656,09:35:46.594,20.9100,100
34576103196178,09:36:16.103,20.9200,200
34576103638004,09:36:16.103,20.9200,100
34578249752997,09:36:18.249,20.9400,17
34582083909146,09:36:22.083,20.9050,100
34582692137567,09:36:22.692,20.9050,100
34583203921995,09:36:23.203,20.9050,100
34584228192380,09:36:24.228,20.9050,100
34584718321120,09:36:24.718,20.9000,15
34584718375703,09:36:24.718,20.9000,1
34584956291218,09:36:24.956,20.8700,100
34607774577446,09:36:47.774,20.9300,100
34607774577446,09:36:47.774,20.9300,100
34607774577446,09:36:47.774,20.9400,133
34607774577446,09:36:47.774,20.9400,100
34609060202341,09:36:49.060,20.9700,100
34609060202341,09:36:49.060,20.9700,100
34617576109741,09:36:57.576,20.9150,200
34617576109741,09:36:57.576,20.9150,100
34617576109741,09:36:57.576,20.8800,100
34617576109741,09:36:57.576,20.8700,130
34617576139983,09:36:57.576,20.8700,400
34646697838353,09:37:26.697,20.9400,1
34646697838353,09:37:26.697,20.9400,1
34646697859890,09:37:26.697,20.9500,100
34646697930027,09:37:26.697,20.9600,100
34646698058406,09:37:26.698,20.9600,99
34646698058406,09:37:26.698,20.9600,61
34646698064195,09:37:26.698,20.9600,39
34646698064195,09:37:26.698,20.9600,61
34646698110964,09:37:26.698,20.9700,100
34646698110964,09:37:26.698,20.9700,100
34646700814992,09:37:26.700,20.9900,250
34646700825767,09:37:26.700,21.0000,41
34646700848158,09:37:26.700,21.0000,36
34646700882108,09:37:26.700,21.0000,74
34646700922607,09:37:26.700,21.0000,49
34646700922607,09:37:26.700,21.0000,25
34646702785384,09:37:26.702,21.0000,900
34646702811945,09:37:26.702,21.0000,75
34646702811945,09:37:26.702,21.0000,1
34646702811945,09:37:26.702,21.0000,1100
34646702811945,09:37:26.702,21.0000,110
34646702811945,09:37:26.702,21.0000,52
34646702811945,09:37:26.702,21.0000,50
34646702811945,09:37:26.702,21.0000,2
34646702811945,09:37:26.702,21.0000,1000
34652945849052,09:37:32.945,21.0700,28
34653199072225,09:37:33.199,21.0850,100
34654617499493,09:37:34.617,21.0850,691
34661561738424,09:37:41.561,21.0850,278
34667292094428,09:37:47.292,21.0700,39
34667292094428,09:37:47.292,21.0700,100
34667292094428,09:37:47.292,21.0700,100
34667292094428,09:37:47.292,21.0700,100
34667292094428,09:37:47.292,21.0700,100
34667292094428,09:37:47.292,21.0700,100
34667292094428,09:37:47.292,21.0700,100
34667292094428,09:37:47.292,21.0700,58
34667292207341,09:37:47.292,21.0200,100
34683862533266,09:38:03.862,21.0200,1
34690109187638,09:38:10.109,21.0000,100
34690109187638,09:38:10.109,21.0000,100
34690109187638,09:38:10.109,21.0000,100
34721376369240,09:38:41.376,21.0050,100
34721376869552,09:38:41.376,21.0400,53
34721376884480,09:38:41.376,21.0400,17
34721376884480,09:38:41.376,21.0400,57
34721376892259,09:38:41.376,21.0400,43
34726825588322,09:38:46.825,21.0700,96
34800500636002,09:40:00.500,21.0500,236
34800500920802,09:40:00.500,21.0500,108
34800500938007,09:40:00.500,21.0500,100
34800500952492,09:40:00.500,21.0500,100
34800500954945,09:40:00.500,21.0500,160
34800500994038,09:40:00.500,21.0500,96
34800500994038,09:40:00.500,21.0400,104
34800501020530,09:40:00.501,21.0400,32
34800501020530,09:40:00.501,21.0400,100
34800501023561,09:40:00.501,21.0400,100
34808762072266,09:40:08.762,20.9800,100
34863744716040,09:41:03.744,20.8800,100
34880544621259,09:41:20.544,20.8800,100
34880544621259,09:41:20.544,20.8800,100
34880544658283,09:41:20.544,20.8800,20
34880544658283,09:41:20.544,20.8800,100
34900629018292,09:41:40.629,20.9000,100
34918668563442,09:41:58.668,20.8800,100
34922997443445,09:42:02.997,20.8200,100
34922997443445,09:42:02.997,20.7800,210
34922997492424,09:42:02.997,20.7800,100
34923433479118,09:42:03.433,20.8000,62
34949211496945,09:42:29.211,20.8150,200
34949212297622,09:42:29.212,20.8150,200
34951151673541,09:42:31.151,20.8150,100
34951151721293,09:42:31.151,20.8000,190
34951151738051,09:42:31.151,20.7700,200
34951151764647,09:42:31.151,20.8000,100
34951172205426,09:42:31.172,20.7500,100
35025346568841,09:43:45.346,20.8000,100
35046299775779,09:44:06.299,20.7700,50
35046300096510,09:44:06.300,20.7700,50
35046301114462,09:44:06.301,20.7300,79
35046301773861,09:44:06.301,20.7200,81
35046301797956,09:44:06.301,20.7200,100
35046301800532,09:44:06.301,20.7200,70
35046303437746,09:44:06.303,20.7000,1900
35046304445221,09:44:06.304,20.6300,16
35046756089909,09:44:06.756,20.6300,13
35046756173923,09:44:06.756,20.6300,24
35046756225134,09:44:06.756,20.6300,24
35048834506814,09:44:08.834,20.6350,10
35048834560227,09:44:08.834,20.6350,100
35048834594766,09:44:08.834,20.6350,10
35072104539021,09:44:32.104,20.6750,100
35094885004481,09:44:54.885,20.6800,70
35094885008253,09:44:54.885,20.6800,10
35094885388403,09:44:54.885,20.6950,100
35095187015395,09:44:55.187,20.7200,100
35095187015395,09:44:55.187,20.7200,100
35095187117385,09:44:55.187,20.6900,100
35096792679423,09:44:56.792,20.7300,100
35129117973424,09:45:29.117,20.7050,25
35129118215596,09:45:29.118,20.7050,13
35129118369395,09:45:29.118,20.7050,50
35129118656025,09:45:29.118,20.7050,49
35215192167172,09:46:55.192,20.7100,60
35215192167172,09:46:55.192,20.7200,100
35215192167172,09:46:55.192,20.7200,40
35280847007474,09:48:00.847,20.7800,100
35280847727017,09:48:00.847,20.7700,30
35280847751666,09:48:00.847,20.7700,70
35280849480680,09:48:00.849,20.7800,100
35324344686793,09:48:44.344,20.7800,100
35324344853908,09:48:44.344,20.8000,100
35324345017978,09:48:44.345,20.7800,100
35333213350491,09:48:53.213,20.8100,200
35500193381795,09:51:40.193,20.7700,100
35502162980004,09:51:42.162,20.7700,90
35502162980004,09:51:42.162,20.7700,10
35502163007098,09:51:42.163,20.7700,90
35524259610379,09:52:04.259,20.8100,61
35524259610379,09:52:04.259,20.8100,100
35556549839634,09:52:36.549,20.7900,100
35556549839634,09:52:36.549,20.7700,900
35556549875843,09:52:36.549,20.7700,100
35556549875843,09:52:36.549,20.7700,43
35556549875843,09:52:36.549,20.7700,11
35636967893049,09:53:56.967,20.8000,50
35666280850833,09:54:26.280,20.7400,100
35666280850833,09:54:26.280,20.7300,75
35854320718292,09:57:34.320,20.7800,100
35854320718292,09:57:34.320,20.7900,100
35854320792426,09:57:34.320,20.7900,100
35854321172067,09:57:34.321,20.7600,100
35854322637813,09:57:34.322,20.7600,100
35854322805988,09:57:34.322,20.7600,100
35854322865318,09:57:34.322,20.7700,100
35915206012067,09:58:35.206,20.7700,100
35915206048946,09:58:35.206,20.7700,55
35915206081725,09:58:35.206,20.7700,100
35915206095308,09:58:35.206,20.7700,55
35915207653807,09:58:35.207,20.8000,100
35915207653807,09:58:35.207,20.8000,500
35915207691637,09:58:35.207,20.8000,161
35915208212096,09:58:35.208,20.8000,100
35915208283697,09:58:35.208,20.8000,39
35915208757160,09:58:35.208,20.8100,3
35915218004951,09:58:35.218,20.8100,37
35915219802507,09:58:35.219,20.8000,161
35915219844171,09:58:35.219,20.8000,100
35915219900349,09:58:35.219,20.8000,100
35915420689450,09:58:35.420,20.8000,99
35915508590889,09:58:35.508,20.8000,1
35915620843912,09:58:35.620,20.8100,100
36000273474928,10:00:00.273,20.8600,100
36000273474928,10:00:00.273,20.8600,100
36000273577820,10:00:00.273,20.8600,100
36013413104541,10:00:13.413,20.8200,4
36013889168499,10:00:13.889,20.8200,196
36013889168499,10:00:13.889,20.8100,4
36013889214663,10:00:13.889,20.8100,10
36013889754283,10:00:13.889,20.7900,100
36013889754283,10:00:13.889,20.7900,100
36013889754283,10:00:13.889,20.7900,100
36026971025308,10:00:26.971,20.7850,100
36045470409824,10:00:45.470,20.7750,50
36045470501695,10:00:45.470,20.7750,50
36045470528681,10:00:45.470,20.7500,50
36057760751350,10:00:57.760,20.7800,6
36057760776627,10:00:57.760,20.7800,94
36069153545625,10:01:09.153,20.8800,100
36096476212791,10:01:36.476,20.9200,100
36096476212791,10:01:36.476,20.9500,100
36096476304435,10:01:36.476,20.9500,100
36096476843131,10:01:36.476,20.9600,100
36097475008898,10:01:37.475,20.9650,400
36097475008898,10:01:37.475,20.9600,100
36097475008898,10:01:37.475,20.9600,100
36097475084627,10:01:37.475,20.9600,100
36097475084627,10:01:37.475,20.9600,100
36097475245038,10:01:37.475,20.9600,100
36097475245038,10:01:37.475,20.9600,50
36097475259673,10:01:37.475,20.9600,50
36117472053388,10:01:57.472,20.9500,1
36124851760264,10:02:04.851,20.9200,80
36135413637897,10:02:15.413,20.9200,50
36136062231321,10:02:16.062,20.9500,1
36152672760790,10:02:32.672,20.9400,50
36152672760790,10:02:32.672,20.9400,50
36157363467680,10:02:37.363,20.9400,4
36157363493430,10:02:37.363,20.9400,46
36157363493430,10:02:37.363,20.9400,17
36157365099632,10:02:37.365,20.9600,100
36162274564078,10:02:42.274,20.9600,100
36167365449246,10:02:47.365,20.9350,100
36168197813814,10:02:48.197,20.9400,1
36171205686035,10:02:51.205,20.9400,100
36171205971312,10:02:51.205,20.9300,100
36173454640857,10:02:53.454,20.9300,100
36173454697933,10:02:53.454,20.9300,150
36173455009726,10:02:53.455,20.9150,245
36173455217545,10:02:53.455,20.9100,5
36173455217545,10:02:53.455,20.9000,50
36173455217545,10:02:53.455,20.9000,100
36173455217545,10:02:53.455,20.9000,90
36173455274748,10:02:53.455,20.9000,5
36173471522133,10:02:53.471,20.8900,100
36175113635255,10:02:55.113,20.8900,200
36175113732275,10:02:55.113,20.8900,100
36175114224288,10:02:55.114,20.8900,100
36184543921598,10:03:04.543,20.8850,200
36184565408713,10:03:04.565,20.8850,200
36193273954193,10:03:13.273,20.8400,100
36200895350988,10:03:20.895,20.8200,100
36222117116684,10:03:42.117,20.8100,100
36222117152447,10:03:42.117,20.8100,17
36228135061327,10:03:48.135,20.8250,1
36238203548897,10:03:58.203,20.8400,8
36238203548897,10:03:58.203,20.8400,5
36240263845997,10:04:00.263,20.8600,100
36251974620987,10:04:11.974,20.8200,100
36254230181697,10:04:14.230,20.8600,100
36285529231916,10:04:45.529,20.8500,200
36285529231916,10:04:45.529,20.8500,100
36285529260990,10:04:45.529,20.8500,300
36285529779428,10:04:45.529,20.8600,1
36310621474996,10:05:10.621,20.8800,1
36315210240493,10:05:15.210,20.8800,4
36319488786947,10:05:19.488,20.8800,96
36319488786947,10:05:19.488,20.8800,4
36323977261756,10:05:23.977,20.8200,100
36323979090570,10:05:23.979,20.8300,100
36323986727021,10:05:23.986,20.8200,100
36323990824478,10:05:23.990,20.8100,89
36323990827391,10:05:23.990,20.8100,11
36323992223047,10:05:23.992,20.8000,83
36328943036065,10:05:28.943,20.8100,1
36330345507902,10:05:30.345,20.8100,100
36330345858989,10:05:30.345,20.8100,100
36330345858989,10:05:30.345,20.8100,100
36371767772784,10:06:11.767,20.8900,100
36435158925890,10:07:15.158,20.8800,1
36440008681145,10:07:20.008,20.8800,4
36442562953548,10:07:22.562,20.8800,95
36442562953548,10:07:22.562,20.8800,5
36449544413767,10:07:29.544,20.8900,52
36452640336341,10:07:32.640,20.9200,1
36462151585498,10:07:42.151,20.8950,100
36462178062347,10:07:42.178,20.8600,100
36462178062347,10:07:42.178,20.8600,100
36462178889747,10:07:42.178,20.8500,100
36465810765018,10:07:45.810,20.8400,100
36465813297436,10:07:45.813,20.8400,200
36465826568104,10:07:45.826,20.8400,600
36466128592524,10:07:46.128,20.8500,100
36466129102034,10:07:46.129,20.8500,100
36468561663134,10:07:48.561,20.8400,100
36468563496948,10:07:48.563,20.8400,100
36469061830081,10:07:49.061,20.8400,100
36469302509143,10:07:49.302,20.8400,100
36471289741439,10:07:51.289,20.8400,100
36473876139917,10:07:53.876,20.8400,100
36479098863026,10:07:59.098,20.8500,100
36479099468929,10:07:59.099,20.8600,100
36479120668477,10:07:59.120,20.8800,100
36479120669146,10:07:59.120,20.8800,100
36540890615612,10:09:00.890,20.9000,100
36544521305072,10:09:04.521,20.9200,98
36582877192542,10:09:42.877,20.9100,80
36582877267162,10:09:42.877,20.9100,100
36596003033489,10:09:56.003,20.9350,11
36616717218382,10:10:16.717,20.9350,50
36630270533202,10:10:30.270,20.9600,100
36673180287810,10:11:13.180,20.9400,37
36673180287810,10:11:13.180,20.9400,63
36677083360343,10:11:17.083,20.9400,37
36677083360343,10:11:17.083,20.9400,85
36677105270656,10:11:17.105,20.9500,100
36677105270656,10:11:17.105,20.9500,100
36722054546827,10:12:02.054,20.9500,25
36722054546827,10:12:02.054,20.9500,75
36722054605138,10:12:02.054,20.9500,25
36722054605138,10:12:02.054,20.9500,75
36722054658067,10:12:02.054,20.9500,25
36722054658067,10:12:02.054,20.9500,75
36724390944791,10:12:04.390,20.9500,100
36724393813145,10:12:04.393,20.9500,200
36724394199207,10:12:04.394,20.9600,10
36741650313835,10:12:21.650,20.9400,40
36741650313835,10:12:21.650,20.9400,100
36741650313835,10:12:21.650,20.9400,20
36741652631053,10:12:21.652,20.9500,100
36748538866457,10:12:28.538,20.9700,34
36749032990468,10:12:29.032,20.9400,200
36762547355834,10:12:42.547,20.9500,20
36762547355834,10:12:42.547,20.9500,80
36764811665895,10:12:44.811,20.9500,100
36764815090541,10:12:44.815,20.9500,100
36781033478555,10:13:01.033,20.9600,100
36782241261173,10:13:02.241,20.9500,100
36782241261173,10:13:02.241,20.9600,100
36807014555677,10:13:27.014,20.9600,35
36824117335041,10:13:44.117,20.9600,65
36993145283260,10:16:33.145,20.9700,66
36993145283260,10:16:33.145,20.9700,100
36993145283260,10:16:33.145,20.9700,34
36995466978980,10:16:35.466,20.9250,100
37035757978204,10:17:15.757,20.9300,98
37040422823682,10:17:20.422,20.9000,100
37040438841652,10:17:20.438,20.8300,100
37115866596658,10:18:35.866,20.7700,16
37139160291395,10:18:59.160,20.8100,100
37139160291395,10:18:59.160,20.8100,100
37139160322887,10:18:59.160,20.8100,100
37139161577974,10:18:59.161,20.8200,100
37139161577974,10:18:59.161,20.8200,100
37148276025053,10:19:08.276,20.8250,28
37234039148401,10:20:34.039,20.8700,4
37234039148401,10:20:34.039,20.8700,96
37234039191427,10:20:34.039,20.8700,4
37265184478466,10:21:05.184,20.9000,100
37313759793777,10:21:53.759,20.9000,100
37313759852959,10:21:53.759,20.9000,100
37424212013437,10:23:44.212,20.9500,100
37552537715405,10:25:52.537,20.9200,40
37552540701929,10:25:52.540,20.9500,100
37552540819433,10:25:52.540,20.9500,56
37561821829237,10:26:01.821,20.9500,16
37565133580377,10:26:05.133,20.9500,14
37565133580377,10:26:05.133,20.9500,86
37645826222850,10:27:25.826,20.8900,1093
37645826226058,10:27:25.826,20.8900,407
37645829080728,10:27:25.829,20.8600,3
37646178920685,10:27:26.178,20.9000,100
37646178988734,10:27:26.178,20.9000,100
37646179182205,10:27:26.179,20.9000,97
37662943436064,10:27:42.943,20.9100,100
37724903081729,10:28:44.903,20.9500,100
37724903107027,10:28:44.903,20.9500,400
37724903107027,10:28:44.903,20.9500,125
37724903107027,10:28:44.903,20.9500,100
37725374188506,10:28:45.374,20.9450,100
37787103867382,10:29:47.103,20.9250,100
37940287787522,10:32:20.287,20.9400,100
37940287813351,10:32:20.287,20.9400,100
37940287827713,10:32:20.287,20.9400,21
37945289661294,10:32:25.289,20.9500,1
37945289661294,10:32:25.289,20.9500,99
37945289686332,10:32:25.289,20.9500,1
37955295006421,10:32:35.295,20.9500,100
38008290659248,10:33:28.290,20.9700,100
38008290712954,10:33:28.290,20.9700,252
38008290726266,10:33:28.290,20.9800,12
38008290726266,10:33:28.290,20.9800,100
38008290729612,10:33:28.290,20.9800,112
38008290735895,10:33:28.290,20.9800,88
38008290742788,10:33:28.290,20.9700,100
38008291206513,10:33:28.291,20.9600,66
38008291301577,10:33:28.291,20.9700,100
38008291301577,10:33:28.291,20.9700,100
38008291301577,10:33:28.291,20.9700,100
38008291301577,10:33:28.291,20.9700,100
38016335485376,10:33:36.335,20.9500,50
38016335945869,10:33:36.335,20.9500,50
38028126475036,10:33:48.126,20.9300,200
38225039309468,10:37:05.039,20.9500,100
38225039309468,10:37:05.039,20.9500,600
38225039840111,10:37:05.039,20.9600,100
38225041452263,10:37:05.041,20.9800,460
38225042001784,10:37:05.042,20.9900,1
38225043697764,10:37:05.043,20.9900,100
38225054552710,10:37:05.054,20.9900,17
38225060614699,10:37:05.060,20.9900,100
38225879461441,10:37:05.879,20.9500,100
38230020528240,10:37:10.020,20.9750,115
38230020847698,10:37:10.020,20.9750,100
38230020952277,10:37:10.020,20.9500,15
38230020952277,10:37:10.020,20.9500,100
38230020952277,10:37:10.020,20.9500,100
38237776741323,10:37:17.776,20.9650,100
38258509199217,10:37:38.509,21.0000,100
38258509225964,10:37:38.509,21.0000,200
38258509225964,10:37:38.509,21.0000,207
38258509320970,10:37:38.509,21.0000,293
38258509320970,10:37:38.509,21.0000,122
38258509320970,10:37:38.509,21.0000,1
38258509320970,10:37:38.509,21.0000,20
38258509320970,10:37:38.509,21.0000,100
38258509406620,10:37:38.509,21.0000,100
38260924019980,10:37:40.924,21.0100,10
38260924480901,10:37:40.924,21.0200,10
38260925020476,10:37:40.925,21.0300,1
38260925045386,10:37:40.925,21.0300,9
38260926156982,10:37:40.926,21.0350,100
38261071039870,10:37:41.071,21.0300,49
38261287703670,10:37:41.287,21.0350,100
38263056391687,10:37:43.056,21.0400,100
38263059375806,10:37:43.059,21.0500,6
38263059808561,10:37:43.059,21.0600,66
38266065285493,10:37:46.065,21.0600,100
38266065381063,10:37:46.065,21.0600,100
38266071091184,10:37:46.071,21.0600,100
38266071825251,10:37:46.071,21.0600,100
38266071988676,10:37:46.071,21.0600,13
38266072128578,10:37:46.072,21.0600,100
38266072196129,10:37:46.072,21.0600,3
38266072200213,10:37:46.072,21.0600,84
38266072296110,10:37:46.072,21.0600,16
38266072372830,10:37:46.072,21.0600,18
38266072372830,10:37:46.072,21.0500,82
38266072393921,10:37:46.072,21.0500,18
38266072916394,10:37:46.072,21.0300,80
38266072949183,10:37:46.072,21.0300,20
38266072949183,10:37:46.072,21.0300,100
38266073802428,10:37:46.073,21.0300,100
38324132107208,10:38:44.132,21.0500,100
38329596073655,10:38:49.596,21.0600,10
38329596073655,10:38:49.596,21.0600,90
38329596100554,10:38:49.596,21.0600,10
38329596450460,10:38:49.596,21.0700,107
38329596450460,10:38:49.596,21.0700,10
38329597067674,10:38:49.597,21.0800,10
38344345007696,10:39:04.345,21.0800,100
38371480792348,10:39:31.480,21.0600,100
38371480792348,10:39:31.480,21.0600,2
38371480852440,10:39:31.480,21.0600,98
38452981579064,10:40:52.981,21.0400,200
38452981639988,10:40:52.981,21.0400,200
38452981653794,10:40:52.981,21.0400,200
38472118092776,10:41:12.118,21.0800,100
38507236554680,10:41:47.236,21.0450,131
38523807534937,10:42:03.807,21.0900,10
38523807534937,10:42:03.807,21.0900,20
38523807560675,10:42:03.807,21.0900,80
38523807607502,10:42:03.807,21.0900,100
38523811587189,10:42:03.811,21.1000,10
38523811587189,10:42:03.811,21.1000,500
38523811587189,10:42:03.811,21.1000,50
38523811587189,10:42:03.811,21.1000,184
38523811627760,10:42:03.811,21.1000,265
38523811631377,10:42:03.811,21.1000,51
38523811631377,10:42:03.811,21.1000,10
38523812467607,10:42:03.812,21.1100,100
38523823020685,10:42:03.823,21.1100,50
38565064192174,10:42:45.064,21.1000,1
38565064192174,10:42:45.064,21.1100,50
38565064192174,10:42:45.064,21.1100,10
38565064192174,10:42:45.064,21.1200,10
38592999410178,10:43:12.999,21.1100,100
38592999410178,10:43:12.999,21.1100,60
38623453826950,10:43:43.453,21.1200,100
38623453826950,10:43:43.453,21.1300,12
38623453854397,10:43:43.453,21.1300,90
38623453854397,10:43:43.453,21.1300,10
38624049789270,10:43:44.049,21.1500,75
38624049789270,10:43:44.049,21.1500,1
38624049789270,10:43:44.049,21.1500,24
38625288152157,10:43:45.288,21.1500,76
38625288152157,10:43:45.288,21.1500,24
38645691400785,10:44:05.691,21.1500,10
38688313824355,10:44:48.313,21.1500,100
38695795550670,10:44:55.795,21.1600,4
38695795550670,10:44:55.795,21.1600,10
38695795646186,10:44:55.795,21.1700,83
38695795672307,10:44:55.795,21.1700,14
38695795790094,10:44:55.795,21.1700,3
38695795790094,10:44:55.795,21.1700,10
38754870705192,10:45:54.870,21.1700,100
38808406367199,10:46:48.406,21.1200,100
38817176238806,10:46:57.176,21.1500,1
38822313514780,10:47:02.313,21.1000,45
38828246612106,10:47:08.246,21.1400,100
38828246612106,10:47:08.246,21.1400,100
38868405242624,10:47:48.405,21.1000,100
38880888090093,10:48:00.888,21.1400,93
38891145148627,10:48:11.145,21.1400,7
38891145148627,10:48:11.145,21.1400,93
38928442310114,10:48:48.442,21.1050,91
38944211968047,10:49:04.211,21.1100,100
39010435469825,10:50:10.435,21.1450,17
39011968125686,10:50:11.968,21.1500,4
39011968125686,10:50:11.968,21.1500,10
39011968269265,10:50:11.968,21.1500,83
39019257339672,10:50:19.257,21.1800,10
39019257339672,10:50:19.257,21.1800,90
39060257465191,10:51:00.257,21.2000,100
39086364676507,10:51:26.364,21.2000,30
39086364676507,10:51:26.364,21.2000,10
39086364676507,10:51:26.364,21.2000,1
39086364676507,10:51:26.364,21.2000,59
39094375811671,10:51:34.375,21.2000,100
39108530209276,10:51:48.530,21.1800,100
39111782745302,10:51:51.782,21.2000,841
39111782745302,10:51:51.782,21.2000,100
39111783427959,10:51:51.783,21.2100,10
39111783495485,10:51:51.783,21.2200,50
39111783495485,10:51:51.783,21.2200,100
39111783495485,10:51:51.783,21.2200,10
39111783500284,10:51:51.783,21.2200,100
39111783533310,10:51:51.783,21.2300,10
39159292878585,10:52:39.292,21.2400,10
39168548533557,10:52:48.548,21.2200,100
39177772021625,10:52:57.772,21.2500,100
39179874245180,10:52:59.874,21.2500,224
39208567114211,10:53:28.567,21.2200,100
39210614265453,10:53:30.614,21.2200,25
39263357448409,10:54:23.357,21.2400,100
39296029900366,10:54:56.029,21.2200,100
39296029962196,10:54:56.029,21.1900,100
39296029989986,10:54:56.029,21.1900,100
39306598889673,10:55:06.598,21.2200,100
39337994762529,10:55:37.994,21.2500,66
39337994799925,10:55:37.994,21.2500,85
39337994799925,10:55:37.994,21.2500,10
39337994799925,10:55:37.994,21.2500,100
39337995438291,10:55:37.995,21.2600,10
39337995438291,10:55:37.995,21.2700,10
39337995438291,10:55:37.995,21.2800,10
39349624802195,10:55:49.624,21.2500,152
39381680956006,10:56:21.680,21.2500,50
39415762927179,10:56:55.762,21.2200,634
39415762954534,10:56:55.762,21.2200,366
39415762954534,10:56:55.762,21.2200,100
39415763060322,10:56:55.763,21.2000,65
39415763080934,10:56:55.763,21.2000,35
39415777599985,10:56:55.777,21.1800,100
39415777599985,10:56:55.777,21.1800,100
39427999700949,10:57:07.999,21.1800,1
39468723763859,10:57:48.723,21.1500,1
39474368586095,10:57:54.368,21.1550,200
39474368586095,10:57:54.368,21.1400,100
39474368658440,10:57:54.368,21.1400,100
39474368668112,10:57:54.368,21.1400,34
39474368873373,10:57:54.368,21.1400,90
39474369077469,10:57:54.369,21.1400,66
39474369153429,10:57:54.369,21.1400,131
39474369223410,10:57:54.369,21.1400,520
39474369662511,10:57:54.369,21.1500,100
39509635630967,10:58:29.635,21.1600,84
39509636119716,10:58:29.636,21.1600,16
39528704730449,10:58:48.704,21.1300,8
39593254315579,10:59:53.254,21.2100,100
39662916731815,11:01:02.916,21.2000,100
39662919126888,11:01:02.919,21.2000,100
39684020138504,11:01:24.020,21.2300,100
39684020281484,11:01:24.020,21.2300,100
39684020520835,11:01:24.020,21.2300,100
39684020520835,11:01:24.020,21.2200,160
39684020521640,11:01:24.020,21.2200,40
39685445204824,11:01:25.445,21.2300,4
39687065328426,11:01:27.065,21.2350,100
39701548935876,11:01:41.548,21.2500,100
39702553408406,11:01:42.553,21.2300,9
39802368515368,11:03:22.368,21.1550,100
39825353166316,11:03:45.353,21.1300,96
39825353604143,11:03:45.353,21.1300,4
39835066511421,11:03:55.066,21.1600,100
39835067001218,11:03:55.067,21.1650,100
39903602507194,11:05:03.602,21.1200,100
39903602507194,11:05:03.602,21.1100,30
39903602534404,11:05:03.602,21.1100,100
39910932068041,11:05:10.932,21.1350,100
40015000354748,11:06:55.000,21.1800,4
40015000354748,11:06:55.000,21.1800,96
40015000445610,11:06:55.000,21.1500,100
40333705249552,11:12:13.705,21.0900,100
40405272155565,11:13:25.272,21.0800,100
40405272155565,11:13:25.272,21.0900,100
40418536189243,11:13:38.536,21.0700,7
40418536260154,11:13:38.536,21.0700,34
40418536271395,11:13:38.536,21.0800,100
40418536271395,11:13:38.536,21.0800,100
40437177234770,11:13:57.177,21.0900,100
40437177234770,11:13:57.177,21.0900,100
40437177700823,11:13:57.177,21.0900,200
40437177724598,11:13:57.177,21.0900,22
40437179830193,11:13:57.179,21.1000,40
40437179889555,11:13:57.179,21.1000,18
40447749043650,11:14:07.749,21.1000,42
40501463987689,11:15:01.463,21.0900,107
40550169578151,11:15:50.169,21.0800,20
40582401453965,11:16:22.401,21.1000,1
40589771345198,11:16:29.771,21.1000,99
40589771345198,11:16:29.771,21.1100,1
40625535455187,11:17:05.535,21.1000,50
40625535455187,11:17:05.535,21.1100,50
40682641169083,11:18:02.641,21.1100,49
40750112823961,11:19:10.112,21.1000,24
40755400433747,11:19:15.400,21.1000,79
40755400470883,11:19:15.400,21.1000,97
40755401909943,11:19:15.401,21.1000,100
40811476711523,11:20:11.476,21.1000,100
40811476748263,11:20:11.476,21.1000,68
40811476773010,11:20:11.476,21.1000,32
40811476773010,11:20:11.476,21.1000,100
40811476773010,11:20:11.476,21.1000,68
40811477257198,11:20:11.477,21.1000,93
40811507969753,11:20:11.507,21.1000,100
40843861231829,11:20:43.861,21.1100,100
41034258735907,11:23:54.258,21.1100,100
41034258735907,11:23:54.258,21.1100,100
41035544475654,11:23:55.544,21.1100,100
41035544475654,11:23:55.544,21.1100,100
41035545025107,11:23:55.545,21.1100,100
41040865974558,11:24:00.865,21.1400,1
41040865974558,11:24:00.865,21.1400,100
41040865974558,11:24:00.865,21.1400,10
41044574580257,11:24:04.574,21.1500,100
41044574606347,11:24:04.574,21.1500,300
41094303360240,11:24:54.303,21.1600,13
41139338685052,11:25:39.338,21.1700,100
41139338685052,11:25:39.338,21.2000,315
41139340318015,11:25:39.340,21.2000,200
41139340757977,11:25:39.340,21.2100,98
41139343003671,11:25:39.343,21.2100,2
41168211842014,11:26:08.211,21.2400,2
41168212044152,11:26:08.212,21.2400,100
41168212044152,11:26:08.212,21.2500,900
41168212084467,11:26:08.212,21.2500,18
41168212284276,11:26:08.212,21.2500,82
41190054408851,11:26:30.054,21.2700,2
41190054408851,11:26:30.054,21.2800,98
41265259503199,11:27:45.259,21.2800,100
41271499265379,11:27:51.499,21.2400,97
41271499499656,11:27:51.499,21.2400,3
41271499499656,11:27:51.499,21.2400,79
41271499504497,11:27:51.499,21.2400,21
41271501683007,11:27:51.501,21.2300,300
41335356283284,11:28:55.356,21.2600,21
41335356697345,11:28:55.356,21.2600,1
41335357132431,11:28:55.357,21.2600,178
41335357385216,11:28:55.357,21.2600,100
41338033855870,11:28:58.033,21.2600,100
41341373042941,11:29:01.373,21.2700,100
41341375504714,11:29:01.375,21.2800,104
41341375504714,11:29:01.375,21.2800,96
41341375541955,11:29:01.375,21.2800,904
41341375995410,11:29:01.375,21.2900,100
41341376678364,11:29:01.376,21.3000,35
41341376678364,11:29:01.376,21.3000,459
41341376744639,11:29:01.376,21.3000,506
41341376744639,11:29:01.376,21.3000,100
41341376744639,11:29:01.376,21.3000,79
41341376744639,11:29:01.376,21.3000,500
41342333769721,11:29:02.333,21.3200,100
41342334477775,11:29:02.334,21.3300,30
41363413129751,11:29:23.413,21.3400,100
41363413257551,11:29:23.413,21.3400,1
41363413760480,11:29:23.413,21.3500,39
41402775942775,11:30:02.775,21.3500,11
41441518596157,11:30:41.518,21.3700,96
41454859162745,11:30:54.859,21.3500,100
41456349749605,11:30:56.349,21.3700,200
41465429407063,11:31:05.429,21.3700,100
41477860431074,11:31:17.860,21.3300,400
41477860431074,11:31:17.860,21.3300,100
41477874918128,11:31:17.874,21.3200,100
41478344183078,11:31:18.344,21.3100,100
41478347982620,11:31:18.347,21.3000,200
41485796249601,11:31:25.796,21.3200,100
41485796715619,11:31:25.796,21.3300,196
41485796731517,11:31:25.796,21.3300,58
41485796766141,11:31:25.796,21.3300,46
41485797037260,11:31:25.797,21.3300,18
41499520452356,11:31:39.520,21.3300,82
41580819570923,11:33:00.819,21.3400,100
41580819608282,11:33:00.819,21.3400,100
41594398160677,11:33:14.398,21.3500,100
41635528047198,11:33:55.528,21.3700,100
41635528047198,11:33:55.528,21.3700,16
41635528047198,11:33:55.528,21.3700,84
41635528087481,11:33:55.528,21.3700,18
41635528112802,11:33:55.528,21.3700,47
41635528112802,11:33:55.528,21.3700,18
41635528170192,11:33:55.528,21.3700,12
41635528466754,11:33:55.528,21.3700,70
41635765579272,11:33:55.765,21.3600,100
41636618553583,11:33:56.618,21.3600,10
41727318485576,11:35:27.318,21.3800,10
41727318542287,11:35:27.318,21.3900,100
41727318542287,11:35:27.318,21.3900,1
41727318542287,11:35:27.318,21.3900,100
41727318630966,11:35:27.318,21.4000,100
41727318859909,11:35:27.318,21.4000,66
41727318859909,11:35:27.318,21.4000,10
41762912558927,11:36:02.912,21.3800,200
41762912599155,11:36:02.912,21.3800,100
41762912599155,11:36:02.912,21.3800,87
41762912613453,11:36:02.912,21.3800,13
41762912613453,11:36:02.912,21.3800,46
41762912631726,11:36:02.912,21.3800,154
41762912631726,11:36:02.912,21.3800,47
41762915272441,11:36:02.915,21.3600,100
41765240400248,11:36:05.240,21.3500,100
41765240424681,11:36:05.240,21.3500,100
41835014184170,11:37:15.014,21.3700,100
41836340478547,11:37:16.340,21.3600,100
41868886684573,11:37:48.886,21.3500,15
41868886710679,11:37:48.886,21.3500,85
41868886710679,11:37:48.886,21.3500,200
41868886710679,11:37:48.886,21.3500,100
41890116596141,11:38:10.116,21.3700,92
41890116596141,11:38:10.116,21.3700,100
41890116596141,11:38:10.116,21.3700,45
41890116596141,11:38:10.116,21.3700,63
41890116655597,11:38:10.116,21.3700,73
41914574116692,11:38:34.574,21.3800,100
41914574703273,11:38:34.574,21.3800,100
41914576266685,11:38:34.576,21.3900,100
41914578499945,11:38:34.578,21.4000,100
41955189536209,11:39:15.189,21.4000,100
41960286495540,11:39:20.286,21.3700,100
42038365191555,11:40:38.365,21.3800,800
42038365236354,11:40:38.365,21.3800,100
42038365269361,11:40:38.365,21.3800,100
42038365871819,11:40:38.365,21.4000,80
42038368420083,11:40:38.368,21.4000,220
42038368420083,11:40:38.368,21.4000,80
42040261149189,11:40:40.261,21.3800,100
42040262202688,11:40:40.262,21.3800,400
42051886638691,11:40:51.886,21.3600,31
42120171082304,11:42:00.171,21.3800,50
42133020558826,11:42:13.020,21.4000,20
42170961504998,11:42:50.961,21.3900,42
42210076773958,11:43:30.076,21.4200,100
42210076773958,11:43:30.076,21.4200,181
42210076773958,11:43:30.076,21.4200,30
42210080358953,11:43:30.080,21.4400,55
42211485268267,11:43:31.485,21.4300,100
42214536823313,11:43:34.536,21.4500,100
42214536823313,11:43:34.536,21.4500,200
42216116831951,11:43:36.116,21.4500,500
42216117318466,11:43:36.117,21.4600,40
42216117318466,11:43:36.117,21.4600,1
42221119257272,11:43:41.119,21.4800,294
42222774998287,11:43:42.774,21.4400,300
42222775173505,11:43:42.775,21.4200,100
42222775191229,11:43:42.775,21.4200,200
42222775322689,11:43:42.775,21.4200,100
42222775322689,11:43:42.775,21.4200,100
42223273042267,11:43:43.273,21.4200,100
42224582264879,11:43:44.582,21.3900,100
42224583153506,11:43:44.583,21.3800,40
42224584321410,11:43:44.584,21.3700,100
42224584463104,11:43:44.584,21.3700,100
42225277867569,11:43:45.277,21.3700,100
42225277971326,11:43:45.277,21.3700,100
42226143064924,11:43:46.143,21.3700,100
42226176412517,11:43:46.176,21.3700,100
42227906986740,11:43:47.906,21.3700,100
42300980373834,11:45:00.980,21.4100,93
42409147255013,11:46:49.147,21.4400,100
42516297918976,11:48:36.297,21.4100,200
42576391662917,11:49:36.391,21.3600,21
42712223977869,11:51:52.223,21.3500,10
42755899486103,11:52:35.899,21.3400,100
42755899511726,11:52:35.899,21.3400,100
42755959827747,11:52:35.959,21.2900,100
42755961259543,11:52:35.961,21.2500,500
42755982216426,11:52:35.982,21.2500,200
42821471398057,11:53:41.471,21.2600,100
42821471398057,11:53:41.471,21.2600,100
42821472010570,11:53:41.472,21.2700,100
42822019847534,11:53:42.019,21.2700,100
42826166433995,11:53:46.166,21.2700,8
42831292193224,11:53:51.292,21.2700,10
42878568282828,11:54:38.568,21.2600,100
43042007989435,11:57:22.007,21.2200,100
43054018559068,11:57:34.018,21.2100,100
43054018816423,11:57:34.018,21.2000,6
43054018816423,11:57:34.018,21.2000,30
43054018844502,11:57:34.018,21.2000,70
43054018844502,11:57:34.018,21.2000,100
43054020692008,11:57:34.020,21.2000,100
43054022491069,11:57:34.022,21.2000,3
43054022496252,11:57:34.022,21.2000,97
43081541745040,11:58:01.541,21.1900,100
43081541745040,11:58:01.541,21.1900,200
43099076472585,11:58:19.076,21.2000,100
43099076504016,11:58:19.076,21.2000,100
43099076510945,11:58:19.076,21.2000,100
43142226066277,11:59:02.226,21.2500,100
43142226688844,11:59:02.226,21.2500,100
43277806794368,12:01:17.806,21.2300,100
43277806834049,12:01:17.806,21.2300,32
43277806864378,12:01:17.806,21.2300,68
43277806864378,12:01:17.806,21.2300,100
43277806864378,12:01:17.806,21.2300,10
43277806914599,12:01:17.806,21.2300,90
43347856486906,12:02:27.856,21.2500,100
43347857033046,12:02:27.857,21.2500,42
43347858502964,12:02:27.858,21.2100,100
43347858651813,12:02:27.858,21.2100,100
43412414933857,12:03:32.414,21.2200,100
43416853973987,12:03:36.853,21.1900,100
43416855609569,12:03:36.855,21.1900,100
43420514476743,12:03:40.514,21.1800,100
43491573681303,12:04:51.573,21.1500,300
43537636452381,12:05:37.636,21.1200,100
43537636452381,12:05:37.636,21.1200,100
43540619532425,12:05:40.619,21.1000,100
43540965055254,12:05:40.965,21.1000,500
43540966334083,12:05:40.966,21.1100,58
43540967384322,12:05:40.967,21.1000,100
43570645652473,12:06:10.645,21.1100,58
43570645652473,12:06:10.645,21.1100,15
43570645652473,12:06:10.645,21.1100,9
43570645652473,12:06:10.645,21.1100,100
43570647588727,12:06:10.647,21.1200,100
43646119356489,12:07:26.119,21.1700,4
43646119356489,12:07:26.119,21.1700,96
43668926917222,12:07:48.926,21.1800,100
43668926955581,12:07:48.926,21.1800,100
43683233165392,12:08:03.233,21.1900,50
43683233165392,12:08:03.233,21.1900,50
43752509793866,12:09:12.509,21.1500,100
43904751934209,12:11:44.751,21.1800,7
43904753430718,12:11:44.753,21.1900,50
43904753430718,12:11:44.753,21.1900,50
43904753468692,12:11:44.753,21.1900,50
43907377301354,12:11:47.377,21.1900,100
43950430714179,12:12:30.430,21.1400,100
43951600317388,12:12:31.600,21.1000,100
43951600317388,12:12:31.600,21.1000,282
44173400787505,12:16:13.400,21.1500,100
44173400812246,12:16:13.400,21.1500,3
44173400825985,12:16:13.400,21.1500,3
44203460513492,12:16:43.460,21.1800,94
44216278446500,12:16:56.278,21.1800,100
44216822085267,12:16:56.822,21.1900,100
44216822110469,12:16:56.822,21.1900,100
44222792810869,12:17:02.792,21.1600,30
44231895616473,12:17:11.895,21.1500,100
44347769872999,12:19:07.769,21.1400,100
44351628028944,12:19:11.628,21.1300,100
44360764017485,12:19:20.764,21.1100,100
44468246537658,12:21:08.246,21.1400,100
44468246566919,12:21:08.246,21.1400,2
44468246566919,12:21:08.246,21.1400,10
44468246642471,12:21:08.246,21.1400,50
44477710202784,12:21:17.710,21.1500,35
44477710202784,12:21:17.710,21.1500,65
44539026500167,12:22:19.026,21.1700,100
44547579710726,12:22:27.579,21.1800,86
44547579736201,12:22:27.579,21.1800,14
44549451966256,12:22:29.451,21.1900,100
44549451966256,12:22:29.451,21.1900,100
44549453852431,12:22:29.453,21.2000,56
44549453852431,12:22:29.453,21.2000,1
44549453852431,12:22:29.453,21.2000,4
44549453931620,12:22:29.453,21.2000,83
44549454203481,12:22:29.454,21.2000,13
44562910461921,12:22:42.910,21.1800,70
44692184461387,12:24:52.184,21.1700,100
44698514780307,12:24:58.514,21.1600,20
44700186127523,12:25:00.186,21.1600,1
44755912944586,12:25:55.912,21.1600,79
44767826773149,12:26:07.826,21.1500,100
44817888367011,12:26:57.888,21.1500,64
44817888393636,12:26:57.888,21.1500,36
44817893822291,12:26:57.893,21.1400,5
44873450196834,12:27:53.450,21.1300,1000
44873450236917,12:27:53.450,21.1100,7
44873450269946,12:27:53.450,21.1100,55
44873450302016,12:27:53.450,21.1100,38
44876971748228,12:27:56.971,21.1000,31
44876971773202,12:27:56.971,21.1000,69
44886023712082,12:28:06.023,21.1100,9
44889349645457,12:28:09.349,21.1200,100
44890478159652,12:28:10.478,21.0900,100
44913688543098,12:28:33.688,21.1200,77
44913688908665,12:28:33.688,21.1200,23
44913688908665,12:28:33.688,21.1200,100
44935257589657,12:28:55.257,21.1000,62
44948504815506,12:29:08.504,21.1000,38
44948504815506,12:29:08.504,21.1000,62
45007138877808,12:30:07.138,21.1400,100
45015140287379,12:30:15.140,21.1500,100
45015140328011,12:30:15.140,21.1500,55
45076247281651,12:31:16.247,21.1700,1
45076247281651,12:31:16.247,21.1700,199
45076255736736,12:31:16.255,21.1700,50
45076255736736,12:31:16.255,21.1700,50
45076255762620,12:31:16.255,21.1700,50
45076256502648,12:31:16.256,21.1800,100
45280160031066,12:34:40.160,21.2000,10
45280160031066,12:34:40.160,21.2000,100
45280160031066,12:34:40.160,21.2000,100
45280160031066,12:34:40.160,21.2000,5
45280160031066,12:34:40.160,21.2000,1
45280160088359,12:34:40.160,21.2000,6
45297955077475,12:34:57.955,21.1600,32
45349871077565,12:35:49.871,21.1500,2
45428723218019,12:37:08.723,21.2100,100
45433160952472,12:37:13.160,21.2000,4
45445587582479,12:37:25.587,21.2300,100
45477109376587,12:37:57.109,21.2100,19
45477109459583,12:37:57.109,21.2100,81
45477109459583,12:37:57.109,21.2100,100
45477109459583,12:37:57.109,21.2100,100
45477109459583,12:37:57.109,21.2100,100
45497965696255,12:38:17.965,21.1900,100
45525049854361,12:38:45.049,21.1700,100
45537223080375,12:38:57.223,21.1500,49
45680554346376,12:41:20.554,21.1300,100
45691263178883,12:41:31.263,21.1600,100
45751596179467,12:42:31.596,21.1600,100
46012152813900,12:46:52.152,21.1600,100
46012152839422,12:46:52.152,21.1600,100
46012152839422,12:46:52.152,21.1600,100
46012152851828,12:46:52.152,21.1600,2
46012152861153,12:46:52.152,21.1600,103
46012152907794,12:46:52.152,21.1600,25
46081562449540,12:48:01.562,21.1900,50
46081565387331,12:48:01.565,21.2000,10
46081565387331,12:48:01.565,21.2000,100
46081566415096,12:48:01.566,21.2100,100
46081566415096,12:48:01.566,21.2100,100
46081566415096,12:48:01.566,21.2100,4
46081566880509,12:48:01.566,21.2100,100
46081567210591,12:48:01.567,21.2100,100
46081576793146,12:48:01.576,21.2000,34
46081576817509,12:48:01.576,21.2000,1666
46081576817509,12:48:01.576,21.2000,100
46142138814987,12:49:02.138,21.2200,50
46142138814987,12:49:02.138,21.2300,10
46149039175550,12:49:09.039,21.2500,100
46149039175550,12:49:09.039,21.2500,100
46177737996353,12:49:37.737,21.2700,100
46256182312657,12:50:56.182,21.2800,100
46256183751930,12:50:56.183,21.2800,100
46256904985562,12:50:56.904,21.2700,100
46337950599405,12:52:17.950,21.2100,25
46337950599405,12:52:17.950,21.2100,75
46337950613796,12:52:17.950,21.2100,25
46337951698525,12:52:17.951,21.1900,100
46337951750167,12:52:17.951,21.1900,100
46337951768766,12:52:17.951,21.1900,100
46357339029338,12:52:37.339,21.2050,200
46361958996517,12:52:41.958,21.2100,100
46365169103348,12:52:45.169,21.2200,100
46365169119472,12:52:45.169,21.2200,90
46444154474546,12:54:04.154,21.2300,60
46445248470211,12:54:05.248,21.2400,100
46445248495581,12:54:05.248,21.2400,4
46445248495581,12:54:05.248,21.2400,1
46494927005127,12:54:54.927,21.2450,200
46497213010817,12:54:57.213,21.2550,100
46497721021411,12:54:57.721,21.2550,100
46695905072994,12:58:15.905,21.2300,40
46695905103449,12:58:15.905,21.2300,60
46695905229738,12:58:15.905,21.2300,60
46695905229738,12:58:15.905,21.2400,79
46746390190929,12:59:06.390,21.2400,21
46746390190929,12:59:06.390,21.2400,79
46746390305997,12:59:06.390,21.2400,14
46767792758472,12:59:27.792,21.2400,7
46767792862833,12:59:27.792,21.2500,100
46767792862833,12:59:27.792,21.2500,100
46767792862833,12:59:27.792,21.2500,1
46840677419349,13:00:40.677,21.2500,40
46840677419349,13:00:40.677,21.2500,100
46840678215790,13:00:40.678,21.2600,47
46840678223849,13:00:40.678,21.2600,29
46840678234875,13:00:40.678,21.2600,47
46840678242896,13:00:40.678,21.2600,24
47002158713888,13:03:22.158,21.2500,100
47009088543880,13:03:29.088,21.2500,100
47009088624823,13:03:29.088,21.2500,71
47016152915213,13:03:36.152,21.2500,100
47016152942002,13:03:36.152,21.2500,129
47016152942002,13:03:36.152,21.2500,100
47056159345839,13:04:16.159,21.2700,100
47068025110046,13:04:28.025,21.2600,100
47068026944349,13:04:28.026,21.2600,100
47074238093871,13:04:34.238,21.2600,100
47115716188862,13:05:15.716,21.2600,100
47161560925759,13:06:01.560,21.2300,10
47161560925759,13:06:01.560,21.2300,90
47161560953750,13:06:01.560,21.2300,110
47252249872855,13:07:32.249,21.2500,100
47304103015332,13:08:24.103,21.2200,100
47304103015332,13:08:24.103,21.2200,100
47304545110666,13:08:24.545,21.2200,100
47305201174424,13:08:25.201,21.2200,32
47394475851877,13:09:54.475,21.2600,100
47406369199561,13:10:06.369,21.2300,200
47406369199561,13:10:06.369,21.2300,100
47407066747886,13:10:07.066,21.2300,100
47423139269345,13:10:23.139,21.2600,100
47423139269345,13:10:23.139,21.2700,100
47427588146234,13:10:27.588,21.2700,100
47430109419076,13:10:30.109,21.2700,7
47453004613930,13:10:53.004,21.2800,50
47453004613930,13:10:53.004,21.2800,50
47458437111691,13:10:58.437,21.2600,51
47460237809319,13:11:00.237,21.2600,100
47469917080136,13:11:09.917,21.2800,50
47469917136576,13:11:09.917,21.2800,100
47469917156236,13:11:09.917,21.2800,100
47469917972192,13:11:09.917,21.2900,100
47469917972192,13:11:09.917,21.2900,100
47469918136541,13:11:09.918,21.2900,100
47472153119011,13:11:12.153,21.3000,10
47472153119011,13:11:12.153,21.3000,20
47472153119011,13:11:12.153,21.3000,5
47472153119011,13:11:12.153,21.3100,5
47567258164834,13:12:47.258,21.3100,100
47686176154066,13:14:46.176,21.3200,100
47737133239124,13:15:37.133,21.3200,300
47737133263374,13:15:37.133,21.3200,209
47737133274458,13:15:37.133,21.3200,91
47737133275937,13:15:37.133,21.3200,300
47757088142984,13:15:57.088,21.3300,100
47757088244838,13:15:57.088,21.3300,30
47757088244838,13:15:57.088,21.3400,20
47921373600567,13:18:41.373,21.3500,5
47921373600567,13:18:41.373,21.3500,100
47921373600567,13:18:41.373,21.3500,95
47927821364609,13:18:47.821,21.3500,14
47927822531888,13:18:47.822,21.3600,100
47927822531888,13:18:47.822,21.3600,20
47927822531888,13:18:47.822,21.3600,100
47928462161817,13:18:48.462,21.3700,20
47928462161817,13:18:48.462,21.3700,14
47945588755404,13:19:05.588,21.3800,5
47945588755404,13:19:05.588,21.3900,1
47945588755404,13:19:05.588,21.3900,194
47992078122031,13:19:52.078,21.3600,100
47992078122031,13:19:52.078,21.3600,197
47992078161045,13:19:52.078,21.3600,3
47992078161045,13:19:52.078,21.3600,93
48045864515293,13:20:45.864,21.3600,100
48045864595722,13:20:45.864,21.3600,7
48045866544422,13:20:45.866,21.3600,300
48129154138969,13:22:09.154,21.3200,200
48238594610509,13:23:58.594,21.3300,100
48238594610509,13:23:58.594,21.3300,100
48238597327793,13:23:58.597,21.3400,100
48238678766141,13:23:58.678,21.3400,100
48303765103516,13:25:03.765,21.3500,91
48329494491725,13:25:29.494,21.3500,300
48329494533281,13:25:29.494,21.3500,191
48329494580670,13:25:29.494,21.3500,1509
48329494580670,13:25:29.494,21.3500,100
48665319367349,13:31:05.319,21.3700,70
48665319367349,13:31:05.319,21.3700,30
48665319670968,13:31:05.319,21.3700,70
48665319670968,13:31:05.319,21.3700,8
48665320188355,13:31:05.320,21.3700,92
48665320188355,13:31:05.320,21.3700,8
48671795021097,13:31:11.795,21.3800,100
48680317841908,13:31:20.317,21.3900,100
48731977411245,13:32:11.977,21.3800,1
48740863809973,13:32:20.863,21.3700,300
48789129980207,13:33:09.129,21.3900,200
48789141743824,13:33:09.141,21.4000,10
48789141743824,13:33:09.141,21.4000,1
48789141743824,13:33:09.141,21.4000,100
48789141743824,13:33:09.141,21.4000,6
48789141743824,13:33:09.141,21.4000,90
48789141743824,13:33:09.141,21.4000,100
48789141743824,13:33:09.141,21.4000,400
48789142145674,13:33:09.142,21.4100,84
48789142371448,13:33:09.142,21.4100,16
48789142371448,13:33:09.142,21.4100,36
48789142421394,13:33:09.142,21.4100,64
48789143687242,13:33:09.143,21.4200,9
48789143687242,13:33:09.143,21.4200,100
48789195145165,13:33:09.195,21.4100,100
48802997837947,13:33:22.997,21.3800,100
48802997837947,13:33:22.997,21.3800,100
48802997837947,13:33:22.997,21.3800,21
48871374375444,13:34:31.374,21.3600,1000
48871374510377,13:34:31.374,21.3500,700
48871375488781,13:34:31.375,21.3300,100
48883319285379,13:34:43.319,21.3200,100
48883319285379,13:34:43.319,21.3000,20
48883319315390,13:34:43.319,21.3000,44
48900262127440,13:35:00.262,21.3400,100
48900262158944,13:35:00.262,21.3400,36
48900262206150,13:35:00.262,21.3300,400
48900262206150,13:35:00.262,21.3300,400
48900262206150,13:35:00.262,21.3300,100
48900262206150,13:35:00.262,21.3300,11
48900262215196,13:35:00.262,21.3300,89
48900262275700,13:35:00.262,21.3300,100
48900262275700,13:35:00.262,21.3300,100
49073305368488,13:37:53.305,21.3400,9
49073306650033,13:37:53.306,21.3500,100
49222348351273,13:40:22.348,21.3400,100
49222393448631,13:40:22.393,21.3300,100
49273179812921,13:41:13.179,21.3400,100
49303355335694,13:41:43.355,21.3000,100
49328417274904,13:42:08.417,21.2800,200
49328417274904,13:42:08.417,21.2800,100
49328417351522,13:42:08.417,21.2800,60
49335224538608,13:42:15.224,21.3000,100
49470267048274,13:44:30.267,21.3000,100
49485418764364,13:44:45.418,21.3100,100
49572856756437,13:46:12.856,21.3100,100
49572856792536,13:46:12.856,21.3100,50
49572856792536,13:46:12.856,21.3200,17
49572857271554,13:46:12.857,21.3200,83
49630722077389,13:47:10.722,21.3200,14
49641707722032,13:47:21.707,21.3000,1
49816871126919,13:50:16.871,21.2700,100
49844155467076,13:50:44.155,21.2900,100
49844840997043,13:50:44.840,21.2900,100
49845846878242,13:50:45.846,21.2900,90
49845847657198,13:50:45.847,21.2900,10
49845847657198,13:50:45.847,21.2900,90
49845848683217,13:50:45.848,21.2900,198
49849236645815,13:50:49.236,21.3000,100
49849237290997,13:50:49.237,21.3000,70
49880544501033,13:51:20.544,21.3000,4
49880544526711,13:51:20.544,21.3000,23
49897836219471,13:51:37.836,21.2900,4
49897836219471,13:51:37.836,21.2900,8
49897836219471,13:51:37.836,21.2900,5
49897836219471,13:51:37.836,21.2900,8
49917824438454,13:51:57.824,21.2700,75
49917824464396,13:51:57.824,21.2700,25
49917824464396,13:51:57.824,21.2700,44
49917862569845,13:51:57.862,21.2600,100
49917888520391,13:51:57.888,21.2500,300
49920497074106,13:52:00.497,21.2800,88
49920497098459,13:52:00.497,21.2800,12
49982968379522,13:53:02.968,21.2900,100
49982974320030,13:53:02.974,21.2900,14
49982974320030,13:53:02.974,21.2900,1
50001607435387,13:53:21.607,21.2800,41
50060199731584,13:54:20.199,21.3000,100
50060199731584,13:54:20.199,21.3000,200
50060199857869,13:54:20.199,21.3000,100
50060200493064,13:54:20.200,21.3100,100
50060201571006,13:54:20.201,21.3100,100
50071616980681,13:54:31.616,21.2800,100
50125250408722,13:55:25.250,21.3100,100
50156029473191,13:55:56.029,21.2700,36
50156029473191,13:55:56.029,21.2700,64
50156033149615,13:55:56.033,21.2500,100
50156048720360,13:55:56.048,21.2400,100
50160976764093,13:56:00.976,21.2600,100
50166036666681,13:56:06.036,21.2800,100
50263349623646,13:57:43.349,21.2600,100
50263349623646,13:57:43.349,21.2600,51
50308343251513,13:58:28.343,21.2500,50
50308343251513,13:58:28.343,21.2500,58
50313483713398,13:58:33.483,21.2100,100
50313483713398,13:58:33.483,21.2100,100
50329208180813,13:58:49.208,21.2250,10
50397305320116,13:59:57.305,21.2100,13
50397385171201,13:59:57.385,21.2100,87
50397385171201,13:59:57.385,21.2100,100
50397386701768,13:59:57.386,21.2200,100
50397386701768,13:59:57.386,21.2200,100
50399484840791,13:59:59.484,21.2000,4
50409042366847,14:00:09.042,21.2500,4
50409042511457,14:00:09.042,21.2500,40
50409042514096,14:00:09.042,21.2500,40
50409042719867,14:00:09.042,21.2500,100
50409042720608,14:00:09.042,21.2500,100
50409042754256,14:00:09.042,21.2500,42
50409043427101,14:00:09.043,21.2500,1600
50409045416620,14:00:09.045,21.2500,65
50412614131701,14:00:12.614,21.2400,100
50431030987907,14:00:31.030,21.2200,100
50446516139755,14:00:46.516,21.2300,160
50446516140216,14:00:46.516,21.2300,40
50447075563999,14:00:47.075,21.2000,100
50447075601753,14:00:47.075,21.2000,31
50447076001615,14:00:47.076,21.2000,161
50447076004655,14:00:47.076,21.2000,41
50447076018552,14:00:47.076,21.2000,40
50447080182070,14:00:47.080,21.2000,700
50447080220608,14:00:47.080,21.2000,68
50447080233207,14:00:47.080,21.2000,100
50552232948189,14:02:32.232,21.2600,100
50552233009865,14:02:32.233,21.2600,40
50552233009865,14:02:32.233,21.2700,100
50552233009865,14:02:32.233,21.2700,60
50552234193171,14:02:32.234,21.2700,40
50552234193171,14:02:32.234,21.2700,60
50552869260138,14:02:32.869,21.2700,40
50553858070556,14:02:33.858,21.2800,100
50553858070556,14:02:33.858,21.2800,100
50556153332200,14:02:36.153,21.3000,100
50659355413380,14:04:19.355,21.3100,8
50682907478337,14:04:42.907,21.3400,50
50702956071399,14:05:02.956,21.3200,25
50703634676643,14:05:03.634,21.3500,2
50703634676643,14:05:03.634,21.3700,98
50704163879774,14:05:04.163,21.3700,100
50710953745382,14:05:10.953,21.3700,10
50723059029326,14:05:23.059,21.3800,50
50723059029326,14:05:23.059,21.3800,50
50723059069907,14:05:23.059,21.3800,63
50723059078171,14:05:23.059,21.3800,40
50723724115327,14:05:23.724,21.3800,147
50723724218596,14:05:23.724,21.3800,20
50746021398464,14:05:46.021,21.3400,100
50869199781196,14:07:49.199,21.3600,100
50877586813364,14:07:57.586,21.2800,100
50877587637830,14:07:57.587,21.3000,100
50877637006826,14:07:57.637,21.2800,100
50877637006826,14:07:57.637,21.2800,100
50970198623997,14:09:30.198,21.3000,100
51030979240638,14:10:30.979,21.2400,100
51051405060182,14:10:51.405,21.2700,100
51065112815832,14:11:05.112,21.2900,100
51065113748653,14:11:05.113,21.3000,100
51115339744940,14:11:55.339,21.3100,100
51115339744940,14:11:55.339,21.3100,100
51115339744940,14:11:55.339,21.3100,100
51115340689748,14:11:55.340,21.3200,100
51145293364603,14:12:25.293,21.3200,161
51145293368269,14:12:25.293,21.3200,81
51145293379927,14:12:25.293,21.3200,40
51145293402689,14:12:25.293,21.3200,93
51145293403191,14:12:25.293,21.3200,96
51145293432888,14:12:25.293,21.3200,3529
51145301699893,14:12:25.301,21.3200,100
51189728870073,14:13:09.728,21.3500,100
51197752545486,14:13:17.752,21.3600,100
51205828766633,14:13:25.828,21.3600,100
51209803938878,14:13:29.803,21.3300,100
51209804488861,14:13:29.804,21.3200,400
51209804488861,14:13:29.804,21.3200,100
51209804581647,14:13:29.804,21.3200,100
51209804581647,14:13:29.804,21.3200,100
51209804594537,14:13:29.804,21.3200,100
51209804594537,14:13:29.804,21.3200,700
51209804594537,14:13:29.804,21.3200,200
51209804619017,14:13:29.804,21.3200,45
51209806464988,14:13:29.806,21.3200,3
51209806464988,14:13:29.806,21.3200,10
51209806464988,14:13:29.806,21.3100,87
51212730533553,14:13:32.730,21.3100,13
51212730533553,14:13:32.730,21.3100,100
51226304045388,14:13:46.304,21.3200,200
51226304072295,14:13:46.304,21.3200,100
51226859497057,14:13:46.859,21.3000,100
51226860172739,14:13:46.860,21.2900,100
51306827901752,14:15:06.827,21.2800,20
51330124961866,14:15:30.124,21.2800,5
51472290358874,14:17:52.290,21.3100,10
51472290358874,14:17:52.290,21.3100,90
51485152531835,14:18:05.152,21.3200,100
51508155785372,14:18:28.155,21.2900,100
51565412474098,14:19:25.412,21.3200,100
51565440132097,14:19:25.440,21.3200,100
51572352624128,14:19:32.352,21.3100,100
51588312320742,14:19:48.312,21.3200,100
51606765685554,14:20:06.765,21.3300,100
51793957929035,14:23:13.957,21.3100,100
51794020117884,14:23:14.020,21.3000,100
51892474862344,14:24:52.474,21.2800,100
51905090972344,14:25:05.090,21.2800,10
51905090972344,14:25:05.090,21.2800,81
51905326331070,14:25:05.326,21.2800,19
51905326331070,14:25:05.326,21.2800,100
51905326331070,14:25:05.326,21.2800,80
51908238543186,14:25:08.238,21.2900,100
51908238543186,14:25:08.238,21.2900,34
51908238543186,14:25:08.238,21.2900,1
51953661630983,14:25:53.661,21.2900,100
51953664512340,14:25:53.664,21.2900,100
52169490922805,14:29:29.490,21.2700,84
52169492853493,14:29:29.492,21.2700,16
52169492853493,14:29:29.492,21.2700,100
52169492853493,14:29:29.492,21.2700,100
52178286368816,14:29:38.286,21.2800,32
52178286368816,14:29:38.286,21.3000,68
52285621245822,14:31:25.621,21.2200,100
52285621734951,14:31:25.621,21.2100,52
52285621759525,14:31:25.621,21.2100,48
52305895945439,14:31:45.895,21.2400,100
52305895945439,14:31:45.895,21.2400,100
52318159478180,14:31:58.159,21.2100,100
52318159478180,14:31:58.159,21.2100,100
52331032729147,14:32:11.032,21.2000,50
52331032729147,14:32:11.032,21.2000,50
52331032755381,14:32:11.032,21.2000,950
52331032755381,14:32:11.032,21.2000,100
52331033256508,14:32:11.033,21.2000,36
52331033270998,14:32:11.033,21.2000,37
52331033281179,14:32:11.033,21.2000,27
52331033869732,14:32:11.033,21.1900,97
52400145910289,14:33:20.145,21.2300,19
52400145910289,14:33:20.145,21.2400,68
52400145910289,14:33:20.145,21.2400,13
52489620351219,14:34:49.620,21.2500,168
52501546023538,14:35:01.546,21.2700,200
52505001268815,14:35:05.001,21.2500,12
52563978923126,14:36:03.978,21.2500,4
52563978923126,14:36:03.978,21.2400,96
52563979089397,14:36:03.979,21.2500,26
52563979112592,14:36:03.979,21.2500,25
52563979143623,14:36:03.979,21.2500,49
52563979143623,14:36:03.979,21.2500,100
52563979896137,14:36:03.979,21.2400,4
52563979896137,14:36:03.979,21.2400,100
52563979896137,14:36:03.979,21.2300,100
52563979896137,14:36:03.979,21.2300,96
52563980473888,14:36:03.980,21.2400,100
52563980617987,14:36:03.980,21.2400,100
52563981090575,14:36:03.981,21.2400,10
52563981090575,14:36:03.981,21.2300,4
52563981090575,14:36:03.981,21.2300,90
52582572323833,14:36:22.572,21.2700,100
52643284598735,14:37:23.284,21.2700,80
52643284598735,14:37:23.284,21.2700,20
52643284623912,14:37:23.284,21.2700,80
52690393317880,14:38:10.393,21.2700,1
52699772469494,14:38:19.772,21.2800,100
52699773348548,14:38:19.773,21.2900,100
52699790027367,14:38:19.790,21.2900,100
52702778797136,14:38:22.778,21.2700,100
52713629749170,14:38:33.629,21.2800,100
52797282300355,14:39:57.282,21.2700,100
52797782078694,14:39:57.782,21.2800,100
52903258546745,14:41:43.258,21.2200,100
52919914157793,14:41:59.914,21.2500,10
52919914157793,14:41:59.914,21.2500,34
52919914239013,14:41:59.914,21.2500,34
52919914262224,14:41:59.914,21.2500,34
52919914265340,14:41:59.914,21.2500,32
52923882604835,14:42:03.882,21.2400,100
52996103643289,14:43:16.103,21.2100,100
52996103828949,14:43:16.103,21.2100,100
52996112135819,14:43:16.112,21.2000,100
53032414733926,14:43:52.414,21.2400,100
53033277757719,14:43:53.277,21.2400,100
53033278211119,14:43:53.278,21.2400,1
53033278211119,14:43:53.278,21.2400,99
53043233918952,14:44:03.233,21.2000,100
53057489942354,14:44:17.489,21.2000,100
53160259947238,14:46:00.259,21.2000,11
53188340997237,14:46:28.340,21.2400,1
53192796732743,14:46:32.796,21.2500,100
53192796732743,14:46:32.796,21.2500,90
53192797176399,14:46:32.797,21.2500,10
53216251540907,14:46:56.251,21.2700,5
53222101434714,14:47:02.101,21.2800,10
53222101434714,14:47:02.101,21.2800,90
53222101460636,14:47:02.101,21.2800,10
53222101463173,14:47:02.101,21.2800,10
53222101466614,14:47:02.101,21.2800,10
53222101840782,14:47:02.101,21.2800,110
53228336692120,14:47:08.336,21.2900,5
53228336692120,14:47:08.336,21.2900,95
53240388184629,14:47:20.388,21.2900,98
53240394865425,14:47:20.394,21.3000,1
53240394865425,14:47:20.394,21.3000,100
53240394865425,14:47:20.394,21.3000,10
53303325791895,14:48:23.325,21.2700,100
53349270125292,14:49:09.270,21.2500,100
53369937926425,14:49:29.937,21.2500,100
53400800276451,14:50:00.800,21.2600,1274
53405737958679,14:50:05.737,21.2600,644
53405737958679,14:50:05.737,21.2600,100
53405737958679,14:50:05.737,21.2600,60
53408983093327,14:50:08.983,21.2800,100
53408984465117,14:50:08.984,21.2800,10
53478915618378,14:51:18.915,21.2800,14
53478915643623,14:51:18.915,21.2800,5
53524268532127,14:52:04.268,21.3000,100
53524268532127,14:52:04.268,21.3000,100
53526674125595,14:52:06.674,21.3100,100
53542214536054,14:52:22.214,21.3400,1
53542214537845,14:52:22.214,21.3400,1
53542214538436,14:52:22.214,21.3400,2
53542214538929,14:52:22.214,21.3400,2
53542214544014,14:52:22.214,21.3400,5
53542214544527,14:52:22.214,21.3400,3
53542214547485,14:52:22.214,21.3400,2
53542214548892,14:52:22.214,21.3400,3
53542214561852,14:52:22.214,21.3400,2981
53542214638950,14:52:22.214,21.3400,2000
53542215239232,14:52:22.215,21.3500,500
53542215239232,14:52:22.215,21.3500,3
53542919424148,14:52:22.919,21.3600,146
53542919455561,14:52:22.919,21.3600,73
53579781482212,14:52:59.781,21.3600,100
53579781506364,14:52:59.781,21.3600,1
53579781598182,14:52:59.781,21.3600,399
53598672880432,14:53:18.672,21.3900,10
53636371927172,14:53:56.371,21.3900,100
53661586573963,14:54:21.586,21.3800,2
53661586573963,14:54:21.586,21.3800,98
53661586613515,14:54:21.586,21.3800,2
53661586613515,14:54:21.586,21.3800,71
53661586631815,14:54:21.586,21.3800,100
53661587012562,14:54:21.587,21.3800,29
53661587012562,14:54:21.587,21.3800,45
53661587032552,14:54:21.587,21.3800,55
53661587032552,14:54:21.587,21.3800,18
53661587035140,14:54:21.587,21.3800,74
53661587125364,14:54:21.587,21.3800,8
53735638204348,14:55:35.638,21.4100,18
53735638204348,14:55:35.638,21.4100,100
53735647060172,14:55:35.647,21.4200,100
53735647549504,14:55:35.647,21.4200,100
53790976057169,14:56:30.976,21.4300,56
53790976057169,14:56:30.976,21.4300,100
53790978722048,14:56:30.978,21.4400,100
53800953363893,14:56:40.953,21.4500,100
53800960419378,14:56:40.960,21.4600,2
53800960444671,14:56:40.960,21.4600,98
53810579102876,14:56:50.579,21.4600,2
53812585301036,14:56:52.585,21.4400,200
53812904714649,14:56:52.904,21.4250,100
53879098382559,14:57:59.098,21.4600,100
53956624430387,14:59:16.624,21.4500,12
53958035495644,14:59:18.035,21.4600,11
53958035495644,14:59:18.035,21.4600,89
53958037245560,14:59:18.037,21.4600,11
53978484336336,14:59:38.484,21.4700,100
53979623353368,14:59:39.623,21.4700,100
54046151108868,15:00:46.151,21.4400,100
54046151108868,15:00:46.151,21.4400,100
54046151779521,15:00:46.151,21.4400,100
54046183127344,15:00:46.183,21.4400,100
54046230532994,15:00:46.230,21.4400,100
54048865964167,15:00:48.865,21.4300,100
54054576361010,15:00:54.576,21.4200,100
54054576361010,15:00:54.576,21.4200,100
54054576361010,15:00:54.576,21.4200,100
54054576361010,15:00:54.576,21.4200,100
54054578126816,15:00:54.578,21.4200,100
54056775428832,15:00:56.775,21.4100,100
54134516841614,15:02:14.516,21.4000,600
54160681518104,15:02:40.681,21.4200,100
54160681992211,15:02:40.681,21.4200,10
54160681992211,15:02:40.681,21.4200,1
54160682016460,15:02:40.682,21.4200,11
54160682359196,15:02:40.682,21.4400,5
54160682458934,15:02:40.682,21.4400,4
54160683571013,15:02:40.683,21.4400,91
54160684718303,15:02:40.684,21.4400,2
54160684817469,15:02:40.684,21.4400,9
54185843686223,15:03:05.843,21.4100,100
54241271087492,15:04:01.271,21.4200,100
54241271911802,15:04:01.271,21.4200,74
54248762542980,15:04:08.762,21.4300,3
54248763024887,15:04:08.763,21.4400,11
54272140785355,15:04:32.140,21.4300,3
54272142995448,15:04:32.142,21.4300,2
54299029623979,15:04:59.029,21.4300,5
54299029624409,15:04:59.029,21.4300,13
54299060682123,15:04:59.060,21.4000,100
54326300661917,15:05:26.300,21.3800,100
54326300661917,15:05:26.300,21.3800,45
54326300661917,15:05:26.300,21.3800,55
54357952934088,15:05:57.952,21.3950,2
54357952934088,15:05:57.952,21.3950,8
54357952934088,15:05:57.952,21.3950,3
54357952934088,15:05:57.952,21.3800,87
54360864466610,15:06:00.864,21.4000,100
54360864466610,15:06:00.864,21.4000,20
54360864466610,15:06:00.864,21.4000,80
54394271459371,15:06:34.271,21.4000,100
54394271613533,15:06:34.271,21.4000,122
54401369619775,15:06:41.369,21.4000,78
54401369619775,15:06:41.369,21.4100,38
54404490109209,15:06:44.490,21.4100,62
54404490109209,15:06:44.490,21.4100,22
54404490109209,15:06:44.490,21.4100,16
54404490207499,15:06:44.490,21.4100,22
54455849818083,15:07:35.849,21.4000,600
54455849857481,15:07:35.849,21.4000,30
54455850966495,15:07:35.850,21.4000,76
54455851011083,15:07:35.851,21.4000,302
54455851274390,15:07:35.851,21.3900,100
54455851497831,15:07:35.851,21.4000,100
54455851497831,15:07:35.851,21.4000,100
54455851497831,15:07:35.851,21.4000,500
54471084000628,15:07:51.084,21.4000,12
54471084000628,15:07:51.084,21.4000,100
54482757166592,15:08:02.757,21.4100,14
54482757166592,15:08:02.757,21.4200,86
54494462404579,15:08:14.462,21.3900,100
54506465872437,15:08:26.465,21.3800,76
54506465949888,15:08:26.465,21.3800,24
54507818289840,15:08:27.818,21.4100,100
54538292232458,15:08:58.292,21.4100,13
54538292232458,15:08:58.292,21.4200,87
54538293060124,15:08:58.293,21.4200,13
54540145625921,15:09:00.145,21.4000,300
54553305759729,15:09:13.305,21.4000,100
54581591817444,15:09:41.591,21.4100,100
54635891175492,15:10:35.891,21.3800,100
54657629076437,15:10:57.629,21.3700,100
54662022940633,15:11:02.022,21.3600,100
54662022966082,15:11:02.022,21.3600,100
54662022983792,15:11:02.022,21.3600,100
54687833559367,15:11:27.833,21.3500,134
54687833585336,15:11:27.833,21.3500,166
54687833585336,15:11:27.833,21.3500,13
54733286125789,15:12:13.286,21.3400,100
54733605946193,15:12:13.605,21.3250,100
54743122292667,15:12:23.122,21.3400,100
54752892265473,15:12:32.892,21.3600,100
54752893536162,15:12:32.893,21.3700,100
54752893536162,15:12:32.893,21.3700,100
54752894073135,15:12:32.894,21.3800,102
54759682025658,15:12:39.682,21.4000,100
54809873518596,15:13:29.873,21.3800,2
54811587963592,15:13:31.587,21.4000,1
54811587964184,15:13:31.587,21.4000,1
54811587968740,15:13:31.587,21.4000,1
54812131361697,15:13:32.131,21.4000,2
54812131366990,15:13:32.131,21.4000,1
54812131371482,15:13:32.131,21.4000,2
54812131373186,15:13:32.131,21.4000,1
54812131373660,15:13:32.131,21.4000,1
54812131378596,15:13:32.131,21.4000,2
54812134753285,15:13:32.134,21.4000,10
54812135322791,15:13:32.135,21.4000,78
54812135322791,15:13:32.135,21.4000,12
54812136302444,15:13:32.136,21.4000,10
54812136325187,15:13:32.136,21.4000,10
54814296643855,15:13:34.296,21.4100,10
54814296643855,15:13:34.296,21.4200,10
54814296643855,15:13:34.296,21.4300,10
54814296643855,15:13:34.296,21.4300,195
54814296643855,15:13:34.296,21.4300,75
54823069387288,15:13:43.069,21.4100,100
54823563801123,15:13:43.563,21.4200,11
54874946416077,15:14:34.946,21.4400,4
54874946441295,15:14:34.946,21.4400,6
54896028120071,15:14:56.028,21.4100,12
54896028144970,15:14:56.028,21.4100,88
54896028180908,15:14:56.028,21.4100,6
54896028391069,15:14:56.028,21.4100,3
54896028609510,15:14:56.028,21.4100,69
54896029419138,15:14:56.029,21.4000,100
54896029419138,15:14:56.029,21.4000,100
54896033375715,15:14:56.033,21.4000,100
54897200904058,15:14:57.200,21.4100,22
54897200904058,15:14:57.200,21.4100,100
54897200904058,15:14:57.200,21.4100,478
54897852568883,15:14:57.852,21.4100,100
54905541292088,15:15:05.541,21.4100,100
54905936016993,15:15:05.936,21.3900,100
54909086507092,15:15:09.086,21.3800,98
54916105003882,15:15:16.105,21.4100,100
54922736676962,15:15:22.736,21.4100,100
54922736740698,15:15:22.736,21.4100,2
54922737015081,15:15:22.737,21.4100,1
54926297182468,15:15:26.297,21.4100,1
54926297183047,15:15:26.297,21.4100,2
54926297183730,15:15:26.297,21.4100,2
54926297185580,15:15:26.297,21.4100,2
54926297186379,15:15:26.297,21.4100,1
54926297189457,15:15:26.297,21.4100,1
54926297192914,15:15:26.297,21.4100,1
54926297194389,15:15:26.297,21.4100,1
54926297195840,15:15:26.297,21.4100,1
54926297196437,15:15:26.297,21.4100,1
54926297198499,15:15:26.297,21.4100,1
54926297200569,15:15:26.297,21.4100,1
54938250786588,15:15:38.250,21.4000,100
54948003688931,15:15:48.003,21.4100,82
55023124382300,15:17:03.124,21.3900,100
55023124382300,15:17:03.124,21.4000,100
55023124831171,15:17:03.124,21.4000,100
55031815087805,15:17:11.815,21.3600,100
55031815087805,15:17:11.815,21.3600,11
55103552978836,15:18:23.552,21.3400,10
55103552978836,15:18:23.552,21.3400,100
55103552978836,15:18:23.552,21.3400,90
55104201437529,15:18:24.201,21.3500,30
55104201437529,15:18:24.201,21.3500,10
55104231890691,15:18:24.231,21.3500,100
55114608952177,15:18:34.608,21.3300,2
55143771989557,15:19:03.771,21.3400,100
55175861116043,15:19:35.861,21.3000,100
55179061210145,15:19:39.061,21.3200,100
55185262252088,15:19:45.262,21.3200,100
55331798198995,15:22:11.798,21.3000,1
55331798236045,15:22:11.798,21.3000,99
55334342387719,15:22:14.342,21.2700,20
55379003018572,15:22:59.003,21.2700,100
55379003018572,15:22:59.003,21.2700,100
55379003018572,15:22:59.003,21.2700,60
55379003517440,15:22:59.003,21.2800,100
55379003517440,15:22:59.003,21.2800,100
55379004693220,15:22:59.004,21.2900,1
55379004693220,15:22:59.004,21.2900,20
55395288993739,15:23:15.288,21.2900,100
55395289054408,15:23:15.289,21.3000,5
55395289703987,15:23:15.289,21.2800,100
55396327691419,15:23:16.327,21.2900,100
55396327781693,15:23:16.327,21.2800,100
55463008208415,15:24:23.008,21.3000,12
55463009256792,15:24:23.009,21.3100,10
55532537057673,15:25:32.537,21.2900,100
55532538408764,15:25:32.538,21.2800,8
55532538415665,15:25:32.538,21.2800,50
55588497144301,15:26:28.497,21.3100,100
55588498051651,15:26:28.498,21.3300,28
55591592231762,15:26:31.592,21.3300,58
55591592231762,15:26:31.592,21.3300,100
55591592231762,15:26:31.592,21.3300,12
55621569229024,15:27:01.569,21.3300,6
55621569229024,15:27:01.569,21.3400,794
55621569362610,15:27:01.569,21.3400,100
55621570334028,15:27:01.570,21.3400,11
55621570386162,15:27:01.570,21.3400,95
55621570386162,15:27:01.570,21.3400,5
55621570621850,15:27:01.570,21.3400,90
55621570680003,15:27:01.570,21.3400,10
55621570681970,15:27:01.570,21.3400,200
55621571163708,15:27:01.571,21.3500,200
55621571163708,15:27:01.571,21.3500,100
55632518845274,15:27:12.518,21.3400,46
55675177168403,15:27:55.177,21.3700,1
55675177171124,15:27:55.177,21.3700,2
55675177172407,15:27:55.177,21.3700,1
55675177174834,15:27:55.177,21.3700,1
55675177177336,15:27:55.177,21.3700,1
55675177178561,15:27:55.177,21.3700,1
55675177180281,15:27:55.177,21.3700,1
55675177180887,15:27:55.177,21.3700,1
55675177185326,15:27:55.177,21.3700,1
55675177185865,15:27:55.177,21.3700,1
55675177186340,15:27:55.177,21.3700,1
55675177188892,15:27:55.177,21.3700,1
55675177190171,15:27:55.177,21.3700,1
55675177990277,15:27:55.177,21.3700,1
55675661125758,15:27:55.661,21.3700,185
55675661125758,15:27:55.661,21.3700,15
55675661244002,15:27:55.661,21.3700,85
55675661244002,15:27:55.661,21.3800,15
55675661312944,15:27:55.661,21.3800,20
55675661337910,15:27:55.661,21.3800,65
55691968417175,15:28:11.968,21.3700,12
55691968417175,15:28:11.968,21.3700,60
55699027964015,15:28:19.027,21.3800,100
55721445564874,15:28:41.445,21.3800,12
55721445564874,15:28:41.445,21.3800,60
55721445564874,15:28:41.445,21.3800,28
55757606310679,15:29:17.606,21.3600,100
55757606310679,15:29:17.606,21.3600,100
55757606550119,15:29:17.606,21.3600,42
55799651190081,15:29:59.651,21.3300,100
55802815608245,15:30:02.815,21.3500,9
55832621520143,15:30:32.621,21.3600,6
55832621520143,15:30:32.621,21.3600,94
55833016788535,15:30:33.016,21.3600,106
55857590880634,15:30:57.590,21.3800,5
55873271362523,15:31:13.271,21.3700,86
55873272340870,15:31:13.272,21.3700,14
55877542740751,15:31:17.542,21.3600,42
55877542809559,15:31:17.542,21.3600,158
55879639658968,15:31:19.639,21.3300,100
55883402910636,15:31:23.402,21.3400,200
55883402910636,15:31:23.402,21.3400,15
55883403353517,15:31:23.403,21.3400,85
55889576303375,15:31:29.576,21.3500,100
55960734401899,15:32:40.734,21.3300,6
55960734427697,15:32:40.734,21.3300,17
55960734427697,15:32:40.734,21.3300,100
55962736456556,15:32:42.736,21.3300,100
55962736463027,15:32:42.736,21.3300,100
55986070196963,15:33:06.070,21.3600,72
55986070699608,15:33:06.070,21.3500,100
55987431180946,15:33:07.431,21.3400,160
55987431205581,15:33:07.431,21.3400,379
55987432055007,15:33:07.432,21.3300,2
55987432596035,15:33:07.432,21.3300,13
55987433400321,15:33:07.433,21.3300,85
56010419300813,15:33:30.419,21.3200,19
56016697035720,15:33:36.697,21.3300,56
56032242529341,15:33:52.242,21.3300,56
56032242529341,15:33:52.242,21.3300,11
56033001640533,15:33:53.001,21.3400,100
56088021474981,15:34:48.021,21.3200,100
56124221516987,15:35:24.221,21.3100,6
56129526237827,15:35:29.526,21.3100,94
56129526237827,15:35:29.526,21.3100,60
56129526317239,15:35:29.526,21.3100,40
56129527620420,15:35:29.527,21.3000,50
56143754137769,15:35:43.754,21.3200,100
56165457445140,15:36:05.457,21.3000,5
56165457490524,15:36:05.457,21.3000,45
56165457490524,15:36:05.457,21.3000,100
56165774864909,15:36:05.774,21.3000,100
56168401588789,15:36:08.401,21.3000,16
56168401588789,15:36:08.401,21.2900,84
56168401613983,15:36:08.401,21.2900,16
56186124166238,15:36:26.124,21.3000,100
56186124198076,15:36:26.124,21.3000,100
56224936054879,15:37:04.936,21.2800,100
56224936073287,15:37:04.936,21.2800,16
56225626354521,15:37:05.626,21.3000,100
56232570473160,15:37:12.570,21.3000,100
56232570473160,15:37:12.570,21.3000,41
56254288779090,15:37:34.288,21.2900,88
56254288788153,15:37:34.288,21.2900,193
56254288815387,15:37:34.288,21.2900,100
56254288817743,15:37:34.288,21.2900,6
56254288917845,15:37:34.288,21.2900,6
56254288937205,15:37:34.288,21.2900,797
56380437711739,15:39:40.437,21.2500,20
56408412308646,15:40:08.412,21.2300,6
56413805415949,15:40:13.805,21.2500,100
56413805415949,15:40:13.805,21.2500,100
56413805415949,15:40:13.805,21.2500,50
56433389421903,15:40:33.389,21.2600,14
56433389421903,15:40:33.389,21.2700,100
56433389421903,15:40:33.389,21.2700,16
56433389421903,15:40:33.389,21.2700,70
56444232050756,15:40:44.232,21.2800,100
56463183016465,15:41:03.183,21.2700,100
56463187437435,15:41:03.187,21.2650,100
56463189518358,15:41:03.189,21.2600,11
56463189545798,15:41:03.189,21.2600,89
56469623947394,15:41:09.623,21.2600,100
56469623947394,15:41:09.623,21.2600,100
56469623947394,15:41:09.623,21.2400,100
56469624173491,15:41:09.624,21.2400,100
56490487918784,15:41:30.487,21.2700,100
56522106177954,15:42:02.106,21.2700,100
56542278526834,15:42:22.278,21.2500,5
56548495536991,15:42:28.495,21.2500,100
56555673502899,15:42:35.673,21.2300,100
56555681884541,15:42:35.681,21.2200,100
56555683624821,15:42:35.683,21.2100,800
56555683624821,15:42:35.683,21.2100,100
56555683624821,15:42:35.683,21.2100,100
56555684664687,15:42:35.684,21.2000,6
56555686484589,15:42:35.686,21.2000,94
56555686484589,15:42:35.686,21.2000,300
56555691222306,15:42:35.691,21.1900,100
56555691222306,15:42:35.691,21.1900,200
56555691222306,15:42:35.691,21.1900,100
56559036250775,15:42:39.036,21.2300,90
56560314987475,15:42:40.314,21.2300,10
56560314987475,15:42:40.314,21.2300,90
56560316634932,15:42:40.316,21.2100,5
56563437883487,15:42:43.437,21.2300,10
56563437883487,15:42:43.437,21.2400,90
56590607081943,15:43:10.607,21.2400,100
56600634607941,15:43:20.634,21.2300,5
56611863883855,15:43:31.863,21.2500,100
56611863883855,15:43:31.863,21.2500,100
56629278367677,15:43:49.278,21.2300,5
56629278450204,15:43:49.278,21.2300,90
56638125658638,15:43:58.125,21.2400,100
56638676546350,15:43:58.676,21.2300,100
56655430123693,15:44:15.430,21.2400,80
56655430123693,15:44:15.430,21.2400,20
56655749449758,15:44:15.749,21.2400,80
56698274491455,15:44:58.274,21.2500,5
56698346276175,15:44:58.346,21.2500,6
56721031641466,15:45:21.031,21.2500,5
56721031744697,15:45:21.031,21.2500,84
56721032241588,15:45:21.032,21.2600,100
56721032453792,15:45:21.032,21.2600,100
56723936780759,15:45:23.936,21.2700,100
56723939343253,15:45:23.939,21.2700,100
56723939343253,15:45:23.939,21.2700,99
56723939378344,15:45:23.939,21.2700,1
56757047028369,15:45:57.047,21.2700,34
56757047028369,15:45:57.047,21.2800,100
56757047028369,15:45:57.047,21.2800,100
56757047028369,15:45:57.047,21.2800,66
56757558003076,15:45:57.558,21.2800,34
56768064137514,15:46:08.064,21.2900,1
56768064137514,15:46:08.064,21.2900,99
56778936271872,15:46:18.936,21.2800,100
56801608273964,15:46:41.608,21.2900,100
56858073619079,15:47:38.073,21.2800,6
56877267674438,15:47:57.267,21.3000,15
56877267680475,15:47:57.267,21.3000,15
56877267907982,15:47:57.267,21.3000,15
56877268097100,15:47:57.268,21.3000,15
56877268472874,15:47:57.268,21.3000,15
56877268880121,15:47:57.268,21.3000,15
56877269261778,15:47:57.269,21.3000,15
56916551961325,15:48:36.551,21.3000,100
56916551961325,15:48:36.551,21.3000,100
56916551961325,15:48:36.551,21.3000,100
56916552308636,15:48:36.552,21.2900,17
56916552383362,15:48:36.552,21.2900,50
56916552401282,15:48:36.552,21.2900,20
56916552609845,15:48:36.552,21.2900,13
56916552611680,15:48:36.552,21.2900,50
56916552613149,15:48:36.552,21.2900,37
56916552613149,15:48:36.552,21.2900,100
56923952098413,15:48:43.952,21.2900,100
56924008480824,15:48:44.008,21.3100,1
56924008480824,15:48:44.008,21.3100,100
56924008480824,15:48:44.008,21.3100,100
56924508583498,15:48:44.508,21.3200,100
56935332067971,15:48:55.332,21.3200,19
56956618093470,15:49:16.618,21.3200,100
56968418410006,15:49:28.418,21.3300,57
56973830227679,15:49:33.830,21.3200,100
56973830729223,15:49:33.830,21.3200,21
56999250535707,15:49:59.250,21.3200,100
57010251489364,15:50:10.251,21.3200,50
57010251501551,15:50:10.251,21.3200,15
57010251513676,15:50:10.251,21.3200,35
57016666120170,15:50:16.666,21.3100,10
57028111263032,15:50:28.111,21.3200,100
57028113868256,15:50:28.113,21.3300,5
57043539234456,15:50:43.539,21.3100,5
57066829537973,15:51:06.829,21.3100,7
57066837994305,15:51:06.837,21.3100,57
57067106631550,15:51:07.106,21.3100,21
57067106631550,15:51:07.106,21.3100,72
57074725241857,15:51:14.725,21.3100,2
57103294321971,15:51:43.294,21.3100,6
57105363341977,15:51:45.363,21.3100,20
57105363341977,15:51:45.363,21.3100,100
57105363341977,15:51:45.363,21.3100,100
57107718034228,15:51:47.718,21.3000,94
57107718034228,15:51:47.718,21.3000,6
57124863788133,15:52:04.863,21.3050,30
57132446278201,15:52:12.446,21.2900,100
57132698801665,15:52:12.698,21.2900,3
57138115316105,15:52:18.115,21.2900,85
57138115316105,15:52:18.115,21.2900,15
57138115422884,15:52:18.115,21.2900,14
57138115507750,15:52:18.115,21.2900,18
57138115554771,15:52:18.115,21.2900,53
57160391783384,15:52:40.391,21.2900,100
57160392302123,15:52:40.392,21.2900,100
57160549687485,15:52:40.549,21.2900,100
57163330334511,15:52:43.330,21.3000,10
57164247714606,15:52:44.247,21.3000,7
57164247747718,15:52:44.247,21.3000,83
57164248579077,15:52:44.248,21.3000,100
57165086828271,15:52:45.086,21.3000,10
57175009849982,15:52:55.009,21.3000,4
57193016979700,15:53:13.016,21.2900,100
57193016979700,15:53:13.016,21.2900,83
57193025176757,15:53:13.025,21.2900,17
57197431442734,15:53:17.431,21.2800,100
57246370653875,15:54:06.370,21.2800,100
57246445217381,15:54:06.445,21.2800,100
57247461280454,15:54:07.461,21.2900,100
57247461280454,15:54:07.461,21.2900,9
57247461280454,15:54:07.461,21.2900,1
57247461280454,15:54:07.461,21.2900,100
57263459314856,15:54:23.459,21.2900,100
57287245102684,15:54:47.245,21.2900,100
57287245102684,15:54:47.245,21.2900,5
57297148526455,15:54:57.148,21.3000,1
57300072964364,15:55:00.072,21.3000,83
57300073131948,15:55:00.073,21.3000,49
57300073372311,15:55:00.073,21.3000,83
57300168196465,15:55:00.168,21.3000,48
57300168236136,15:55:00.168,21.3000,236
57300168236136,15:55:00.168,21.3000,100
57300168236136,15:55:00.168,21.3000,100
57301001410993,15:55:01.001,21.3100,200
57301001410993,15:55:01.001,21.3100,100
57302707159516,15:55:02.707,21.3150,100
57302707159516,15:55:02.707,21.3100,100
57302707719200,15:55:02.707,21.3000,100
57302707719200,15:55:02.707,21.2900,100
57302707719200,15:55:02.707,21.2900,100
57302707719200,15:55:02.707,21.2900,20
57302727819545,15:55:02.727,21.3000,20
57310440451816,15:55:10.440,21.3000,22
57319065490096,15:55:19.065,21.2900,20
57319065490096,15:55:19.065,21.2900,100
57319077213185,15:55:19.077,21.2800,100
57319077340499,15:55:19.077,21.2800,20
57319077367497,15:55:19.077,21.2800,80
57319077680923,15:55:19.077,21.2800,100
57319077792562,15:55:19.077,21.2800,100
57319183131612,15:55:19.183,21.2800,100
57319183131612,15:55:19.183,21.2800,100
57319202702749,15:55:19.202,21.2800,20
57319222427437,15:55:19.222,21.2800,80
57319222427437,15:55:19.222,21.2800,20
57323711578068,15:55:23.711,21.2800,80
57323711578068,15:55:23.711,21.2800,100
57323711578068,15:55:23.711,21.2800,20
57323711661037,15:55:23.711,21.2800,80
57323711661037,15:55:23.711,21.2800,13
57323711672218,15:55:23.711,21.2800,93
57328122771028,15:55:28.122,21.2800,400
57328122891776,15:55:28.122,21.2800,400
57330108122876,15:55:30.108,21.2800,300
57330108122876,15:55:30.108,21.2800,100
57330110555810,15:55:30.110,21.2800,300
57348157111966,15:55:48.157,21.2800,300
57348157111966,15:55:48.157,21.2800,100
57348157111966,15:55:48.157,21.2800,100
57348157111966,15:55:48.157,21.2800,300
57348157111966,15:55:48.157,21.2800,100
57348160400942,15:55:48.160,21.2800,100
57359355691729,15:55:59.355,21.2700,100
57359355842004,15:55:59.355,21.2700,20
57359355842004,15:55:59.355,21.2700,100
57363684563512,15:56:03.684,21.2600,80
57365503317735,15:56:05.503,21.2700,100
57369708749378,15:56:09.708,21.2800,1
57396323437405,15:56:36.323,21.2700,100
57396323437405,15:56:36.323,21.2700,100
57396323437405,15:56:36.323,21.2700,100
57396324630297,15:56:36.324,21.2600,820
57396324630297,15:56:36.324,21.2600,200
57396324630297,15:56:36.324,21.2600,261
57396324630297,15:56:36.324,21.2600,170
57396324630297,15:56:36.324,21.2600,49
57396324661980,15:56:36.324,21.2600,51
57404952286402,15:56:44.952,21.2500,200
57404952291621,15:56:44.952,21.2500,50
57404952319489,15:56:44.952,21.2500,42
57404952685248,15:56:44.952,21.2500,8
57404952685248,15:56:44.952,21.2500,100
57404952685248,15:56:44.952,21.2500,126
57405768332012,15:56:45.768,21.2400,7
57422935550323,15:57:02.935,21.2450,100
57422935550323,15:57:02.935,21.2500,100
57422935550323,15:57:02.935,21.2500,100
57422935550323,15:57:02.935,21.2500,100
57428588082869,15:57:08.588,21.2500,100
57430847947366,15:57:10.847,21.2500,11
57430847947366,15:57:10.847,21.2500,100
57432771362128,15:57:12.771,21.2400,100
57432771362128,15:57:12.771,21.2400,100
57432771362128,15:57:12.771,21.2400,20
57432771362128,15:57:12.771,21.2400,100
57432771362128,15:57:12.771,21.2400,100
57432771362128,15:57:12.771,21.2300,566
57432772428365,15:57:12.772,21.2400,100
57443510755604,15:57:23.510,21.2350,100
57452148146532,15:57:32.148,21.2300,238
57452148902756,15:57:32.148,21.2300,96
57452148902756,15:57:32.148,21.2300,100
57452148902756,15:57:32.148,21.2300,4
57452148981951,15:57:32.148,21.2300,36
57452148981951,15:57:32.148,21.2300,65
57452148981951,15:57:32.148,21.2300,100
57452148981951,15:57:32.148,21.2300,100
57452369542330,15:57:32.369,21.2200,20
57456410495841,15:57:36.410,21.2100,20
57456410495841,15:57:36.410,21.2000,80
57461555192392,15:57:41.555,21.2000,20
57461555192392,15:57:41.555,21.2000,900
57461555192392,15:57:41.555,21.2000,300
57461555286803,15:57:41.555,21.2000,100
57461555510674,15:57:41.555,21.2000,100
57461556675003,15:57:41.556,21.2000,100
57461557135649,15:57:41.557,21.2000,100
57461557135649,15:57:41.557,21.2000,100
57462987453451,15:57:42.987,21.2100,200
57462987561900,15:57:42.987,21.2100,4
57469629543535,15:57:49.629,21.2100,200
57469629543535,15:57:49.629,21.2100,100
57469629543535,15:57:49.629,21.2000,100
57469629543535,15:57:49.629,21.2000,100
57469629543535,15:57:49.629,21.2000,261
57469629543535,15:57:49.629,21.2000,170
57469629543535,15:57:49.629,21.2000,100
57469629543535,15:57:49.629,21.2000,100
57469629543535,15:57:49.629,21.2000,300
57469629543535,15:57:49.629,21.2000,81
57469629739510,15:57:49.629,21.2000,100
57475747136483,15:57:55.747,21.2000,519
57475747136483,15:57:55.747,21.2000,700
57475747136483,15:57:55.747,21.2000,481
57480797161288,15:58:00.797,21.2000,219
57480797693963,15:58:00.797,21.2000,81
57483476696927,15:58:03.476,21.2100,71
57483476840855,15:58:03.476,21.2100,29
57483476840855,15:58:03.476,21.2100,261
57483476840855,15:58:03.476,21.2100,100
57483476840855,15:58:03.476,21.2100,5
57483476840855,15:58:03.476,21.2100,5
57483476900174,15:58:03.476,21.2100,95
57483476900174,15:58:03.476,21.2100,5
57483476903391,15:58:03.476,21.2100,95
57483476931635,15:58:03.476,21.2100,100
57483476954521,15:58:03.476,21.2100,100
57483477053195,15:58:03.477,21.2100,299
57484050398271,15:58:04.050,21.2000,100
57484050398271,15:58:04.050,21.2000,100
57484050398271,15:58:04.050,21.2000,100
57484050398271,15:58:04.050,21.2000,49
57484051878877,15:58:04.051,21.2000,100
57484053564025,15:58:04.053,21.2000,49
57484053564025,15:58:04.053,21.2000,51
57485346913111,15:58:05.346,21.2100,100
57488816929172,15:58:08.816,21.2100,500
57488871532008,15:58:08.871,21.2100,1
57488871532008,15:58:08.871,21.2100,99
57492092974225,15:58:12.092,21.2100,180
57492103319103,15:58:12.103,21.2100,100
57495362331585,15:58:15.362,21.2100,62
57495362331585,15:58:15.362,21.2100,100
57495362331585,15:58:15.362,21.2100,20
57495362331585,15:58:15.362,21.2100,100
57495362331585,15:58:15.362,21.2100,100
57496996136145,15:58:16.996,21.2100,100
57496996136145,15:58:16.996,21.2100,100
57497070334082,15:58:17.070,21.2100,100
57502043304764,15:58:22.043,21.2100,100
57503381119461,15:58:23.381,21.2050,100
57503381119461,15:58:23.381,21.2000,24
57503381119461,15:58:23.381,21.2000,600
57503381119461,15:58:23.381,21.2000,20
57503381119461,15:58:23.381,21.2000,100
57503382438558,15:58:23.382,21.2000,100
57503388402543,15:58:23.388,21.2000,100
57507061744104,15:58:27.061,21.2100,11
57507061744104,15:58:27.061,21.2100,89
57507066100258,15:58:27.066,21.2100,11
57507066100258,15:58:27.066,21.2100,5
57507066100258,15:58:27.066,21.2100,84
57507066302828,15:58:27.066,21.2100,16
57507066302828,15:58:27.066,21.2100,84
57507933007122,15:58:27.933,21.2200,20
57507933038552,15:58:27.933,21.2200,80
57507933038552,15:58:27.933,21.2200,100
57507933038552,15:58:27.933,21.2200,100
57507933038552,15:58:27.933,21.2200,100
57509239846927,15:58:29.239,21.2200,261
57509239846927,15:58:29.239,21.2200,100
57509239846927,15:58:29.239,21.2200,170
57509239846927,15:58:29.239,21.2200,100
57509239846927,15:58:29.239,21.2200,200
57509239846927,15:58:29.239,21.2100,800
57509388770090,15:58:29.388,21.2100,100
57514141136495,15:58:34.141,21.2000,3
57517053234313,15:58:37.053,21.2100,2600
57517053234313,15:58:37.053,21.2100,100
57517053234313,15:58:37.053,21.2100,300
57517053234313,15:58:37.053,21.2100,100
57517053234313,15:58:37.053,21.2100,261
57517717225322,15:58:37.717,21.2000,97
57517717225322,15:58:37.717,21.2000,100
57517717225322,15:58:37.717,21.2000,100
57517717225322,15:58:37.717,21.2000,279
57517717225322,15:58:37.717,21.2000,100
57517717225322,15:58:37.717,21.2000,1000
57517717626980,15:58:37.717,21.2000,100
57517717626980,15:58:37.717,21.2000,100
57522668509632,15:58:42.668,21.2000,100
57522668509632,15:58:42.668,21.2000,100
57522668509632,15:58:42.668,21.2000,100
57522668509632,15:58:42.668,21.2000,100
57522668509632,15:58:42.668,21.2000,100
57523109956906,15:58:43.109,21.2000,60
57523110175592,15:58:43.110,21.2000,200
57527061111023,15:58:47.061,21.2100,100
57527325174480,15:58:47.325,21.2100,800
57527325671354,15:58:47.325,21.2100,100
57527325671354,15:58:47.325,21.2200,100
57527325671354,15:58:47.325,21.2200,100
57527325671354,15:58:47.325,21.2200,4
57530205454007,15:58:50.205,21.2200,139
57530205466818,15:58:50.205,21.2200,57
57530370846072,15:58:50.370,21.2200,279
57530370846072,15:58:50.370,21.2200,100
57531203440770,15:58:51.203,21.2100,100
57531203443208,15:58:51.203,21.2100,200
57533318081222,15:58:53.318,21.2000,100
57533318081222,15:58:53.318,21.2000,279
57533318081222,15:58:53.318,21.2000,100
57533318081222,15:58:53.318,21.2000,100
57533318081222,15:58:53.318,21.2000,200
57533318081222,15:58:53.318,21.2000,200
57539056723835,15:58:59.056,21.2000,200
57541412315338,15:59:01.412,21.2000,47
57542041519551,15:59:02.041,21.2000,100
57545185668453,15:59:05.185,21.2000,53
57545185668453,15:59:05.185,21.2000,47
57545194353497,15:59:05.194,21.2000,53
57545194353497,15:59:05.194,21.2000,200
57545194353497,15:59:05.194,21.2000,200
57545194353497,15:59:05.194,21.2000,200
57545194353497,15:59:05.194,21.2000,100
57545194353497,15:59:05.194,21.2000,47
57545194388725,15:59:05.194,21.2000,382
57545194543244,15:59:05.194,21.2000,800
57545194616987,15:59:05.194,21.2000,100
57546330705958,15:59:06.330,21.2000,100
57546330705958,15:59:06.330,21.2000,200
57546330705958,15:59:06.330,21.2000,100
57547041403033,15:59:07.041,21.2000,100
57547238739382,15:59:07.238,21.2000,71
57547238739382,15:59:07.238,21.2000,2
57547239439479,15:59:07.239,21.2000,17
57547402951251,15:59:07.402,21.2000,300
57547402951251,15:59:07.402,21.2000,900
57551071588293,15:59:11.071,21.2000,200
57551211514707,15:59:11.211,21.2100,100
57551211514707,15:59:11.211,21.2100,300
57551759319336,15:59:11.759,21.2050,100
57551759319336,15:59:11.759,21.2000,261
57551759319336,15:59:11.759,21.2000,279
57551759353325,15:59:11.759,21.2000,100
57551760064485,15:59:11.760,21.2000,700
57552035900035,15:59:12.035,21.2100,200
57554124243388,15:59:14.124,21.2000,200
57554124243388,15:59:14.124,21.2000,170
57554124243388,15:59:14.124,21.2000,100
57554124243388,15:59:14.124,21.2000,230
57554124293978,15:59:14.124,21.2000,31
57555216098636,15:59:15.216,21.2100,37
57557047830246,15:59:17.047,21.2100,63
57557047830246,15:59:17.047,21.2100,37
57558972353204,15:59:18.972,21.2050,100
57558972353204,15:59:18.972,21.2000,900
57558972353204,15:59:18.972,21.2000,83
57558972353204,15:59:18.972,21.2000,279
57558972353204,15:59:18.972,21.2000,100
57558973526259,15:59:18.973,21.2000,2
57558973643148,15:59:18.973,21.2000,98
57559361012701,15:59:19.361,21.1950,100
57559394432387,15:59:19.394,21.2000,79
57565194093130,15:59:25.194,21.2000,121
57565194093130,15:59:25.194,21.2000,279
57565194093130,15:59:25.194,21.2000,261
57565194093130,15:59:25.194,21.2000,100
57565194093130,15:59:25.194,21.2000,139
57565194745452,15:59:25.194,21.2000,200
57565201773323,15:59:25.201,21.2000,100
57565239828918,15:59:25.239,21.2000,900
57565278487831,15:59:25.278,21.2000,300
57565290170814,15:59:25.290,21.2000,100
57566269467994,15:59:26.269,21.2000,100
57567029498662,15:59:27.029,21.2000,100
57567046018122,15:59:27.046,21.2000,100
57567051604454,15:59:27.051,21.2000,100
57567096523542,15:59:27.096,21.1950,2
57567623971755,15:59:27.623,21.2000,100
57570966944927,15:59:30.966,21.2000,400
57570966944927,15:59:30.966,21.2000,279
57570966944927,15:59:30.966,21.2000,261
57570966944927,15:59:30.966,21.2000,600
57570966944927,15:59:30.966,21.2000,400
57571210622540,15:59:31.210,21.1900,130
57571211564344,15:59:31.211,21.1900,200
57571241316051,15:59:31.241,21.1900,200
57571255581204,15:59:31.255,21.1900,200
57572365022283,15:59:32.365,21.1900,2
57572422874790,15:59:32.422,21.1900,100
57573006993391,15:59:33.006,21.2000,200
57573006993391,15:59:33.006,21.2000,279
57573006993391,15:59:33.006,21.2000,292
57574159016361,15:59:34.159,21.2000,200
57574159016361,15:59:34.159,21.2000,86
57574163920950,15:59:34.163,21.2000,100
57574678406763,15:59:34.678,21.2000,55
57575224009030,15:59:35.224,21.2000,45
57575224009030,15:59:35.224,21.2000,155
57575230307005,15:59:35.230,21.2000,45
57575230307005,15:59:35.230,21.2000,155
57575241620394,15:59:35.241,21.2000,45
57575241620394,15:59:35.241,21.2000,155
57575246200097,15:59:35.246,21.2000,45
57575246200097,15:59:35.246,21.2000,55
57575249332707,15:59:35.249,21.2000,100
57575671939585,15:59:35.671,21.2000,45
57575671939585,15:59:35.671,21.2000,200
57575671939585,15:59:35.671,21.2000,100
57575671939585,15:59:35.671,21.2000,1355
57576415704170,15:59:36.415,21.2000,200
57576415704170,15:59:36.415,21.2000,100
57576426345318,15:59:36.426,21.2000,5
57577104042197,15:59:37.104,21.2000,195
57577104042197,15:59:37.104,21.2000,5
57580276670295,15:59:40.276,21.2000,200
57580276670295,15:59:40.276,21.2000,6
57580276670295,15:59:40.276,21.2000,100
57580276670295,15:59:40.276,21.2000,94
57580279733592,15:59:40.279,21.2000,100
57580305473633,15:59:40.305,21.2000,100
57580305473633,15:59:40.305,21.2000,100
57580327974620,15:59:40.327,21.2000,179
57580327974620,15:59:40.327,21.2000,21
57580344930700,15:59:40.344,21.2000,179
57580344930700,15:59:40.344,21.2000,21
57580345535074,15:59:40.345,21.2000,1000
57580355222055,15:59:40.355,21.2000,100
57580964893429,15:59:40.964,21.2000,400
57585013162275,15:59:45.013,21.2000,279
57585013162275,15:59:45.013,21.2000,25
57585189070101,15:59:45.189,21.2000,200
57585189070101,15:59:45.189,21.2000,100
57585189754662,15:59:45.189,21.2000,200
57585208734063,15:59:45.208,21.2000,100
57585241088881,15:59:45.241,21.2000,30
57587115541477,15:59:47.115,21.2100,200
57587115541477,15:59:47.115,21.2100,279
57587115541477,15:59:47.115,21.2100,100
57587115541477,15:59:47.115,21.2100,21
57587115697816,15:59:47.115,21.2100,79
57587115697816,15:59:47.115,21.2100,79
57587115747281,15:59:47.115,21.2100,21
57587116627600,15:59:47.116,21.2100,100
57588022762958,15:59:48.022,21.2100,79
57588022762958,15:59:48.022,21.2100,21
57588030594449,15:59:48.030,21.2100,79
57590008426838,15:59:50.008,21.2300,100
57590063207334,15:59:50.063,21.2100,100
57590063207334,15:59:50.063,21.2100,44
57592101671450,15:59:52.101,21.2400,100
57592112934144,15:59:52.112,21.2500,70
57592112934144,15:59:52.112,21.2500,279
57592112934144,15:59:52.112,21.2500,261
57592112934144,15:59:52.112,21.2500,100
57592112934144,15:59:52.112,21.2500,90
57594009329610,15:59:54.009,21.2600,100
57594009329610,15:59:54.009,21.2600,739
57594029114225,15:59:54.029,21.2600,100
57597098136085,15:59:57.098,21.2600,100
57597102974965,15:59:57.102,21.2700,900
57597102974965,15:59:57.102,21.2700,170
57597102974965,15:59:57.102,21.2700,100
57597102974965,15:59:57.102,21.2700,130
57597103008637,15:59:57.103,21.2700,270
57597105094258,15:59:57.105,21.2700,100
57597112361001,15:59:57.112,21.2800,100
57597299867743,15:59:57.299,21.2800,16
57598117703418,15:59:58.117,21.2800,100
57599506676224,15:59:59.506,21.2700,200
57599506701542,15:59:59.506,21.2700,183
57599506792601,15:59:59.506,21.2700,117
57599506792601,15:59:59.506,21.2700,261
57599506792601,15:59:59.506,21.2700,170
57599997294006,15:59:59.997,21.2700,900
57599997335434,15:59:59.997,21.2700,52
57599998594846,15:59:59.998,21.2700,48
57600576408916,16:00:00.576,21.2800,47025
