timestamp,time,price,volume
32460032364861,09:01:00.032,13.8400,200
32520023333838,09:02:00.023,13.8300,100
32580025424251,09:03:00.025,13.8200,1000
33300033948000,09:15:00.033,13.8000,688
33725026366726,09:22:05.026,13.7900,100
34080019052634,09:28:00.019,13.8000,1000
34080082896111,09:28:00.082,13.8000,239
34081002070247,09:28:01.002,13.8000,1000
34120053242936,09:28:40.053,13.8200,40
34200774271208,09:30:00.774,0.0000,0
34201298962404,09:30:01.298,13.8100,1400
34201406618360,09:30:01.406,13.8100,300
34203060609557,09:30:03.060,13.8100,2762
34215111074570,09:30:15.111,13.8100,100
34217024142172,09:30:17.024,13.8100,200
34226404819637,09:30:26.404,13.8100,10
34228322662821,09:30:28.322,13.8100,200
34312976591364,09:31:52.976,13.8100,100
34312976591364,09:31:52.976,13.8100,200
34312976591364,09:31:52.976,13.8100,200
34312976591364,09:31:52.976,13.8100,3848
34329512307413,09:32:09.512,13.8100,200
34351256728034,09:32:31.256,13.8100,200
34407854139954,09:33:27.854,13.8000,200
34407854139954,09:33:27.854,13.8000,3300
34426502025791,09:33:46.502,13.7950,100
34432363030038,09:33:52.363,13.7950,100
34433116250799,09:33:53.116,13.8000,4
34452744455799,09:34:12.744,13.8000,70
34452751674627,09:34:12.751,13.8000,30
34452753156403,09:34:12.753,13.8000,100
34452753156403,09:34:12.753,13.8000,100
34452753156403,09:34:12.753,13.8000,200
34452753156403,09:34:12.753,13.8000,400
34453211058831,09:34:13.211,13.8100,100
34496610605428,09:34:56.610,13.8000,100
34503170817752,09:35:03.170,13.8000,600
34503170817752,09:35:03.170,13.8000,317
34507144224272,09:35:07.144,13.8000,70
34508668681132,09:35:08.668,13.8000,364
34508668726685,09:35:08.668,13.8000,236
34508859297897,09:35:08.859,13.7900,100
34508869381655,09:35:08.869,13.7900,100
34542695980403,09:35:42.695,13.8000,700
34565096253604,09:36:05.096,13.8000,594
34565096292453,09:36:05.096,13.8000,206
34575706432657,09:36:15.706,13.8000,900
34575706432657,09:36:15.706,13.8000,300
34576570291047,09:36:16.570,13.8000,100
34606375758890,09:36:46.375,13.8050,200
34613653587593,09:36:53.653,13.8100,100
34613653587593,09:36:53.653,13.8100,100
34622472159095,09:37:02.472,13.8200,200
34623247033279,09:37:03.247,13.8200,200
34639599856882,09:37:19.599,13.8300,35
34639600297449,09:37:19.600,13.8300,65
34655511940081,09:37:35.511,13.8250,800
34655511940081,09:37:35.511,13.8250,300
34666299048312,09:37:46.299,13.8250,100
34693685831661,09:38:13.685,13.8300,100
34693685831661,09:38:13.685,13.8300,131
34694424673373,09:38:14.424,13.8300,400
34694424673373,09:38:14.424,13.8300,1200
34740591035492,09:39:00.591,13.8350,500
34759315178608,09:39:19.315,13.8300,100
34759418013490,09:39:19.418,13.8200,100
34779909282026,09:39:39.909,13.8300,100
34779909282026,09:39:39.909,13.8300,485
34779910336561,09:39:39.910,13.8300,300
34780161924477,09:39:40.161,13.8300,100
34780163281191,09:39:40.163,13.8300,100
34780163281191,09:39:40.163,13.8300,500
34780166396404,09:39:40.166,13.8300,100
34791981846173,09:39:51.981,13.8300,100
34828705087119,09:40:28.705,13.8200,100
34841107728823,09:40:41.107,13.8100,1500
34841107728823,09:40:41.107,13.8100,150
34841107728823,09:40:41.107,13.8100,200
34867136211744,09:41:07.136,13.8100,49
34875600056021,09:41:15.600,13.8000,100
34875606883814,09:41:15.606,13.8000,800
34875966690505,09:41:15.966,13.8000,131
34875966690505,09:41:15.966,13.8000,200
34875966690505,09:41:15.966,13.8000,1500
34877719780933,09:41:17.719,13.8000,100
34877920968477,09:41:17.920,13.8000,200
34877920968477,09:41:17.920,13.8000,600
34877920968477,09:41:17.920,13.8000,300
34877920968477,09:41:17.920,13.8000,100
34877920968477,09:41:17.920,13.8000,1500
34877920968477,09:41:17.920,13.8000,100
34877920968477,09:41:17.920,13.8000,100
34877920968477,09:41:17.920,13.8000,200
34877920968477,09:41:17.920,13.8000,200
34877920968477,09:41:17.920,13.8000,1600
34877920968477,09:41:17.920,13.8000,1500
34900501682803,09:41:40.501,13.8000,200
34900501846621,09:41:40.501,13.8050,100
34900513760089,09:41:40.513,13.8000,800
34900520209019,09:41:40.520,13.8000,800
34911108322249,09:41:51.108,13.8000,100
34912459784521,09:41:52.459,13.8000,1700
34912460888984,09:41:52.460,13.8000,3362
34912460939116,09:41:52.460,13.8000,4338
34912460939116,09:41:52.460,13.8000,3000
34912460939116,09:41:52.460,13.8000,400
34912460939116,09:41:52.460,13.8000,3200
34912460939116,09:41:52.460,13.8000,300
34912460939116,09:41:52.460,13.8000,300
34912460939116,09:41:52.460,13.8000,100
34912460939116,09:41:52.460,13.8000,100
34912460939116,09:41:52.460,13.8000,200
34912460939116,09:41:52.460,13.8000,200
34912460939116,09:41:52.460,13.8000,200
34912460939116,09:41:52.460,13.8000,200
34912460939116,09:41:52.460,13.8000,200
34912460939116,09:41:52.460,13.8000,200
34912460939116,09:41:52.460,13.8000,100
34912460939116,09:41:52.460,13.8000,200
34912460939116,09:41:52.460,13.8000,200
34912460939116,09:41:52.460,13.8000,1700
34912460939116,09:41:52.460,13.8000,200
34912460939116,09:41:52.460,13.8000,200
34912460939116,09:41:52.460,13.8000,200
34912460939116,09:41:52.460,13.8000,800
34912460939116,09:41:52.460,13.8000,200
34914163112566,09:41:54.163,13.7900,200
34914163112566,09:41:54.163,13.7900,200
34914172511037,09:41:54.172,13.7900,400
34914176109611,09:41:54.176,13.7900,200
34914176109611,09:41:54.176,13.7900,400
34914176109611,09:41:54.176,13.7900,100
34914176109611,09:41:54.176,13.7900,6000
34914176109611,09:41:54.176,13.7900,100
34914176815804,09:41:54.176,13.7900,200
34914176815804,09:41:54.176,13.7900,200
34914183233394,09:41:54.183,13.7900,1600
34917912177480,09:41:57.912,13.7800,100
34917916806692,09:41:57.916,13.7800,100
34917932435102,09:41:57.932,13.7800,1751
34932167298530,09:42:12.167,13.7850,200
34932167478768,09:42:12.167,13.7850,200
34932167478768,09:42:12.167,13.7900,200
34932167478768,09:42:12.167,13.7900,1650
34932167478768,09:42:12.167,13.7900,200
34932167478768,09:42:12.167,13.7900,100
34932167478768,09:42:12.167,13.7900,1800
34932167478768,09:42:12.167,13.7900,400
34932167478768,09:42:12.167,13.7900,1500
34932167478768,09:42:12.167,13.7900,300
34932167478768,09:42:12.167,13.7900,200
34932167478768,09:42:12.167,13.7900,100
34952825407016,09:42:32.825,13.8000,4000
34952825407016,09:42:32.825,13.8000,1700
34952825407016,09:42:32.825,13.8000,1500
34952825407016,09:42:32.825,13.8000,100
34952825407016,09:42:32.825,13.8000,1800
34952825407016,09:42:32.825,13.8000,100
34952825407016,09:42:32.825,13.8000,200
34952825407016,09:42:32.825,13.8000,200
34952825828343,09:42:32.825,13.8000,500
34952825956522,09:42:32.825,13.8000,200
34952826620261,09:42:32.826,13.8000,100
34952826620261,09:42:32.826,13.8000,500
34952826646583,09:42:32.826,13.8000,300
34954979822526,09:42:34.979,13.8000,100
34954982895521,09:42:34.982,13.8000,4900
34954982895521,09:42:34.982,13.8000,100
34954982895521,09:42:34.982,13.8000,100
34976928926757,09:42:56.928,13.7900,300
34976933863821,09:42:56.933,13.7900,1500
35025386878966,09:43:45.386,13.7800,200
35027813595771,09:43:47.813,13.7800,200
35027813595771,09:43:47.813,13.7800,1500
35027813595771,09:43:47.813,13.7800,200
35027813595771,09:43:47.813,13.7800,400
35027813595771,09:43:47.813,13.7800,200
35027813595771,09:43:47.813,13.7800,2200
35027813595771,09:43:47.813,13.7800,200
35027813595771,09:43:47.813,13.7800,200
35027813595771,09:43:47.813,13.7800,3300
35029112870206,09:43:49.112,13.7800,100
35029115737611,09:43:49.115,13.7800,100
35029117155218,09:43:49.117,13.7800,2100
35046986065851,09:44:06.986,13.7700,6000
35046986065851,09:44:06.986,13.7700,400
35046986065851,09:44:06.986,13.7700,100
35050938915482,09:44:10.938,13.7700,5000
35050938915482,09:44:10.938,13.7700,200
35050938915482,09:44:10.938,13.7700,200
35050938915482,09:44:10.938,13.7700,200
35050938915482,09:44:10.938,13.7700,4900
35050938915482,09:44:10.938,13.7700,200
35050938915482,09:44:10.938,13.7700,2400
35050938915482,09:44:10.938,13.7700,100
35050939734553,09:44:10.939,13.7700,300
35050940495724,09:44:10.940,13.7700,200
35051418340714,09:44:11.418,13.7700,2000
35051418340714,09:44:11.418,13.7700,100
35051842727582,09:44:11.842,13.7650,9
35052149803892,09:44:12.149,13.7650,250
35093940627202,09:44:53.940,13.7600,200
35093940627202,09:44:53.940,13.7600,200
35093940627202,09:44:53.940,13.7600,1100
35093940627202,09:44:53.940,13.7600,2600
35093940627202,09:44:53.940,13.7600,200
35093940978360,09:44:53.940,13.7600,100
35120631376251,09:45:20.631,13.7700,300
35120631376251,09:45:20.631,13.7700,100
35120631376251,09:45:20.631,13.7700,200
35120631376251,09:45:20.631,13.7700,400
35120631558709,09:45:20.631,13.7700,309
35121497612936,09:45:21.497,13.7700,500
35121503706138,09:45:21.503,13.7700,500
35121504208472,09:45:21.504,13.7700,2100
35121504208472,09:45:21.504,13.7700,100
35152092371678,09:45:52.092,13.7600,400
35152092799995,09:45:52.092,13.7600,1900
35152092991827,09:45:52.092,13.7600,200
35152784053360,09:45:52.784,13.7600,4500
35152784053360,09:45:52.784,13.7600,200
35152784053360,09:45:52.784,13.7600,2259
35152784053360,09:45:52.784,13.7600,2700
35152784053360,09:45:52.784,13.7600,200
35159878101602,09:45:59.878,13.7600,500
35159883211008,09:45:59.883,13.7600,500
35159883623175,09:45:59.883,13.7600,489
35159884785817,09:45:59.884,13.7600,1311
35159884785817,09:45:59.884,13.7600,300
35159884785817,09:45:59.884,13.7600,200
35159935429630,09:45:59.935,13.7550,100
35159946093149,09:45:59.946,13.7550,100
35160085987866,09:46:00.085,13.7550,800
35160085987866,09:46:00.085,13.7600,600
35160085987866,09:46:00.085,13.7600,200
35160085987866,09:46:00.085,13.7600,200
35160085987866,09:46:00.085,13.7600,2800
35160085987866,09:46:00.085,13.7600,100
35160085987866,09:46:00.085,13.7600,2800
35179976786136,09:46:19.976,13.7600,100
35179987717582,09:46:19.987,13.7600,100
35179987717582,09:46:19.987,13.7600,200
35179987717582,09:46:19.987,13.7600,100
35179995533052,09:46:19.995,13.7600,100
35189855089367,09:46:29.855,13.7600,81
35189855261246,09:46:29.855,13.7600,29
35189855263834,09:46:29.855,13.7600,390
35190055719004,09:46:30.055,13.7600,8100
35190055719004,09:46:30.055,13.7600,200
35190055719004,09:46:30.055,13.7600,200
35190055719004,09:46:30.055,13.7600,600
35190055719004,09:46:30.055,13.7600,400
35190055719004,09:46:30.055,13.7600,200
35190055719004,09:46:30.055,13.7600,2600
35190055756220,09:46:30.055,13.7600,200
35195956314209,09:46:35.956,13.7600,100
35195965992494,09:46:35.965,13.7600,400
35195967528438,09:46:35.967,13.7600,500
35196005709531,09:46:36.005,13.7600,1
35196668055551,09:46:36.668,13.7600,25
35288201411373,09:48:08.201,13.7600,100
35288212590534,09:48:08.212,13.7600,1400
35301320382870,09:48:21.320,13.7700,200
35301320382870,09:48:21.320,13.7700,2600
35301320382870,09:48:21.320,13.7700,200
35301320382870,09:48:21.320,13.7700,200
35301320382870,09:48:21.320,13.7700,500
35301320382870,09:48:21.320,13.7700,200
35301320988691,09:48:21.320,13.7700,200
35301320988691,09:48:21.320,13.7700,200
35301320988691,09:48:21.320,13.7700,200
35301331675357,09:48:21.331,13.7750,400
35301331675357,09:48:21.331,13.7750,400
35301331675357,09:48:21.331,13.7750,200
35301331675357,09:48:21.331,13.7750,100
35301331675357,09:48:21.331,13.7800,1225
35339314724739,09:48:59.314,13.8000,4700
35339314724739,09:48:59.314,13.8000,1500
35339314724739,09:48:59.314,13.8000,2000
35339314724739,09:48:59.314,13.8000,300
35339314724739,09:48:59.314,13.8000,900
35339314724739,09:48:59.314,13.8000,500
35339314724739,09:48:59.314,13.8000,400
35339314724739,09:48:59.314,13.8000,800
35339314724739,09:48:59.314,13.8000,200
35339315263730,09:48:59.315,13.8000,100
35339315294806,09:48:59.315,13.8000,200
35359855489548,09:49:19.855,13.8000,100
35359855489548,09:49:19.855,13.8000,100
35364814850660,09:49:24.814,13.8000,100
35368843230990,09:49:28.843,13.8050,800
35368843230990,09:49:28.843,13.8050,100
35368843230990,09:49:28.843,13.8050,100
35368843230990,09:49:28.843,13.8100,1500
35368843230990,09:49:28.843,13.8100,200
35368843230990,09:49:28.843,13.8100,200
35368843230990,09:49:28.843,13.8100,1400
35368843230990,09:49:28.843,13.8100,1500
35368843230990,09:49:28.843,13.8100,800
35368843230990,09:49:28.843,13.8100,300
35368843230990,09:49:28.843,13.8100,900
35368843230990,09:49:28.843,13.8100,500
35368843230990,09:49:28.843,13.8100,2100
35392977493213,09:49:52.977,13.8100,200
35392977493213,09:49:52.977,13.8100,200
35392977959513,09:49:52.977,13.8100,200
35393036496991,09:49:53.036,13.8150,400
35393036496991,09:49:53.036,13.8200,3300
35393036496991,09:49:53.036,13.8200,200
35393036496991,09:49:53.036,13.8200,200
35393036496991,09:49:53.036,13.8200,200
35393036496991,09:49:53.036,13.8200,1500
35393036496991,09:49:53.036,13.8200,2600
35393036496991,09:49:53.036,13.8200,1400
35393036496991,09:49:53.036,13.8200,1300
35393087450227,09:49:53.087,13.8150,800
35420836811435,09:50:20.836,13.8150,1
35441241296136,09:50:41.241,13.8100,7900
35441241296136,09:50:41.241,13.8100,2400
35441241296136,09:50:41.241,13.8100,1037
35441241329790,09:50:41.241,13.8100,1363
35441241329790,09:50:41.241,13.8100,2600
35441241329790,09:50:41.241,13.8100,2400
35441241329790,09:50:41.241,13.8100,240
35441241329790,09:50:41.241,13.8100,770
35441425475367,09:50:41.425,13.8000,200
35443842912549,09:50:43.842,13.7950,3
35452835098724,09:50:52.835,13.8000,200
35452835098724,09:50:52.835,13.8000,100
35455883175895,09:50:55.883,13.8000,600
35459375708574,09:50:59.375,13.7900,200
35459375708574,09:50:59.375,13.7900,300
35459380543282,09:50:59.380,13.7900,2400
35462420351128,09:51:02.420,13.7900,100
35489315220450,09:51:29.315,13.7900,300
35577202317666,09:52:57.202,13.7700,300
35577202317666,09:52:57.202,13.7700,1655
35577202365844,09:52:57.202,13.7700,1
35596077277540,09:53:16.077,13.7700,16
35596077319090,09:53:16.077,13.7700,284
35596077319090,09:53:16.077,13.7700,131
35629799105729,09:53:49.799,13.7750,1
35633443872335,09:53:53.443,13.7800,300
35633443872335,09:53:53.443,13.7800,179
35650786455823,09:54:10.786,13.7900,100
35650787185290,09:54:10.787,13.7900,200
35650787185290,09:54:10.787,13.7900,400
35664999938053,09:54:24.999,13.7900,300
35684971066344,09:54:44.971,13.7950,5
35685971231927,09:54:45.971,13.7950,1
35713968043108,09:55:13.968,13.7950,3
35717967985545,09:55:17.967,13.7950,3
35753980424427,09:55:53.980,13.7800,2
35753980430043,09:55:53.980,13.7800,124
35753980825926,09:55:53.980,13.7800,74
35754181345758,09:55:54.181,13.7800,300
35754181345758,09:55:54.181,13.7800,3700
35754181345758,09:55:54.181,13.7800,900
35754181345758,09:55:54.181,13.7800,1300
35777823562394,09:56:17.823,13.7800,300
35777823562394,09:56:17.823,13.7800,1
35777823562394,09:56:17.823,13.7800,1
35777888824490,09:56:17.888,13.7800,300
35824235348751,09:57:04.235,13.7650,800
35824235348751,09:57:04.235,13.7700,300
35824235348751,09:57:04.235,13.7700,200
35824235348751,09:57:04.235,13.7700,200
35824235348751,09:57:04.235,13.7700,200
35824235348751,09:57:04.235,13.7700,200
35824235348751,09:57:04.235,13.7700,200
35824235348751,09:57:04.235,13.7700,3200
35824235348751,09:57:04.235,13.7700,2700
35828074399331,09:57:08.074,13.7700,200
35828077002161,09:57:08.077,13.7700,300
35828277507172,09:57:08.277,13.7700,8900
35828277507172,09:57:08.277,13.7700,200
35828277507172,09:57:08.277,13.7700,200
35828277507172,09:57:08.277,13.7700,500
35828277507172,09:57:08.277,13.7700,1200
35828277507172,09:57:08.277,13.7700,200
35828277507172,09:57:08.277,13.7700,300
35828277507172,09:57:08.277,13.7700,700
35828278630658,09:57:08.278,13.7700,400
35830792695023,09:57:10.792,13.7700,300
35830795506311,09:57:10.795,13.7700,200
35830795506311,09:57:10.795,13.7700,100
35830795506311,09:57:10.795,13.7700,3300
35865792721245,09:57:45.792,13.7600,200
35865795105372,09:57:45.795,13.7600,100
35887234048142,09:58:07.234,13.7400,200
35887241391880,09:58:07.241,13.7400,100
35887244124169,09:58:07.244,13.7400,100
35941571194361,09:59:01.571,13.7550,1
35963572339380,09:59:23.572,13.7550,1
35981572989626,09:59:41.572,13.7450,1
35998112803329,09:59:58.112,13.7400,100
36007026200484,10:00:07.026,13.7400,100
36007026656871,10:00:07.026,13.7300,200
36007026656871,10:00:07.026,13.7300,3100
36007026656871,10:00:07.026,13.7300,600
36007026656871,10:00:07.026,13.7300,900
36007026656871,10:00:07.026,13.7300,700
36007026656871,10:00:07.026,13.7300,100
36007028670482,10:00:07.028,13.7300,200
36007029306780,10:00:07.029,13.7300,600
36007626016214,10:00:07.626,13.7250,100
36020507138387,10:00:20.507,13.7300,200
36020507442227,10:00:20.507,13.7300,100
36020507442227,10:00:20.507,13.7300,200
36020507615686,10:00:20.507,13.7300,2300
36066916467948,10:01:06.916,13.7300,400
36066928768144,10:01:06.928,13.7300,2300
36066928768144,10:01:06.928,13.7300,1100
36074454929073,10:01:14.454,13.7400,200
36074455448271,10:01:14.455,13.7400,300
36074458897237,10:01:14.458,13.7400,200
36074460183026,10:01:14.460,13.7400,100
36074460183026,10:01:14.460,13.7400,100
36074504088697,10:01:14.504,13.7400,100
36080294827973,10:01:20.294,13.7400,50
36080458401106,10:01:20.458,13.7400,100
36102553082409,10:01:42.553,13.7400,200
36102553082409,10:01:42.553,13.7400,200
36117866948513,10:01:57.866,13.7300,100
36121235063185,10:02:01.235,13.7300,50
36178505481497,10:02:58.505,13.7000,100
36178507832160,10:02:58.507,13.7000,200
36178507832160,10:02:58.507,13.7000,200
36178507832160,10:02:58.507,13.7000,200
36178507832160,10:02:58.507,13.7000,200
36178715134233,10:02:58.715,13.7000,5200
36178715134233,10:02:58.715,13.7000,1200
36178715134233,10:02:58.715,13.7000,3800
36178715134233,10:02:58.715,13.7000,380
36178715134233,10:02:58.715,13.7000,300
36178715134233,10:02:58.715,13.7000,200
36178715134233,10:02:58.715,13.7000,200
36178715134233,10:02:58.715,13.7000,820
36178715175372,10:02:58.715,13.7000,2380
36178715175372,10:02:58.715,13.7000,3800
36206141519555,10:03:26.141,13.7150,100
36206141519555,10:03:26.141,13.7100,300
36206639015259,10:03:26.639,13.7150,200
36215712236087,10:03:35.712,13.7100,3200
36215712236087,10:03:35.712,13.7100,5
36216067984488,10:03:36.067,13.7100,100
36216078091944,10:03:36.078,13.7100,100
36237620919586,10:03:57.620,13.7100,100
36267895927669,10:04:27.895,13.7000,100
36277322690501,10:04:37.322,13.7000,200
36277322690501,10:04:37.322,13.7000,300
36277322690501,10:04:37.322,13.7000,200
36277323755431,10:04:37.323,13.7000,100
36277323755431,10:04:37.323,13.7000,100
36277323755431,10:04:37.323,13.7000,100
36277383276181,10:04:37.383,13.7000,100
36284122696585,10:04:44.122,13.7000,300
36284122696585,10:04:44.122,13.7000,200
36284122696585,10:04:44.122,13.7000,200
36308822784824,10:05:08.822,13.7050,15
36314218426537,10:05:14.218,13.7000,200
36314218426537,10:05:14.218,13.7000,300
36314218426537,10:05:14.218,13.7000,200
36314218426537,10:05:14.218,13.7000,200
36314218426537,10:05:14.218,13.7000,3300
36314219536527,10:05:14.219,13.7000,265
36314219536527,10:05:14.219,13.7000,35
36314219579470,10:05:14.219,13.7000,65
36379750744283,10:06:19.750,13.7100,300
36379750744283,10:06:19.750,13.7100,100
36403736553479,10:06:43.736,13.7200,100
36403740153045,10:06:43.740,13.7200,100
36412524739055,10:06:52.524,13.7100,100
36433477502141,10:07:13.477,13.7000,200
36445508339225,10:07:25.508,13.7000,3400
36451765652495,10:07:31.765,13.6900,100
36492014761757,10:08:12.014,13.6950,800
36492014761757,10:08:12.014,13.6950,100
36492014761757,10:08:12.014,13.7000,300
36492014761757,10:08:12.014,13.7000,200
36492014761757,10:08:12.014,13.7000,200
36492014761757,10:08:12.014,13.7000,200
36492014761757,10:08:12.014,13.7000,3500
36492014761757,10:08:12.014,13.7000,5
36492014761757,10:08:12.014,13.7000,5
36492014761757,10:08:12.014,13.7000,3690
36492014804531,10:08:12.014,13.7000,810
36492014804531,10:08:12.014,13.7000,500
36492016790788,10:08:12.016,13.7000,235
36492016790788,10:08:12.016,13.7000,65
36492042600888,10:08:12.042,13.7050,100
36546902373557,10:09:06.902,13.6900,45
36546902875117,10:09:06.902,13.6900,55
36554937008810,10:09:14.937,13.6800,100
36554939642179,10:09:14.939,13.6800,3900
36555145192122,10:09:15.145,13.6800,8500
36555145192122,10:09:15.145,13.6800,100
36555145192122,10:09:15.145,13.6800,500
36555145192122,10:09:15.145,13.6800,200
36555171815310,10:09:15.171,13.6800,900
36555171815310,10:09:15.171,13.6800,600
36555171815310,10:09:15.171,13.6800,100
36555171815310,10:09:15.171,13.6800,300
36555171815310,10:09:15.171,13.6800,200
36555171815310,10:09:15.171,13.6800,400
36556146654104,10:09:16.146,13.6800,100
36556146654104,10:09:16.146,13.6800,1000
36556146654104,10:09:16.146,13.6800,200
36574269795199,10:09:34.269,13.6900,300
36574269795199,10:09:34.269,13.6900,200
36574269795199,10:09:34.269,13.6900,200
36574269795199,10:09:34.269,13.6900,200
36574269795199,10:09:34.269,13.6900,3500
36574269795199,10:09:34.269,13.6900,3
36593517190589,10:09:53.517,13.7000,100
36593517211286,10:09:53.517,13.7000,100
36593517232573,10:09:53.517,13.7000,200
36626331713775,10:10:26.331,13.7000,100
36632066477327,10:10:32.066,13.6900,4000
36632066477327,10:10:32.066,13.6900,417
36632066506306,10:10:32.066,13.6900,3183
36668769071678,10:11:08.769,13.6800,300
36668774577989,10:11:08.774,13.6800,300
36668775971562,10:11:08.775,13.6800,800
36668775971562,10:11:08.775,13.6800,1900
36668776981143,10:11:08.776,13.6800,300
36668780282469,10:11:08.780,13.6800,2400
36669077456644,10:11:09.077,13.6800,600
36669077456644,10:11:09.077,13.6800,4510
36669077456644,10:11:09.077,13.6800,200
36669077456644,10:11:09.077,13.6800,300
36669077456644,10:11:09.077,13.6800,200
36669077456644,10:11:09.077,13.6800,400
36669077456644,10:11:09.077,13.6800,200
36669077456644,10:11:09.077,13.6800,3800
36669077456644,10:11:09.077,13.6800,700
36669077456644,10:11:09.077,13.6800,4100
36701025869631,10:11:41.025,13.6900,100
36734208104857,10:12:14.208,13.7100,200
36735531974898,10:12:15.531,13.7100,300
36735531974898,10:12:15.531,13.7100,200
36738496091196,10:12:18.496,13.7100,600
36738496091196,10:12:18.496,13.7100,300
36746830529104,10:12:26.830,13.7100,300
36746830529104,10:12:26.830,13.7100,100
36746830529104,10:12:26.830,13.7100,100
36746830529104,10:12:26.830,13.7100,300
36746830529104,10:12:26.830,13.7100,200
36746830529104,10:12:26.830,13.7100,200
36746830529104,10:12:26.830,13.7100,200
36746830529104,10:12:26.830,13.7100,200
36751997686121,10:12:31.997,13.7100,100
36751997686121,10:12:31.997,13.7100,200
36751997686121,10:12:31.997,13.7100,200
36751997686121,10:12:31.997,13.7100,200
36751997686121,10:12:31.997,13.7100,300
36751997686121,10:12:31.997,13.7100,200
36778676951969,10:12:58.676,13.7100,100
36854134939800,10:14:14.134,13.7200,490
36854134939800,10:14:14.134,13.7200,4100
36854134939800,10:14:14.134,13.7200,1
36859437235658,10:14:19.437,13.7200,235
36928146233962,10:15:28.146,13.7300,100
37025142073280,10:17:05.142,13.7300,70
37025142101611,10:17:05.142,13.7300,30
37033061657601,10:17:13.061,13.7200,200
37042872251628,10:17:22.872,13.7100,100
37042872282071,10:17:22.872,13.7100,100
37042872282071,10:17:22.872,13.7100,133
37046010945114,10:17:26.010,13.7100,300
37046010945114,10:17:26.010,13.7100,300
37046059299778,10:17:26.059,13.7100,100
37046067420484,10:17:26.067,13.7100,100
37051618963508,10:17:31.618,13.7100,392
37073705008812,10:17:53.705,13.7000,300
37073705008812,10:17:53.705,13.7000,200
37073705008812,10:17:53.705,13.7000,200
37073705008812,10:17:53.705,13.7000,200
37073705008812,10:17:53.705,13.7000,300
37091914097383,10:18:11.914,13.7000,300
37143518829824,10:19:03.518,13.7000,200
37143518829824,10:19:03.518,13.7000,300
37143518829824,10:19:03.518,13.7000,200
37143518829824,10:19:03.518,13.7000,200
37143518829824,10:19:03.518,13.7000,3700
37143520021423,10:19:03.520,13.7000,100
37143520021423,10:19:03.520,13.7000,100
37143520021423,10:19:03.520,13.7000,400
37143520021423,10:19:03.520,13.7000,400
37254627789017,10:20:54.627,13.7100,100
37254627789017,10:20:54.627,13.7100,100
37308030396999,10:21:48.030,13.7200,200
37308094644248,10:21:48.094,13.7200,200
37351113263799,10:22:31.113,13.7350,437
37351113263799,10:22:31.113,13.7300,8000
37351113263799,10:22:31.113,13.7300,600
37351113263799,10:22:31.113,13.7300,4840
37351113263799,10:22:31.113,13.7300,200
37351113263799,10:22:31.113,13.7300,200
37351113263799,10:22:31.113,13.7300,300
37351113263799,10:22:31.113,13.7300,200
37351113263799,10:22:31.113,13.7300,200
37351113263799,10:22:31.113,13.7300,3363
37351113303770,10:22:31.113,13.7300,437
37351113630391,10:22:31.113,13.7300,200
37351113630391,10:22:31.113,13.7300,200
37351113630391,10:22:31.113,13.7300,200
37351113630391,10:22:31.113,13.7300,200
37355901477830,10:22:35.901,13.7100,500
37355906374751,10:22:35.906,13.7100,200
37355906374751,10:22:35.906,13.7100,220
37355912866535,10:22:35.912,13.7100,1500
37355912866535,10:22:35.912,13.7100,6000
37355912866535,10:22:35.912,13.7100,500
37356081926092,10:22:36.081,13.7100,200
37439475026146,10:23:59.475,13.7000,100
37446746038121,10:24:06.746,13.7000,100
37446946718491,10:24:06.946,13.7000,300
37446946718491,10:24:06.946,13.7000,200
37446946718491,10:24:06.946,13.7000,200
37446946718491,10:24:06.946,13.7000,4400
37446946718491,10:24:06.946,13.7000,440
37446946718491,10:24:06.946,13.7000,900
37446946718491,10:24:06.946,13.7000,200
37446946718491,10:24:06.946,13.7000,4000
37446946718491,10:24:06.946,13.7000,1500
37446946718491,10:24:06.946,13.7000,2460
37446946756777,10:24:06.946,13.7000,1940
37446948183251,10:24:06.948,13.7050,100
37447208021810,10:24:07.208,13.7050,400
37450257377975,10:24:10.257,13.7100,100
37450257377975,10:24:10.257,13.7100,500
37450257377975,10:24:10.257,13.7100,200
37460411220786,10:24:20.411,13.7100,7300
37460411220786,10:24:20.411,13.7100,4346
37460411416553,10:24:20.411,13.7100,54
37460411416553,10:24:20.411,13.7000,200
37460411416553,10:24:20.411,13.7000,200
37460411416553,10:24:20.411,13.7000,200
37460411416553,10:24:20.411,13.7000,300
37460411416553,10:24:20.411,13.7000,1500
37460411416553,10:24:20.411,13.7000,300
37460411416553,10:24:20.411,13.7000,4400
37460411416553,10:24:20.411,13.7000,3800
37460411416553,10:24:20.411,13.7000,100
37460411416553,10:24:20.411,13.7000,1500
37460411416553,10:24:20.411,13.7000,100
37460411416553,10:24:20.411,13.7000,800
37460411416553,10:24:20.411,13.7000,3000
37460411416553,10:24:20.411,13.7000,200
37460411416553,10:24:20.411,13.7000,4100
37460411416553,10:24:20.411,13.7000,6000
37460411416553,10:24:20.411,13.7000,200
37460411416553,10:24:20.411,13.7000,200
37460411416553,10:24:20.411,13.7000,500
37460411416553,10:24:20.411,13.7000,100
37460411416553,10:24:20.411,13.7000,600
37460510453171,10:24:20.510,13.7000,1000
37460510453171,10:24:20.510,13.7000,100
37460510453171,10:24:20.510,13.7000,500
37460510453171,10:24:20.510,13.7000,200
37460510453171,10:24:20.510,13.7000,300
37460512028879,10:24:20.512,13.7000,100
37460521647454,10:24:20.521,13.7000,100
37460521647454,10:24:20.521,13.7000,100
37460521647454,10:24:20.521,13.7000,200
37460521647454,10:24:20.521,13.7000,200
37460542892786,10:24:20.542,13.7000,200
37460542892786,10:24:20.542,13.7000,700
37460666594495,10:24:20.666,13.6950,800
37460666594495,10:24:20.666,13.7000,500
37460666594495,10:24:20.666,13.7000,3775
37469608435909,10:24:29.608,13.6900,200
37469608547585,10:24:29.608,13.6900,82
37469608577401,10:24:29.608,13.6900,118
37470568096081,10:24:30.568,13.6900,7600
37470568096081,10:24:30.568,13.6900,4400
37470568096081,10:24:30.568,13.6900,900
37470568128246,10:24:30.568,13.6900,200
37470568128246,10:24:30.568,13.6900,200
37470568128246,10:24:30.568,13.6900,4200
37470568128246,10:24:30.568,13.6900,100
37470568128246,10:24:30.568,13.6900,337
37470569928312,10:24:30.569,13.6900,600
37470570042439,10:24:30.570,13.6900,63
37502159993190,10:25:02.159,13.6900,200
37502159993190,10:25:02.159,13.6900,200
37502159993190,10:25:02.159,13.6900,500
37502166598897,10:25:02.166,13.6900,4340
37502166598897,10:25:02.166,13.6900,2660
37502166629869,10:25:02.166,13.6900,1540
37502166629869,10:25:02.166,13.6900,6000
37507042517674,10:25:07.042,13.6900,300
37507042517674,10:25:07.042,13.6900,200
37507042517674,10:25:07.042,13.6900,500
37507042517674,10:25:07.042,13.6900,1000
37507042517674,10:25:07.042,13.6900,36
37514192571301,10:25:14.192,13.6850,800
37514192571301,10:25:14.192,13.6900,7000
37514192571301,10:25:14.192,13.6900,4500
37514192571301,10:25:14.192,13.6900,200
37514192571301,10:25:14.192,13.6900,2000
37514193359761,10:25:14.193,13.6900,100
37575818224096,10:26:15.818,13.6900,100
37575818964458,10:26:15.818,13.6900,180
37576019817619,10:26:16.019,13.6900,8600
37576019817619,10:26:16.019,13.6900,200
37576019817619,10:26:16.019,13.6900,300
37576019817619,10:26:16.019,13.6900,200
37576019817619,10:26:16.019,13.6900,600
37576019817619,10:26:16.019,13.6900,200
37576019817619,10:26:16.019,13.6900,1700
37586566326370,10:26:26.566,13.6900,100
37586795953622,10:26:26.795,13.6900,300
37586795953622,10:26:26.795,13.6900,200
37586795953622,10:26:26.795,13.6900,200
37586795953622,10:26:26.795,13.6900,200
37608094006854,10:26:48.094,13.6800,200
37608094006854,10:26:48.094,13.6800,200
37608094006854,10:26:48.094,13.6800,200
37608302329719,10:26:48.302,13.6800,1000
37608302329719,10:26:48.302,13.6800,6600
37608302329719,10:26:48.302,13.6800,200
37608302329719,10:26:48.302,13.6800,5600
37693941629595,10:28:13.941,13.6900,500
37693941629595,10:28:13.941,13.6900,600
37693941629595,10:28:13.941,13.6900,100
37693941629595,10:28:13.941,13.6900,600
37694233695008,10:28:14.233,13.6900,400
37694237124384,10:28:14.237,13.6900,6900
37694237124384,10:28:14.237,13.6900,100
37694237196153,10:28:14.237,13.6900,2305
37715737965607,10:28:35.737,13.6800,100
37715737965607,10:28:35.737,13.6800,100
37752564163115,10:29:12.564,13.6700,100
37752568338933,10:29:12.568,13.6700,4800
37752569842568,10:29:12.569,13.6700,1200
37752771514918,10:29:12.771,13.6700,8600
37752771514918,10:29:12.771,13.6700,200
37752771514918,10:29:12.771,13.6700,2500
37752771514918,10:29:12.771,13.6700,2900
37752780311576,10:29:12.780,13.6700,4
37756591987347,10:29:16.591,13.6700,100
37761408855256,10:29:21.408,13.6700,500
37765950592432,10:29:25.950,13.6700,400
37766101419560,10:29:26.101,13.6700,200
37766103587131,10:29:26.103,13.6700,100
37766103587131,10:29:26.103,13.6700,700
37775062710113,10:29:35.062,13.6700,200
37775263650052,10:29:35.263,13.6700,1900
37775263650052,10:29:35.263,13.6700,1700
37775263650052,10:29:35.263,13.6700,200
37775263650052,10:29:35.263,13.6700,3300
37775263650052,10:29:35.263,13.6700,1400
37782533325140,10:29:42.533,13.6700,1083
37782734724616,10:29:42.734,13.6700,600
37782734724616,10:29:42.734,13.6700,1400
37782734724616,10:29:42.734,13.6700,1500
37782734724616,10:29:42.734,13.6700,700
37784696716650,10:29:44.696,13.6700,500
37788048003279,10:29:48.048,13.6700,100
37788048496927,10:29:48.048,13.6600,200
37788056512232,10:29:48.056,13.6600,100
37788059166093,10:29:48.059,13.6600,4700
37793116174238,10:29:53.116,13.6650,200
37793116174238,10:29:53.116,13.6700,200
37793116174238,10:29:53.116,13.6700,4100
37793769542512,10:29:53.769,13.6700,200
37820998860754,10:30:20.998,13.6800,100
37821007590313,10:30:21.007,13.6800,100
37821012106902,10:30:21.012,13.6800,200
37828062156401,10:30:28.062,13.6900,1800
37829020682244,10:30:29.020,13.6900,600
37831746370713,10:30:31.746,13.6900,1000
37831746370713,10:30:31.746,13.6900,500
37831747403764,10:30:31.747,13.6900,500
37833318210692,10:30:33.318,13.6900,100
37833321507847,10:30:33.321,13.6900,100
37833739450515,10:30:33.739,13.6900,100
37838382980343,10:30:38.382,13.6900,100
37838382980343,10:30:38.382,13.6900,100
37838382980343,10:30:38.382,13.6900,500
37856077338553,10:30:56.077,13.6900,952
37856077338553,10:30:56.077,13.6900,600
37856077338553,10:30:56.077,13.6900,2800
37856077338553,10:30:56.077,13.6900,200
37856078396622,10:30:56.078,13.6900,200
37856078552930,10:30:56.078,13.6900,100
37856078575430,10:30:56.078,13.6900,100
37856078599443,10:30:56.078,13.6900,100
37856213871547,10:30:56.213,13.7000,1650
37856264784668,10:30:56.264,13.6900,100
37856273439314,10:30:56.273,13.6900,37
37930244226529,10:32:10.244,13.6900,200
37930244275691,10:32:10.244,13.6900,163
37930244275691,10:32:10.244,13.6900,500
37930244275691,10:32:10.244,13.6900,100
37968822549041,10:32:48.822,13.6900,24
37968822549041,10:32:48.822,13.6900,100
37968822549041,10:32:48.822,13.6900,400
37968822549041,10:32:48.822,13.6900,200
37968822549041,10:32:48.822,13.6900,200
37968822549041,10:32:48.822,13.6900,300
37968822549041,10:32:48.822,13.6900,200
37968822549041,10:32:48.822,13.6900,200
37968822549041,10:32:48.822,13.6900,100
37968823614497,10:32:48.823,13.6900,500
37968823614497,10:32:48.823,13.6900,400
37968823614497,10:32:48.823,13.6900,500
37968823614497,10:32:48.823,13.6900,200
37968823688299,10:32:48.823,13.6900,200
37968823688299,10:32:48.823,13.6900,400
37968823688299,10:32:48.823,13.6900,24
37968823688299,10:32:48.823,13.6900,100
37968823688299,10:32:48.823,13.6900,500
37970722105759,10:32:50.722,13.6900,100
37970726014962,10:32:50.726,13.6900,300
37984748807449,10:33:04.748,13.6800,100
37984752110816,10:33:04.752,13.6800,400
37984752110816,10:33:04.752,13.6800,100
37984754214450,10:33:04.754,13.6800,100
37988350785612,10:33:08.350,13.6750,400
37994792609889,10:33:14.792,13.6800,100
37994792614001,10:33:14.792,13.6800,100
37994792614001,10:33:14.792,13.6800,100
37994792837457,10:33:14.792,13.6800,100
37994792891353,10:33:14.792,13.6800,200
37994966257901,10:33:14.966,13.6900,100
37994966257901,10:33:14.966,13.6900,50
37995074348715,10:33:15.074,13.6900,200
37995074348715,10:33:15.074,13.6900,300
37995097629322,10:33:15.097,13.6900,200
37995097629322,10:33:15.097,13.6900,3700
37995097629322,10:33:15.097,13.6900,200
37995097629322,10:33:15.097,13.6900,200
37995098203489,10:33:15.098,13.6950,750
37995257081102,10:33:15.257,13.6900,100
37995267024326,10:33:15.267,13.6900,100
38002796751205,10:33:22.796,13.6800,100
38002799187182,10:33:22.799,13.6800,300
38032405045913,10:33:52.405,13.6900,600
38223518815197,10:37:03.518,13.6900,1700
38223518815197,10:37:03.518,13.6900,400
38223518815197,10:37:03.518,13.6900,400
38223518815197,10:37:03.518,13.6900,600
38223518815197,10:37:03.518,13.6900,24
38223518815197,10:37:03.518,13.6900,100
38223518815197,10:37:03.518,13.6900,100
38223518815197,10:37:03.518,13.6900,100
38260583518475,10:37:40.583,13.6900,500
38260583518475,10:37:40.583,13.6900,100
38260583518475,10:37:40.583,13.6900,100
38260583518475,10:37:40.583,13.6900,100
38260639062542,10:37:40.639,13.6850,400
38260639062542,10:37:40.639,13.6850,320
38298197289020,10:38:18.197,13.6900,100
38298197289020,10:38:18.197,13.6900,100
38298197335419,10:38:18.197,13.6900,2300
38298197335419,10:38:18.197,13.6900,300
38312615771374,10:38:32.615,13.7000,200
38312615771374,10:38:32.615,13.7000,300
38312615780461,10:38:32.615,13.7000,216
38312615785028,10:38:32.615,13.7000,284
38312615785028,10:38:32.615,13.7000,100
38312615785028,10:38:32.615,13.7000,64
38312615785028,10:38:32.615,13.7000,852
38312615816808,10:38:32.615,13.7000,200
38312615818627,10:38:32.615,13.7000,1248
38312615818627,10:38:32.615,13.7000,290
38312615830877,10:38:32.615,13.7000,200
38312615860680,10:38:32.615,13.7000,10
38312615860680,10:38:32.615,13.7000,190
38312615870109,10:38:32.615,13.7000,310
38312615870109,10:38:32.615,13.7000,100
38312615870109,10:38:32.615,13.7000,300
38331084987747,10:38:51.084,13.7100,100
38331084987747,10:38:51.084,13.7100,841
38331084987747,10:38:51.084,13.7100,100
38354547547410,10:39:14.547,13.7200,100
38354547547410,10:39:14.547,13.7200,100
38394518599340,10:39:54.518,13.7200,300
38394518599340,10:39:54.518,13.7200,67
38472168166944,10:41:12.168,13.7400,100
38472169503857,10:41:12.169,13.7400,2
38472281446674,10:41:12.281,13.7400,100
38478538497235,10:41:18.538,13.7400,600
38478563599230,10:41:18.563,13.7350,800
38498529326647,10:41:38.529,13.7400,300
38539469703996,10:42:19.469,13.7400,100
38539471379819,10:42:19.471,13.7350,800
38568991906683,10:42:48.991,13.7200,100
38574704392302,10:42:54.704,13.7200,200
38605678150881,10:43:25.678,13.7300,439
38648410590326,10:44:08.410,13.7400,1944
38648480687607,10:44:08.480,13.7400,174
38648913690596,10:44:08.913,13.7450,100
38657582507274,10:44:17.582,13.7500,200
38657582558938,10:44:17.582,13.7500,300
38676937267440,10:44:36.937,13.7500,100
38676945918339,10:44:36.945,13.7500,100
38711458948944,10:45:11.458,13.7550,400
38780939825770,10:46:20.939,13.7400,200
38780939825770,10:46:20.939,13.7400,3500
38780939825770,10:46:20.939,13.7400,5
38780939825770,10:46:20.939,13.7400,5
38861408388932,10:47:41.408,13.7200,100
38861410952853,10:47:41.410,13.7200,200
38861413012252,10:47:41.413,13.7200,100
38865157450917,10:47:45.157,13.7200,100
38885138508683,10:48:05.138,13.7150,100
38885138508683,10:48:05.138,13.7150,400
38885138508683,10:48:05.138,13.7150,632
38885138508683,10:48:05.138,13.7150,68
38892751322863,10:48:12.751,13.7200,200
38892751322863,10:48:12.751,13.7200,3400
38892751322863,10:48:12.751,13.7200,300
38892751322863,10:48:12.751,13.7200,200
38892751322863,10:48:12.751,13.7200,100
38892751322863,10:48:12.751,13.7200,200
38892751322863,10:48:12.751,13.7200,200
38892751322863,10:48:12.751,13.7200,4600
38892752310130,10:48:12.752,13.7200,200
38929765043387,10:48:49.765,13.7200,100
38929769221514,10:48:49.769,13.7200,600
38929769221514,10:48:49.769,13.7200,400
38929769775939,10:48:49.769,13.7200,100
38989902480136,10:49:49.902,13.7100,100
39003933427101,10:50:03.933,13.7050,800
39008109239310,10:50:08.109,13.7100,100
39045705206893,10:50:45.705,13.7000,200
39073932087502,10:51:13.932,13.7000,100
39073934422574,10:51:13.934,13.7000,100
39073936134913,10:51:13.936,13.7000,100
39074843183716,10:51:14.843,13.7000,100
39075507089170,10:51:15.507,13.7000,91
39079148261934,10:51:19.148,13.7000,100
39095626236083,10:51:35.626,13.7000,300
39095626236083,10:51:35.626,13.7000,3600
39095626236083,10:51:35.626,13.7000,200
39095626236083,10:51:35.626,13.7000,200
39095626236083,10:51:35.626,13.7000,200
39098164317009,10:51:38.164,13.7000,200
39098164396857,10:51:38.164,13.7000,100
39110373624469,10:51:50.373,13.7000,2200
39110373624469,10:51:50.373,13.7000,200
39110373624469,10:51:50.373,13.7000,200
39110373624469,10:51:50.373,13.7000,300
39110373624469,10:51:50.373,13.7000,200
39110374518846,10:51:50.374,13.7000,500
39118645410448,10:51:58.645,13.7000,200
39125642717146,10:52:05.642,13.6900,100
39126896875324,10:52:06.896,13.6800,4200
39126896875324,10:52:06.896,13.6800,3700
39130194431014,10:52:10.194,13.6700,100
39130200095721,10:52:10.200,13.6700,200
39130203102554,10:52:10.203,13.6700,200
39130203102554,10:52:10.203,13.6700,200
39130203102554,10:52:10.203,13.6700,100
39131312320703,10:52:11.312,13.6700,100
39179853147388,10:52:59.853,13.6700,100
39179861238073,10:52:59.861,13.6700,100
39180989411606,10:53:00.989,13.6700,300
39180989411606,10:53:00.989,13.6700,80
39183050488306,10:53:03.050,13.6700,100
39183054940327,10:53:03.054,13.6700,200
39185496713282,10:53:05.496,13.6700,200
39185496713282,10:53:05.496,13.6700,100
39185496713282,10:53:05.496,13.6700,300
39185496713282,10:53:05.496,13.6700,200
39200302449053,10:53:20.302,13.6700,200
39252011243618,10:54:12.011,13.6600,100
39252011243618,10:54:12.011,13.6600,200
39252011243618,10:54:12.011,13.6600,100
39256107401135,10:54:16.107,13.6600,100
39259092337068,10:54:19.092,13.6600,300
39264329012818,10:54:24.329,13.6600,100
39264335784579,10:54:24.335,13.6600,200
39264335784579,10:54:24.335,13.6600,300
39264335784579,10:54:24.335,13.6600,500
39264335784579,10:54:24.335,13.6600,200
39286706213210,10:54:46.706,13.6600,500
39316262703052,10:55:16.262,13.6600,100
39316262703052,10:55:16.262,13.6600,100
39344072207939,10:55:44.072,13.6700,300
39344072207939,10:55:44.072,13.6700,3800
39344072207939,10:55:44.072,13.6700,200
39344072207939,10:55:44.072,13.6700,200
39348705282600,10:55:48.705,13.6700,100
39353711111316,10:55:53.711,13.6600,100
39353715348718,10:55:53.715,13.6600,100
39353715348718,10:55:53.715,13.6600,300
39353715348718,10:55:53.715,13.6600,500
39353715348718,10:55:53.715,13.6600,100
39353715348718,10:55:53.715,13.6600,100
39353917064017,10:55:53.917,13.6600,1400
39353917064017,10:55:53.917,13.6600,2900
39353917064017,10:55:53.917,13.6600,1000
39353917064017,10:55:53.917,13.6600,1000
39353917064017,10:55:53.917,13.6600,200
39353917064017,10:55:53.917,13.6600,100
39353917064017,10:55:53.917,13.6600,4300
39353917064017,10:55:53.917,13.6600,100
39353956724937,10:55:53.956,13.6650,800
39353956724937,10:55:53.956,13.6700,3950
39360363299852,10:56:00.363,13.6600,300
39363652392444,10:56:03.652,13.6600,500
39418461557720,10:56:58.461,13.6700,300
39434814870340,10:57:14.814,13.6700,300
39453401787795,10:57:33.401,13.6800,100
39453401787795,10:57:33.401,13.6800,300
39467748014841,10:57:47.748,13.6750,100
39503796906220,10:58:23.796,13.6700,100
39503797790631,10:58:23.797,13.6700,100
39503797790631,10:58:23.797,13.6700,300
39533252084282,10:58:53.252,13.6700,200
39533252084282,10:58:53.252,13.6700,48
39533252084282,10:58:53.252,13.6700,104
39533252084282,10:58:53.252,13.6700,8
39559710859463,10:59:19.710,13.6700,100
39578769931317,10:59:38.769,13.6600,100
39578772098664,10:59:38.772,13.6600,100
39580165477885,10:59:40.165,13.6600,300
39580165477885,10:59:40.165,13.6600,200
39580165477885,10:59:40.165,13.6600,100
39581167375316,10:59:41.167,13.6600,300
39636204070678,11:00:36.204,13.6500,100
39663047839631,11:01:03.047,13.6500,1500
39663047940943,11:01:03.047,13.6500,1100
39663047940943,11:01:03.047,13.6500,300
39663049112618,11:01:03.049,13.6500,800
39663793438386,11:01:03.793,13.6600,300
39688086454597,11:01:28.086,13.6600,2500
39693611041603,11:01:33.611,13.6650,1000
39713185331361,11:01:53.185,13.6700,11
39724467748136,11:02:04.467,13.6700,200
39726388806562,11:02:06.388,13.6700,300
39804021788790,11:03:24.021,13.6750,100
39817155041793,11:03:37.155,13.6700,100
39826605013280,11:03:46.605,13.6700,300
39826605013280,11:03:46.605,13.6700,200
39826605013280,11:03:46.605,13.6700,200
39859228583875,11:04:19.228,13.6800,324
39859228605491,11:04:19.228,13.6800,100
39859228663440,11:04:19.228,13.6800,176
39859228678199,11:04:19.228,13.6800,100
39860354097381,11:04:20.354,13.6800,6479
39868188349627,11:04:28.188,13.6800,200
39868190459348,11:04:28.190,13.6800,300
39868190459348,11:04:28.190,13.6800,200
39868196573349,11:04:28.196,13.6800,200
39868196573349,11:04:28.196,13.6800,100
39868197098385,11:04:28.197,13.6800,200
39875391533157,11:04:35.391,13.6800,700
39875391533157,11:04:35.391,13.6800,200
39875391533157,11:04:35.391,13.6800,3900
39903578793654,11:05:03.578,13.6900,500
39957473085846,11:05:57.473,13.7000,100
39957474773452,11:05:57.474,13.7000,200
39957477903732,11:05:57.477,13.7000,100
39965925403459,11:06:05.925,13.7000,100
39965926221980,11:06:05.926,13.7000,400
39966277285717,11:06:06.277,13.7000,300
39966277285717,11:06:06.277,13.7000,200
39990921332669,11:06:30.921,13.7100,100
39990921332669,11:06:30.921,13.7100,200
39990921332669,11:06:30.921,13.7100,300
39990921332669,11:06:30.921,13.7100,200
39995751542685,11:06:35.751,13.7100,8800
39995751542685,11:06:35.751,13.7100,4121
39995751573646,11:06:35.751,13.7100,379
39995751573646,11:06:35.751,13.7100,450
39995751573646,11:06:35.751,13.7100,3900
39995751573646,11:06:35.751,13.7100,200
39995751573646,11:06:35.751,13.7100,1635
39995751607799,11:06:35.751,13.7100,65
40024324071626,11:07:04.324,13.7000,100
40024333982720,11:07:04.333,13.7000,100
40024333982720,11:07:04.333,13.7000,15
40041185330722,11:07:21.185,13.7050,800
40041185330722,11:07:21.185,13.7050,100
40041185330722,11:07:21.185,13.7050,200
40041185330722,11:07:21.185,13.7050,100
40041185330722,11:07:21.185,13.7050,250
40086508006608,11:08:06.508,13.7000,100
40086510148097,11:08:06.510,13.7000,185
40086510148097,11:08:06.510,13.7000,415
40086512306685,11:08:06.512,13.7000,100
40098117097789,11:08:18.117,13.7000,100
40163583362710,11:09:23.583,13.7100,65
40166080719058,11:09:26.080,13.7100,100
40166081344436,11:09:26.081,13.7100,100
40166081413385,11:09:26.081,13.7100,100
40231296522602,11:10:31.296,13.7000,100
40232099066814,11:10:32.099,13.6900,100
40232103674641,11:10:32.103,13.6900,100
40237643308147,11:10:37.643,13.6900,500
40237643308147,11:10:37.643,13.6900,100
40237643308147,11:10:37.643,13.6900,100
40237648064063,11:10:37.648,13.6850,800
40237648064063,11:10:37.648,13.6850,600
40308575152445,11:11:48.575,13.6900,200
40308575152445,11:11:48.575,13.6900,300
40319512792231,11:11:59.512,13.7000,350
40320834357030,11:12:00.834,13.7000,100
40340401701756,11:12:20.401,13.6900,100
40340405763058,11:12:20.405,13.6900,100
40360585606939,11:12:40.585,13.6900,200
40360585606939,11:12:40.585,13.6900,300
40360585606939,11:12:40.585,13.6900,4200
40360585606939,11:12:40.585,13.6900,200
40360585606939,11:12:40.585,13.6900,200
40360586566042,11:12:40.586,13.6900,200
40360606975638,11:12:40.606,13.6950,800
40360606975638,11:12:40.606,13.7000,300
40360606975638,11:12:40.606,13.7000,200
40360606975638,11:12:40.606,13.7000,200
40360606975638,11:12:40.606,13.7000,3550
40362628237295,11:12:42.628,13.6900,100
40362630655890,11:12:42.630,13.6900,100
40362632380259,11:12:42.632,13.6900,1900
40368599697383,11:12:48.599,13.6900,300
40387821249469,11:13:07.821,13.6900,1160
40393657608474,11:13:13.657,13.6900,100
40393657608474,11:13:13.657,13.6900,200
40417184071683,11:13:37.184,13.7000,650
40431879611187,11:13:51.879,13.7100,100
40431884185296,11:13:51.884,13.7100,100
40431884226967,11:13:51.884,13.7100,100
40445507677406,11:14:05.507,13.7100,400
40481244643150,11:14:41.244,13.7100,100
40498718310306,11:14:58.718,13.7100,100
40500753011932,11:15:00.753,13.7050,300
40528747461107,11:15:28.747,13.7200,500
40591444358118,11:16:31.444,13.7300,300
40597550841149,11:16:37.550,13.7300,7
40617697005731,11:16:57.697,13.7300,300
40629970169497,11:17:09.970,13.7300,100
40643783590145,11:17:23.783,13.7300,200
40649742339629,11:17:29.742,13.7300,100
40649742339629,11:17:29.742,13.7300,100
40720462321157,11:18:40.462,13.7200,100
40720469555848,11:18:40.469,13.7200,100
40808961369267,11:20:08.961,13.7200,600
40870469082059,11:21:10.469,13.7100,16
40870469361970,11:21:10.469,13.7100,500
40870469497514,11:21:10.469,13.7100,84
40885873152685,11:21:25.873,13.7100,600
40930300905182,11:22:10.300,13.7100,100
40930316572197,11:22:10.316,13.7100,100
40930322969580,11:22:10.322,13.7100,100
40933446770827,11:22:13.446,13.7100,100
40933447780758,11:22:13.447,13.7100,800
41027906682304,11:23:47.906,13.7200,100
41027956430536,11:23:47.956,13.7200,200
41103990471706,11:25:03.990,13.7150,100
41103990471706,11:25:03.990,13.7150,500
41112313912237,11:25:12.313,13.7150,800
41112313912237,11:25:12.313,13.7200,300
41112313912237,11:25:12.313,13.7200,200
41112313912237,11:25:12.313,13.7200,200
41112313912237,11:25:12.313,13.7200,200
41112313912237,11:25:12.313,13.7200,100
41112313912237,11:25:12.313,13.7200,200
41112313912237,11:25:12.313,13.7200,700
41112313912237,11:25:12.313,13.7200,3900
41112313912237,11:25:12.313,13.7200,3400
41149206919563,11:25:49.206,13.7100,100
41158121941503,11:25:58.121,13.7000,100
41158123928248,11:25:58.123,13.7000,400
41158127833310,11:25:58.127,13.7000,100
41170669750049,11:26:10.669,13.7000,216
41222072742229,11:27:02.072,13.7000,1300
41288078208537,11:28:08.078,13.7000,700
41288078208537,11:28:08.078,13.7000,300
41288078208537,11:28:08.078,13.7000,200
41288078208537,11:28:08.078,13.7000,200
41288078208537,11:28:08.078,13.7000,200
41288078208537,11:28:08.078,13.7000,103
41288078208537,11:28:08.078,13.7000,200
41288078208537,11:28:08.078,13.7000,200
41288080157773,11:28:08.080,13.7000,800
41288080157773,11:28:08.080,13.7000,600
41288080187951,11:28:08.080,13.7000,300
41292237871369,11:28:12.237,13.7000,300
41292237871369,11:28:12.237,13.7000,200
41292291043546,11:28:12.291,13.7000,300
41292344703903,11:28:12.344,13.7000,200
41312897372968,11:28:32.897,13.7000,1300
41312923531030,11:28:32.923,13.6950,800
41312923531030,11:28:32.923,13.6950,100
41312923531030,11:28:32.923,13.6950,100
41312923531030,11:28:32.923,13.6950,100
41312923531030,11:28:32.923,13.6950,700
41371043758259,11:29:31.043,13.7100,200
41396406830017,11:29:56.406,13.7100,100
41418566116909,11:30:18.566,13.7100,300
41422315986387,11:30:22.315,13.7100,345
41422316242056,11:30:22.316,13.7100,100
41422316250405,11:30:22.316,13.7100,100
41422316284604,11:30:22.316,13.7100,100
41422316511442,11:30:22.316,13.7100,50
41431850190019,11:30:31.850,13.7100,100
41462292076592,11:31:02.292,13.7200,100
41462292076592,11:31:02.292,13.7200,12
41462292076592,11:31:02.292,13.7200,11
41464886873023,11:31:04.886,13.7200,100
41464888754403,11:31:04.888,13.7200,100
41472305219840,11:31:12.305,13.7200,600
41472305928029,11:31:12.305,13.7200,87
41472306498905,11:31:12.306,13.7200,1300
41472306551594,11:31:12.306,13.7200,200
41472306578068,11:31:12.306,13.7200,1030
41485163847409,11:31:25.163,13.7200,1000
41485175365085,11:31:25.175,13.7200,100
41539620241650,11:32:19.620,13.7200,100
41574965896648,11:32:54.965,13.7200,200
41574969905391,11:32:54.969,13.7200,147
41574969905391,11:32:54.969,13.7200,1
41590365242028,11:33:10.365,13.7150,600
41658805071108,11:34:18.805,13.7200,13
41658805071108,11:34:18.805,13.7200,200
41704752494244,11:35:04.752,13.7300,206
41704752599743,11:35:04.752,13.7300,94
41735487087397,11:35:35.487,13.7200,100
41735488842361,11:35:35.488,13.7200,100
41735488842361,11:35:35.488,13.7200,300
41735488842361,11:35:35.488,13.7200,300
41745380349159,11:35:45.380,13.7200,100
41745380349159,11:35:45.380,13.7200,100
41788225734599,11:36:28.225,13.7300,300
41788225734599,11:36:28.225,13.7300,100
41805721741089,11:36:45.721,13.7300,100
41805721741089,11:36:45.721,13.7300,144
41805721741089,11:36:45.721,13.7300,2
41808521308230,11:36:48.521,13.7300,500
41817575027539,11:36:57.575,13.7250,300
41817823735106,11:36:57.823,13.7300,100
41831139333688,11:37:11.139,13.7300,100
41876611541307,11:37:56.611,13.7250,300
42010816916999,11:40:10.816,13.7300,300
42010816916999,11:40:10.816,13.7300,100
42037580566667,11:40:37.580,13.7300,100
42037582491391,11:40:37.582,13.7300,100
42037585138467,11:40:37.585,13.7300,100
42054387022574,11:40:54.387,13.7300,100
42054387065842,11:40:54.387,13.7300,400
42067291329649,11:41:07.291,13.7200,100
42067292691515,11:41:07.292,13.7200,100
42067296174364,11:41:07.296,13.7200,100
42068199866943,11:41:08.199,13.7200,65
42140810759656,11:42:20.810,13.7200,63
42144060406635,11:42:24.060,13.7200,100
42144063964797,11:42:24.063,13.7200,100
42145471565933,11:42:25.471,13.7200,100
42186130021429,11:43:06.130,13.7200,900
42233245326828,11:43:53.245,13.7250,800
42258518027079,11:44:18.518,13.7200,100
42258519581386,11:44:18.519,13.7200,100
42292310464766,11:44:52.310,13.7200,300
42292310464766,11:44:52.310,13.7200,100
42302537017978,11:45:02.537,13.7250,200
42330535595385,11:45:30.535,13.7300,100
42330535595385,11:45:30.535,13.7300,100
42342722059488,11:45:42.722,13.7300,1300
42363537720184,11:46:03.537,13.7150,100
42363542114887,11:46:03.542,13.7150,100
42363543806620,11:46:03.543,13.7150,100
42498048193506,11:48:18.048,13.7200,3
42498412385070,11:48:18.412,13.7300,200
42788797584662,11:53:08.797,13.7400,200
42824497933156,11:53:44.497,13.7450,800
42824497933156,11:53:44.497,13.7400,300
42824497933156,11:53:44.497,13.7400,200
42824497933156,11:53:44.497,13.7400,200
42824497933156,11:53:44.497,13.7400,200
42824497933156,11:53:44.497,13.7400,200
42824497933156,11:53:44.497,13.7400,3100
42848934831037,11:54:08.934,13.7400,100
42848934831037,11:54:08.934,13.7400,100
42848934831037,11:54:08.934,13.7400,300
42848934940256,11:54:08.934,13.7400,66
43007733210682,11:56:47.733,13.7200,100
43007733210682,11:56:47.733,13.7200,100
43058068596915,11:57:38.068,13.7200,300
43294537550350,12:01:34.537,13.6900,93
43306572413280,12:01:46.572,13.6900,200
43327030871162,12:02:07.030,13.7100,100
43327030871162,12:02:07.030,13.7100,100
43422955155183,12:03:42.955,13.7000,1700
43527577133323,12:05:27.577,13.6900,100
43559109645698,12:05:59.109,13.6900,200
43559109645698,12:05:59.109,13.6900,200
43559109645698,12:05:59.109,13.6900,300
43559109645698,12:05:59.109,13.6900,100
43559109645698,12:05:59.109,13.6900,5000
43559109645698,12:05:59.109,13.6900,100
43559109645698,12:05:59.109,13.6900,100
43559109645698,12:05:59.109,13.6900,2539
43559109679463,12:05:59.109,13.6900,2561
43559109679463,12:05:59.109,13.6900,100
43559109679463,12:05:59.109,13.6900,100
43559109679463,12:05:59.109,13.6900,11
43559109679463,12:05:59.109,13.6900,100
43559110000649,12:05:59.110,13.6900,100
43578129699651,12:06:18.129,13.7000,2
43578129699651,12:06:18.129,13.7000,100
43578129699651,12:06:18.129,13.7000,200
43578130856649,12:06:18.130,13.7000,2300
43593525008465,12:06:33.525,13.7050,200
43683024481287,12:08:03.024,13.7000,13
43738692993790,12:08:58.692,13.7100,8500
43738692993790,12:08:58.692,13.7100,200
43738692993790,12:08:58.692,13.7100,3300
43738693028282,12:08:58.693,13.7100,1700
43738693028282,12:08:58.693,13.7100,200
43738693028282,12:08:58.693,13.7100,300
43738693028282,12:08:58.693,13.7100,200
43738693028282,12:08:58.693,13.7100,1700
43738693028282,12:08:58.693,13.7100,5000
43738693028282,12:08:58.693,13.7100,100
43745151840980,12:09:05.151,13.7100,2200
43745151840980,12:09:05.151,13.7100,5000
43745151840980,12:09:05.151,13.7100,200
43745151840980,12:09:05.151,13.7100,1700
43745151840980,12:09:05.151,13.7100,2089
43760735761055,12:09:20.735,13.7100,300
43774504828935,12:09:34.504,13.7100,200
43774504828935,12:09:34.504,13.7100,5100
43849993210050,12:10:49.993,13.7000,200
43849993210050,12:10:49.993,13.7000,500
43951855748559,12:12:31.855,13.6900,100
44002494589663,12:13:22.494,13.6800,300
44002494589663,12:13:22.494,13.6800,400
44080211024050,12:14:40.211,13.6900,200
44080211024050,12:14:40.211,13.6900,200
44080211024050,12:14:40.211,13.6900,200
44080211024050,12:14:40.211,13.6900,300
44080211024050,12:14:40.211,13.6900,5100
44080211024050,12:14:40.211,13.6900,200
44080211024050,12:14:40.211,13.6900,730
44125256624029,12:15:25.256,13.6900,300
44125256624029,12:15:25.256,13.6900,602
44126675660597,12:15:26.675,13.6900,100
44126675660597,12:15:26.675,13.6900,300
44126675660597,12:15:26.675,13.6900,200
44126675660597,12:15:26.675,13.6900,200
44213577202493,12:16:53.577,13.6900,100
44213577202493,12:16:53.577,13.6900,100
44213577760963,12:16:53.577,13.6900,200
44274112440851,12:17:54.112,13.7000,100
44275076635332,12:17:55.076,13.7000,500
44365461972986,12:19:25.461,13.7000,100
44394559547999,12:19:54.559,13.7000,300
44444122278846,12:20:44.122,13.7100,500
44534399039532,12:22:14.399,13.7100,1300
44612429690035,12:23:32.429,13.6900,113
44612429690035,12:23:32.429,13.6900,187
44615783513372,12:23:35.783,13.6900,300
44636169656326,12:23:56.169,13.7000,1205
44670387000608,12:24:30.387,13.6950,100
44727075393926,12:25:27.075,13.7000,300
44757543799216,12:25:57.543,13.6950,800
44757543799216,12:25:57.543,13.7000,300
44757543799216,12:25:57.543,13.7000,5000
44757543799216,12:25:57.543,13.7000,200
44757543799216,12:25:57.543,13.7000,200
44757543799216,12:25:57.543,13.7000,3900
44757543799216,12:25:57.543,13.7000,1500
44757543799216,12:25:57.543,13.7000,2400
44757545237272,12:25:57.545,13.7000,200
44757545237272,12:25:57.545,13.7000,3400
44845770511444,12:27:25.770,13.7000,100
44954750015829,12:29:14.750,13.6950,100
45002534381240,12:30:02.534,13.6900,316
45004653196828,12:30:04.653,13.6900,100
45014592023497,12:30:14.592,13.6950,1600
45026911022970,12:30:26.911,13.6950,400
45058538263973,12:30:58.538,13.6900,100
45061425017806,12:31:01.425,13.6850,200
45213756666214,12:33:33.756,13.7000,100
45213756666214,12:33:33.756,13.7000,100
45257585245642,12:34:17.585,13.7000,300
45257585245642,12:34:17.585,13.7000,1100
45271564352660,12:34:31.564,13.7000,300
45309939145539,12:35:09.939,13.7000,11
45335848151902,12:35:35.848,13.7100,200
45335848151902,12:35:35.848,13.7100,2
45335848151902,12:35:35.848,13.7100,10
45354300490075,12:35:54.300,13.7100,300
45434230322447,12:37:14.230,13.7200,100
45434230322447,12:37:14.230,13.7200,3
45454964229867,12:37:34.964,13.7200,10
45454964229867,12:37:34.964,13.7200,1
45531301519535,12:38:51.301,13.7200,300
45531301519535,12:38:51.301,13.7200,200
45576445603094,12:39:36.445,13.7300,1
45576445710067,12:39:36.445,13.7300,99
45602159504419,12:40:02.159,13.7300,100
45602159504419,12:40:02.159,13.7300,100
45667097007354,12:41:07.097,13.7400,100
45742712355668,12:42:22.712,13.7400,100
45885159252774,12:44:45.159,13.7400,300
45898485782055,12:44:58.485,13.7450,17
46015603867401,12:46:55.603,13.7600,18
46015685334691,12:46:55.685,13.7600,1700
46015685369850,12:46:55.685,13.7600,200
46071693512036,12:47:51.693,13.7500,110
46071859075237,12:47:51.859,13.7500,400
46088257508987,12:48:08.257,13.7500,200
46109498043462,12:48:29.498,13.7550,200
46362303271828,12:52:42.303,13.7600,100
46404942144403,12:53:24.942,13.7600,400
46404942144403,12:53:24.942,13.7600,100
46448800209915,12:54:08.800,13.7500,100
46561905618906,12:56:01.905,13.7400,300
46561905618906,12:56:01.905,13.7400,100
46561908187453,12:56:01.908,13.7400,2100
46787497169883,12:59:47.497,13.7500,525
46787497177117,12:59:47.497,13.7500,775
46894589482548,13:01:34.589,13.7500,1925
46894589492415,13:01:34.589,13.7500,875
46894589492415,13:01:34.589,13.7500,100
46894589492415,13:01:34.589,13.7500,2
46894589529753,13:01:34.589,13.7500,900
46898291190470,13:01:38.291,13.7500,300
46941459539755,13:02:21.459,13.7500,777
47001120825447,13:03:21.120,13.7500,100
47001120825447,13:03:21.120,13.7500,1
47102425319035,13:05:02.425,13.7600,100
47174112748727,13:06:14.112,13.7600,400
47312139583710,13:08:32.139,13.7600,100
47312139614440,13:08:32.139,13.7600,9
47312139625286,13:08:32.139,13.7600,100
47312139679352,13:08:32.139,13.7600,4691
47312139679352,13:08:32.139,13.7600,100
47312139679352,13:08:32.139,13.7600,100
47362439836907,13:09:22.439,13.7700,200
47362439836907,13:09:22.439,13.7700,300
47362439836907,13:09:22.439,13.7700,200
47362439836907,13:09:22.439,13.7700,300
47362439836907,13:09:22.439,13.7700,100
47362439836907,13:09:22.439,13.7700,200
47362439836907,13:09:22.439,13.7700,13
47376028619846,13:09:36.028,13.7700,100
47438562226016,13:10:38.562,13.7700,300
47457910006566,13:10:57.910,13.7750,200
47589680387932,13:13:09.680,13.7700,90
47589680462154,13:13:09.680,13.7700,4810
47659066510128,13:14:19.066,13.7700,4800
47673341299325,13:14:33.341,13.7700,200
47755217843824,13:15:55.217,13.7800,3000
47755217843824,13:15:55.217,13.7800,100
47756357969371,13:15:56.357,13.7800,4600
47756357969371,13:15:56.357,13.7800,200
47756357969371,13:15:56.357,13.7800,200
47756357969371,13:15:56.357,13.7800,300
47756357969371,13:15:56.357,13.7800,200
47756357969371,13:15:56.357,13.7800,4900
47875951159287,13:17:55.951,13.7600,300
48065456415764,13:21:05.456,13.7600,200
48066826916729,13:21:06.826,13.7700,100
48237380358741,13:23:57.380,13.7600,100
48237380358741,13:23:57.380,13.7600,100
48237380358741,13:23:57.380,13.7600,140
48237380358741,13:23:57.380,13.7600,32
48241185420924,13:24:01.185,13.7600,200
48300996937812,13:25:00.996,13.7500,300
48300996937812,13:25:00.996,13.7500,34
48303037748253,13:25:03.037,13.7550,3
48309367257579,13:25:09.367,13.7600,300
48337624782123,13:25:37.624,13.7600,100
48472512752908,13:27:52.512,13.7500,100
48474310561900,13:27:54.310,13.7500,8700
48474310561900,13:27:54.310,13.7500,55
48474310588834,13:27:54.310,13.7500,1545
48474310588834,13:27:54.310,13.7500,3200
48474310588834,13:27:54.310,13.7500,3500
48474310588834,13:27:54.310,13.7500,4800
48474310588834,13:27:54.310,13.7500,200
48474310588834,13:27:54.310,13.7500,100
48474310588834,13:27:54.310,13.7500,66
48474310588834,13:27:54.310,13.7500,171
48474310588834,13:27:54.310,13.7500,100
48545902447894,13:29:05.902,13.7500,300
48545902447894,13:29:05.902,13.7500,200
48691099162444,13:31:31.099,13.7600,200
48691099162444,13:31:31.099,13.7600,300
48691099162444,13:31:31.099,13.7600,200
48691099162444,13:31:31.099,13.7600,182
48691099162444,13:31:31.099,13.7600,200
48691099162444,13:31:31.099,13.7600,200
48691099162444,13:31:31.099,13.7600,100
48691099162444,13:31:31.099,13.7600,100
48702325439415,13:31:42.325,13.7600,8700
48702325439415,13:31:42.325,13.7600,3600
48730016997738,13:32:10.016,13.7700,80
48730017041192,13:32:10.017,13.7700,20
48730017041192,13:32:10.017,13.7700,100
48747539855277,13:32:27.539,13.7700,120
48747539855277,13:32:27.539,13.7700,4800
48747539855277,13:32:27.539,13.7700,4600
48747539855277,13:32:27.539,13.7700,3180
48747539876951,13:32:27.539,13.7700,1620
48747539876951,13:32:27.539,13.7700,480
48769558902658,13:32:49.558,13.7700,200
48769558902658,13:32:49.558,13.7700,300
48769558902658,13:32:49.558,13.7700,4900
48769558902658,13:32:49.558,13.7700,1600
48769559579409,13:32:49.559,13.7700,200
48779953412641,13:32:59.953,13.7800,300
48782145285657,13:33:02.145,13.7800,8300
48782145285657,13:33:02.145,13.7800,1600
48782145285657,13:33:02.145,13.7800,2300
48782145317872,13:33:02.145,13.7800,900
48782145317872,13:33:02.145,13.7800,480
48782145317872,13:33:02.145,13.7800,3000
48782145317872,13:33:02.145,13.7800,4900
48782145317872,13:33:02.145,13.7800,200
48818144139735,13:33:38.144,13.7700,2057
48938312079603,13:35:38.312,13.7650,4
49043029319848,13:37:23.029,13.7600,400
49043030145301,13:37:23.030,13.7600,1449
49043030188314,13:37:23.030,13.7600,2900
49043030212663,13:37:23.030,13.7600,51
49043030212663,13:37:23.030,13.7600,100
49119037067026,13:38:39.037,13.7600,100
49175681516268,13:39:35.681,13.7600,100
49175681516268,13:39:35.681,13.7600,100
49224078846367,13:40:24.078,13.7600,300
49224078846367,13:40:24.078,13.7600,100
49290108835647,13:41:30.108,13.7500,100
49301839212968,13:41:41.839,13.7500,1500
49301839527783,13:41:41.839,13.7500,100
49356627830088,13:42:36.627,13.7400,200
49365034162316,13:42:45.034,13.7400,23
49365034236383,13:42:45.034,13.7400,14
49411823770459,13:43:31.823,13.7400,100
49474940698038,13:44:34.940,13.7300,100
49477777937156,13:44:37.777,13.7300,100
49479513839805,13:44:39.513,13.7300,4
49501388455471,13:45:01.388,13.7300,100
49508150325698,13:45:08.150,13.7300,300
49555687952048,13:45:55.687,13.7450,100
49577604538483,13:46:17.604,13.7500,4400
49589073457765,13:46:29.073,13.7500,300
49616258457195,13:46:56.258,13.7400,100
49616258457195,13:46:56.258,13.7400,100
49686588908134,13:48:06.588,13.7400,35
49686588908134,13:48:06.588,13.7400,65
49686589010314,13:48:06.589,13.7400,35
49723577441629,13:48:43.577,13.7400,1500
49723577476341,13:48:43.577,13.7400,369
49748156741351,13:49:08.156,13.7300,244
49781156538279,13:49:41.156,13.7300,12
49781156538279,13:49:41.156,13.7300,1
49893543345451,13:51:33.543,13.7300,36
49929609833717,13:52:09.609,13.7300,100
50184481753309,13:56:24.481,13.7200,300
50184481753309,13:56:24.481,13.7200,200
50184481753309,13:56:24.481,13.7200,200
50184481753309,13:56:24.481,13.7200,200
50184481753309,13:56:24.481,13.7200,28
50184481753309,13:56:24.481,13.7200,3000
50269220308877,13:57:49.220,13.7300,100
50284898823920,13:58:04.898,13.7300,300
50330796425960,13:58:50.796,13.7200,100
50333165974251,13:58:53.165,13.7200,8900
50333165974251,13:58:53.165,13.7200,3400
50333931801154,13:58:53.931,13.7200,100
50336646579872,13:58:56.646,13.7200,4800
50336646579872,13:58:56.646,13.7200,480
50336646579872,13:58:56.646,13.7200,200
50373321723340,13:59:33.321,13.7200,300
50376241251002,13:59:36.241,13.7200,100
50379581072943,13:59:39.581,13.7200,100
50402752542541,14:00:02.752,13.7200,200
50406110615180,14:00:06.110,13.7300,2
50408363782517,14:00:08.363,13.7300,12
50409734494966,14:00:09.734,13.7400,100
50409734498831,14:00:09.734,13.7400,100
50410268297235,14:00:10.268,13.7500,600
50413752189629,14:00:13.752,13.7800,800
50413753417144,14:00:13.753,13.7900,200
50413773254518,14:00:13.773,13.7800,100
50413773254518,14:00:13.773,13.7800,200
50413773254518,14:00:13.773,13.7800,725
50423371302165,14:00:23.371,13.8000,200
50431059472737,14:00:31.059,13.8100,100
50431059509616,14:00:31.059,13.8100,724
50434018742850,14:00:34.018,13.8100,200
50434018742850,14:00:34.018,13.8000,200
50434018742850,14:00:34.018,13.8000,4900
50443215124724,14:00:43.215,13.8200,200
50443215124724,14:00:43.215,13.8100,200
50443215124724,14:00:43.215,13.8100,4000
50444276238405,14:00:44.276,13.8100,100
50444276238405,14:00:44.276,13.8100,200
50444276238405,14:00:44.276,13.8100,5000
50452219407247,14:00:52.219,13.8200,200
50453237244867,14:00:53.237,13.8200,200
50457414827872,14:00:57.414,13.8200,723
50457414827872,14:00:57.414,13.8200,42
50466806441531,14:01:06.806,13.8300,100
50466806441531,14:01:06.806,13.8300,200
50466806441531,14:01:06.806,13.8300,300
50466806441531,14:01:06.806,13.8300,100
50466806441531,14:01:06.806,13.8300,100
50466821774509,14:01:06.821,13.8400,100
50466821841236,14:01:06.821,13.8400,300
50466821841236,14:01:06.821,13.8400,200
50466823931037,14:01:06.823,13.8400,70
50466824558615,14:01:06.824,13.8400,70
50466824558615,14:01:06.824,13.8400,100
50468017438927,14:01:08.017,13.8400,100
50469264981790,14:01:09.264,13.8400,200
50469264981790,14:01:09.264,13.8400,300
50469793191623,14:01:09.793,13.8300,200
50471419940562,14:01:11.419,13.8300,200
50471988208868,14:01:11.988,13.8400,100
50473608328419,14:01:13.608,13.8400,100
50476378603443,14:01:16.378,13.8400,200
50476378603443,14:01:16.378,13.8400,722
50478034961477,14:01:18.034,13.8400,722
50478034961477,14:01:18.034,13.8400,200
50484009947880,14:01:24.009,13.8400,39
50484210565233,14:01:24.210,13.8400,200
50492462106514,14:01:32.462,13.8500,100
50498690602780,14:01:38.690,13.8500,100
50500974852305,14:01:40.974,13.8400,200
50532816452803,14:02:12.816,13.8300,100
50534000414758,14:02:14.000,13.8300,200
50534000414758,14:02:14.000,13.8300,100
50534000414758,14:02:14.000,13.8300,100
50536549979275,14:02:16.549,13.8300,549
50536549979275,14:02:16.549,13.8300,200
50538530124259,14:02:18.530,13.8400,200
50538530124259,14:02:18.530,13.8400,100
50539147489232,14:02:19.147,13.8400,722
50539825462160,14:02:19.825,13.8400,722
50550444037254,14:02:30.444,13.8400,100
50556467393458,14:02:36.467,13.8300,18
50556467421107,14:02:36.467,13.8300,82
50556588050357,14:02:36.588,13.8300,100
50561396471994,14:02:41.396,13.8400,100
50576291055633,14:02:56.291,13.8500,200
50592393804693,14:03:12.393,13.8600,100
50592396114608,14:03:12.396,13.8600,100
50598178296927,14:03:18.178,13.8600,100
50614477098197,14:03:34.477,13.8500,100
50623806162144,14:03:43.806,13.8600,100
50628855092123,14:03:48.855,13.8600,100
50628885820029,14:03:48.885,13.8600,100
50633384700298,14:03:53.384,13.8600,100
50641230383107,14:04:01.230,13.8600,100
50642022362411,14:04:02.022,13.8600,200
50652734312844,14:04:12.734,13.8700,495
50652734320118,14:04:12.734,13.8700,105
50652734655396,14:04:12.734,13.8800,200
50652734655396,14:04:12.734,13.8800,2320
50652734659544,14:04:12.734,13.8800,1280
50652734659544,14:04:12.734,13.8800,600
50652734659544,14:04:12.734,13.8800,100
50652734659544,14:04:12.734,13.8800,500
50652734659544,14:04:12.734,13.8800,600
50652735226685,14:04:12.735,13.8800,100
50652735226685,14:04:12.735,13.8800,100
50652935466083,14:04:12.935,13.8750,300
50652935466083,14:04:12.935,13.8700,7800
50657702367791,14:04:17.702,13.8600,200
50664021279812,14:04:24.021,13.8600,200
50664222634075,14:04:24.222,13.8600,200
50664222634075,14:04:24.222,13.8600,100
50665984553486,14:04:25.984,13.8600,200
50671041413241,14:04:31.041,13.8600,100
50681021615213,14:04:41.021,13.8700,200
50681024878113,14:04:41.024,13.8700,100
50681024918686,14:04:41.024,13.8700,200
50684145000671,14:04:44.145,13.8600,200
50687225613248,14:04:47.225,13.8700,200
50688089849727,14:04:48.089,13.8600,200
50688089849727,14:04:48.089,13.8600,4500
50690109573970,14:04:50.109,13.8700,200
50690110085776,14:04:50.110,13.8700,200
50690110136386,14:04:50.110,13.8700,100
50691138790903,14:04:51.138,13.8700,200
50691138921445,14:04:51.138,13.8700,400
50691138921445,14:04:51.138,13.8700,100
50691138954302,14:04:51.138,13.8700,100
50691138954302,14:04:51.138,13.8700,200
50691139000129,14:04:51.139,13.8700,300
50691139231350,14:04:51.139,13.8700,300
50692139888961,14:04:52.139,13.8700,100
50692139888961,14:04:52.139,13.8700,100
50692454782939,14:04:52.454,13.8700,300
50692455111089,14:04:52.455,13.8700,100
50692455111089,14:04:52.455,13.8700,100
50695245023987,14:04:55.245,13.8700,200
50695445824922,14:04:55.445,13.8500,200
50695445824922,14:04:55.445,13.8500,3700
50695445824922,14:04:55.445,13.8500,100
50695458726989,14:04:55.458,13.8500,200
50695701768134,14:04:55.701,13.8600,100
50696446964346,14:04:56.446,13.8600,316
50696446964346,14:04:56.446,13.8600,100
50699196532937,14:04:59.196,13.8600,200
50700385581126,14:05:00.385,13.8700,100
50701154551488,14:05:01.154,13.8700,100
50701154551488,14:05:01.154,13.8700,200
50702155720685,14:05:02.155,13.8700,900
50702155720685,14:05:02.155,13.8700,100
50702155720685,14:05:02.155,13.8700,200
50702175615277,14:05:02.175,13.8700,800
50702175615277,14:05:02.175,13.8700,100
50702175615277,14:05:02.175,13.8700,100
50702175924105,14:05:02.175,13.8700,100
50703156900315,14:05:03.156,13.8700,2000
50703156900315,14:05:03.156,13.8700,100
50703156900315,14:05:03.156,13.8700,100
50703157243308,14:05:03.157,13.8700,100
50703305808704,14:05:03.305,13.8700,100
50703546317097,14:05:03.546,13.8700,200
50705781489709,14:05:05.781,13.8800,20
50705781708669,14:05:05.781,13.8800,8
50705782465202,14:05:05.782,13.8800,72
50705983425437,14:05:05.983,13.8800,100
50706213092747,14:05:06.213,13.8700,200
50706213092747,14:05:06.213,13.8700,800
50706256298913,14:05:06.256,13.8700,1000
50707718945736,14:05:07.718,13.8700,200
50707961853861,14:05:07.961,13.8700,200
50707961853861,14:05:07.961,13.8700,100
50708963828567,14:05:08.963,13.8700,100
50709018676087,14:05:09.018,13.8700,200
50710223369727,14:05:10.223,13.8700,200
50711298582180,14:05:11.298,13.8800,500
50711298582180,14:05:11.298,13.8800,1000
50712299668646,14:05:12.299,13.8800,100
50712299668646,14:05:12.299,13.8800,100
50712299668646,14:05:12.299,13.8800,100
50712299668646,14:05:12.299,13.8800,600
50712351236167,14:05:12.351,13.8700,400
50712351236167,14:05:12.351,13.8700,200
50712351236167,14:05:12.351,13.8700,100
50713878828693,14:05:13.878,13.8700,100
50713878828693,14:05:13.878,13.8700,100
50715214501117,14:05:15.214,13.8700,300
50716001782110,14:05:16.001,13.8600,100
50716001782110,14:05:16.001,13.8600,4500
50716001782110,14:05:16.001,13.8600,1900
50716001782110,14:05:16.001,13.8600,100
50716001782110,14:05:16.001,13.8600,100
50717051082971,14:05:17.051,13.8600,30
50717051082971,14:05:17.051,13.8600,100
50717051082971,14:05:17.051,13.8600,70
50717231918023,14:05:17.231,13.8650,100
50717233454492,14:05:17.233,13.8650,100
50717294796018,14:05:17.294,13.8650,100
50717295483621,14:05:17.295,13.8650,70
50717295483621,14:05:17.295,13.8700,30
50717381034288,14:05:17.381,13.8700,100
50717381657388,14:05:17.381,13.8700,100
50717689507689,14:05:17.689,13.8700,19
50717689553588,14:05:17.689,13.8700,81
50720617188736,14:05:20.617,13.8700,10
50720924426166,14:05:20.924,13.8700,200
50720952154168,14:05:20.952,13.8600,800
50720952154168,14:05:20.952,13.8600,200
50720952154168,14:05:20.952,13.8600,100
50721566292284,14:05:21.566,13.8700,100
50721666684279,14:05:21.666,13.8700,200
50722428535260,14:05:22.428,13.8600,800
50722428535260,14:05:22.428,13.8600,100
50722976412993,14:05:22.976,13.8700,100
50723429852510,14:05:23.429,13.8600,200
50723429852510,14:05:23.429,13.8600,100
50725077347844,14:05:25.077,13.8600,400
50725095262578,14:05:25.095,13.8600,200
50725238346289,14:05:25.238,13.8650,100
50725245706482,14:05:25.245,13.8650,100
50725253017190,14:05:25.253,13.8650,100
50725729399173,14:05:25.729,13.8600,600
50726296936510,14:05:26.296,13.8700,900
50726863004590,14:05:26.863,13.8600,600
50727864073416,14:05:27.864,13.8600,600
50728866072064,14:05:28.866,13.8600,600
50728866072064,14:05:28.866,13.8600,200
50728866072064,14:05:28.866,13.8600,100
50729867127487,14:05:29.867,13.8600,200
50729867127487,14:05:29.867,13.8600,100
50730868282227,14:05:30.868,13.8600,100
50731869399260,14:05:31.869,13.8600,100
50733042582764,14:05:33.042,13.8600,100
50734049022906,14:05:34.049,13.8600,200
50734049022906,14:05:34.049,13.8600,1000
50734653498556,14:05:34.653,13.8600,200
50739639130320,14:05:39.639,13.8600,200
50744783065582,14:05:44.783,13.8700,100
50744983921201,14:05:44.983,13.8700,200
50744983921201,14:05:44.983,13.8700,100
50744983921201,14:05:44.983,13.8700,100
50746908207334,14:05:46.908,13.8600,3700
50746957649175,14:05:46.957,13.8600,100
50746957649175,14:05:46.957,13.8600,800
50759910077519,14:05:59.910,13.8700,100
50773309020156,14:06:13.309,13.8800,5
50773519306973,14:06:13.519,13.8800,100
50783795969480,14:06:23.795,13.8900,200
50783795969480,14:06:23.795,13.8900,100
50783844169437,14:06:23.844,13.8900,100
50783844171259,14:06:23.844,13.8900,100
50785918798129,14:06:25.918,13.8900,100
50788007694911,14:06:28.007,13.8800,200
50793002535240,14:06:33.002,13.8800,1900
50795359090490,14:06:35.359,13.8700,100
50796360452755,14:06:36.360,13.8700,100
50797362437089,14:06:37.362,13.8700,100
50798600111023,14:06:38.600,13.8700,100
50799601174881,14:06:39.601,13.8700,100
50801039126336,14:06:41.039,13.8700,100
50802040337770,14:06:42.040,13.8700,100
50807954707523,14:06:47.954,13.8600,100
50807954707523,14:06:47.954,13.8600,200
50807954767827,14:06:47.954,13.8600,100
50807954776216,14:06:47.954,13.8600,100
50810994514141,14:06:50.994,13.8700,200
50829495100580,14:07:09.495,13.8700,100
50846231629963,14:07:26.231,13.8700,100
50846231629963,14:07:26.231,13.8700,100
50846232768471,14:07:26.232,13.8700,100
50846232845541,14:07:26.232,13.8700,100
50846232955586,14:07:26.232,13.8700,200
50848729206178,14:07:28.729,13.8700,100
50853127981791,14:07:33.127,13.8700,100
50861439814390,14:07:41.439,13.8600,100
50861439814390,14:07:41.439,13.8600,100
50862503017851,14:07:42.503,13.8600,100
50862609600282,14:07:42.609,13.8600,100
50862609758206,14:07:42.609,13.8600,100
50878594816903,14:07:58.594,13.8700,100
50878594816903,14:07:58.594,13.8700,200
50882413246913,14:08:02.413,13.8700,200
50894794857100,14:08:14.794,13.8700,200
50904529072980,14:08:24.529,13.8800,1
50918000690344,14:08:38.000,13.8700,100
50939013909206,14:08:59.013,13.8800,99
50939013909206,14:08:59.013,13.8800,33
50939636167742,14:08:59.636,13.8900,200
50939636167742,14:08:59.636,13.8900,1400
50939636167742,14:08:59.636,13.8900,5000
50939636167742,14:08:59.636,13.8900,2100
50940149190031,14:09:00.149,13.8800,1700
50940149190031,14:09:00.149,13.8800,3600
50940149190031,14:09:00.149,13.8800,1400
50955928771306,14:09:15.928,13.8600,200
50976076610184,14:09:36.076,13.8600,100
50976081623293,14:09:36.081,13.8700,100
50976090995963,14:09:36.090,13.8700,600
50976091021295,14:09:36.091,13.8700,700
50976091021295,14:09:36.091,13.8700,4333
50976095527561,14:09:36.095,13.8700,100
50976098366466,14:09:36.098,13.8700,400
50976104740957,14:09:36.104,13.8750,300
50976104740957,14:09:36.104,13.8800,900
50976114389275,14:09:36.114,13.8800,200
50996768810489,14:09:56.768,13.8700,3
51000811659108,14:10:00.811,13.8700,1497
51014371787486,14:10:14.371,13.8700,116
51027347971599,14:10:27.347,13.8700,316
51042776823004,14:10:42.776,13.8700,100
51042776826011,14:10:42.776,13.8700,84
51061316531656,14:11:01.316,13.8800,396
51080199994260,14:11:20.199,13.8850,500
51104022495543,14:11:44.022,13.8900,200
51105424995349,14:11:45.424,13.8900,140
51105424995349,14:11:45.424,13.8900,1
51197700299268,14:13:17.700,13.8900,100
51197700299268,14:13:17.700,13.8900,100
51249915384651,14:14:09.915,13.8900,615
51249915468998,14:14:09.915,13.8900,100
51249915468998,14:14:09.915,13.8900,2
51255266866622,14:14:15.266,13.9000,100
51255266866622,14:14:15.266,13.9000,100
51255267468784,14:14:15.267,13.9000,3300
51255267468784,14:14:15.267,13.9000,65
51260671024642,14:14:20.671,13.9000,88
51263346286602,14:14:23.346,13.9000,100
51281285857505,14:14:41.285,13.9000,24
51301749099285,14:15:01.749,13.8800,8
51303757139144,14:15:03.757,13.8800,7
51307244372397,14:15:07.244,13.8900,1980
51307244372397,14:15:07.244,13.8900,1620
51307244372397,14:15:07.244,13.8900,800
51307244372397,14:15:07.244,13.8900,1000
51307244372397,14:15:07.244,13.8900,500
51307244372397,14:15:07.244,13.8900,200
51307244372397,14:15:07.244,13.8900,12
51308593272703,14:15:08.593,13.8900,800
51308861458358,14:15:08.861,13.9000,5
51308861509433,14:15:08.861,13.9000,95
51313744593760,14:15:13.744,13.8950,2
51328499202941,14:15:28.499,13.8900,1800
51339353094200,14:15:39.353,13.8800,100
51352844261221,14:15:52.844,13.8800,200
51360217122689,14:16:00.217,13.8900,5289
51365036443604,14:16:05.036,13.9000,200
51382793317976,14:16:22.793,13.9100,200
51387552422537,14:16:27.552,13.9100,7100
51387552422537,14:16:27.552,13.9100,3100
51387552422537,14:16:27.552,13.9100,300
51387552422537,14:16:27.552,13.9100,200
51387552422537,14:16:27.552,13.9100,800
51387552422537,14:16:27.552,13.9100,200
51387552422537,14:16:27.552,13.9100,2200
51387552889225,14:16:27.552,13.9100,100
51393472522368,14:16:33.472,13.9000,200
51410080653916,14:16:50.080,13.9050,800
51410080653916,14:16:50.080,13.9000,5000
51410080653916,14:16:50.080,13.9000,200
51410080653916,14:16:50.080,13.9000,200
51410080653916,14:16:50.080,13.9000,300
51410080653916,14:16:50.080,13.9000,400
51410080653916,14:16:50.080,13.9000,2700
51410080653916,14:16:50.080,13.9000,100
51410080653916,14:16:50.080,13.9000,200
51410080653916,14:16:50.080,13.9000,100
51410080653916,14:16:50.080,13.9000,1000
51410080653916,14:16:50.080,13.9000,1400
51410081868224,14:16:50.081,13.9000,100
51421067543152,14:17:01.067,13.8900,100
51428022940702,14:17:08.022,13.9000,1300
51467885061021,14:17:47.885,13.8900,100
51483020767517,14:18:03.020,13.9100,200
51483020767517,14:18:03.020,13.9100,11
51483890324474,14:18:03.890,13.9100,200
51483890352186,14:18:03.890,13.9100,89
51539858392095,14:18:59.858,13.9000,128
51541821423362,14:19:01.821,13.9000,200
51571025781889,14:19:31.025,13.9000,72
51620196513182,14:20:20.196,13.9000,3000
51620196513182,14:20:20.196,13.9000,48
51620196513182,14:20:20.196,13.9000,200
51620196513182,14:20:20.196,13.9000,100
51621367472456,14:20:21.367,13.9050,100
51626767358655,14:20:26.767,13.9000,300
51676862089867,14:21:16.862,13.9000,200
51677097074986,14:21:17.097,13.9000,300
51677097074986,14:21:17.097,13.9000,200
51677097074986,14:21:17.097,13.9000,3000
51677097074986,14:21:17.097,13.9000,200
51677097074986,14:21:17.097,13.9000,800
51677097074986,14:21:17.097,13.9000,3100
51685060754297,14:21:25.060,13.8900,100
51685060754297,14:21:25.060,13.8900,100
51685061722897,14:21:25.061,13.8900,2200
51706773141539,14:21:46.773,13.8900,300
51715340654270,14:21:55.340,13.8900,140
51740240016815,14:22:20.240,13.8950,1000
51759313914248,14:22:39.313,13.9000,100
51767158337688,14:22:47.158,13.8900,300
51881094391673,14:24:41.094,13.9000,24
51881094391673,14:24:41.094,13.9000,20
51881094403870,14:24:41.094,13.9000,100
51881094405296,14:24:41.094,13.9000,200
51912945887817,14:25:12.945,13.9000,6
51923220314513,14:25:23.220,13.9000,10
51969771071405,14:26:09.771,13.8900,100
52020252741498,14:27:00.252,13.8700,1800
52029412974746,14:27:09.412,13.8700,100
52046359435633,14:27:26.359,13.8600,1600
52069722711292,14:27:49.722,13.8500,100
52071593054522,14:27:51.593,13.8450,800
52071593054522,14:27:51.593,13.8500,3100
52071593054522,14:27:51.593,13.8500,700
52071593054522,14:27:51.593,13.8500,1000
52071593054522,14:27:51.593,13.8500,500
52071593054522,14:27:51.593,13.8500,200
52071593054522,14:27:51.593,13.8500,3200
52071593054522,14:27:51.593,13.8500,2300
52071593427244,14:27:51.593,13.8500,100
52071593427244,14:27:51.593,13.8500,900
52071593427244,14:27:51.593,13.8500,100
52071593427244,14:27:51.593,13.8500,200
52071612049594,14:27:51.612,13.8600,200
52071612049594,14:27:51.612,13.8600,300
52071612049594,14:27:51.612,13.8600,500
52071612049594,14:27:51.612,13.8600,2350
52071717174181,14:27:51.717,13.8600,141
52072307050518,14:27:52.307,13.8600,100
52115871082118,14:28:35.871,13.8500,300
52115871082118,14:28:35.871,13.8500,200
52115871082118,14:28:35.871,13.8500,1900
52121802161469,14:28:41.802,13.8500,131
52121802161469,14:28:41.802,13.8500,100
52121802161469,14:28:41.802,13.8500,300
52121802161469,14:28:41.802,13.8500,200
52121802161469,14:28:41.802,13.8500,1300
52121802161469,14:28:41.802,13.8500,69
52138061310980,14:28:58.061,13.8400,300
52138061310980,14:28:58.061,13.8400,100
52138061310980,14:28:58.061,13.8400,100
52140224189659,14:29:00.224,13.8500,100
52140224189659,14:29:00.224,13.8500,100
52149589425000,14:29:09.589,13.8500,100
52149589898579,14:29:09.589,13.8500,100
52149589898579,14:29:09.589,13.8500,400
52154425224482,14:29:14.425,13.8500,3100
52154425224482,14:29:14.425,13.8500,300
52154425224482,14:29:14.425,13.8500,200
52154425224482,14:29:14.425,13.8500,3400
52202401576393,14:30:02.401,13.8500,1770
52202401601314,14:30:02.401,13.8500,1330
52202401601314,14:30:02.401,13.8500,3500
52204816511490,14:30:04.816,13.8400,800
52210921052831,14:30:10.921,13.8400,39
52225459043918,14:30:25.459,13.8450,6
52234028333012,14:30:34.028,13.8500,200
52238726594078,14:30:38.726,13.8500,300
52247622341856,14:30:47.622,13.8500,20
52259038552083,14:30:59.038,13.8500,100
52269542113596,14:31:09.542,13.8500,300
52275197356346,14:31:15.197,13.8500,100
52275202849413,14:31:15.202,13.8500,800
52276988352874,14:31:16.988,13.8500,50
52280630579490,14:31:20.630,13.8500,250
52321738034162,14:32:01.738,13.8500,100
52361090027710,14:32:41.090,13.8550,1200
52374654848099,14:32:54.654,13.8600,300
52392522065363,14:33:12.522,13.8600,300
52402437091402,14:33:22.437,13.8500,50
52427205177683,14:33:47.205,13.8500,300
52474244397811,14:34:34.244,13.8700,100
52481763253888,14:34:41.763,13.8700,2200
52497039859425,14:34:57.039,13.8800,3100
52497039859425,14:34:57.039,13.8800,300
52497039859425,14:34:57.039,13.8800,24
52532126373732,14:35:32.126,13.8700,536
52532126373732,14:35:32.126,13.8700,536
52532126373732,14:35:32.126,13.8700,3700
52561775203532,14:36:01.775,13.8700,100
52599648213352,14:36:39.648,13.8700,24
52599648213352,14:36:39.648,13.8700,20
52617271951772,14:36:57.271,13.8700,100
52636298516082,14:37:16.298,13.8700,100
52639351998442,14:37:19.351,13.8800,100
52689601110145,14:38:09.601,13.8900,35
52693740766764,14:38:13.740,13.8900,300
52693740766764,14:38:13.740,13.8900,100
52708882050694,14:38:28.882,13.8900,3700
52708882050694,14:38:28.882,13.8900,200
52708882050694,14:38:28.882,13.8900,300
52708882050694,14:38:28.882,13.8900,1200
52708882050694,14:38:28.882,13.8900,3100
52708882050694,14:38:28.882,13.8900,200
52728231403804,14:38:48.231,13.8900,100
52728232336208,14:38:48.232,13.8900,59
52754567871738,14:39:14.567,13.9000,100
52764581696885,14:39:24.581,13.9100,1200
52764581696885,14:39:24.581,13.9100,100
52785889908225,14:39:45.889,13.9200,300
52793426422978,14:39:53.426,13.9200,4000
52801468559443,14:40:01.468,13.9000,200
52801468559443,14:40:01.468,13.9000,200
52801468559443,14:40:01.468,13.9000,200
52801468559443,14:40:01.468,13.9000,100
52835686627582,14:40:35.686,13.8900,48
52847652090907,14:40:47.652,13.8900,24
52880200258841,14:41:20.200,13.8900,36
52891260369593,14:41:31.260,13.9000,100
52898278018814,14:41:38.278,13.9050,100
52899278015329,14:41:39.278,13.9050,100
52910736617305,14:41:50.736,13.9100,4000
52910736617305,14:41:50.736,13.9100,77
52910736617305,14:41:50.736,13.9100,100
52936681160624,14:42:16.681,13.9200,100
52936681160624,14:42:16.681,13.9200,100
52964239953002,14:42:44.239,13.9200,48
52964239953002,14:42:44.239,13.9200,24
52972819337054,14:42:52.819,13.9300,79
52975417667374,14:42:55.417,13.9200,3800
52975417667374,14:42:55.417,13.9200,950
52975417699600,14:42:55.417,13.9200,3250
53008603930851,14:43:28.603,13.9100,12
53037564753079,14:43:57.564,13.9300,100
53055011950273,14:44:15.011,13.9200,729
53075403322238,14:44:35.403,13.9200,100
53078491876848,14:44:38.491,13.9200,11
53078491959408,14:44:38.491,13.9200,1
53084900661136,14:44:44.900,13.9300,1379
53084900685383,14:44:44.900,13.9300,2447
53086244718245,14:44:46.244,13.9300,200
53086244718245,14:44:46.244,13.9300,100
53100376348268,14:45:00.376,13.9200,100
53116944361008,14:45:16.944,13.9200,37
53189304646270,14:46:29.304,13.9300,8
53189304646270,14:46:29.304,13.9300,40
53189304646270,14:46:29.304,13.9300,800
53197178133178,14:46:37.178,13.9300,100
53248324431057,14:47:28.324,13.9300,19
53248324431057,14:47:28.324,13.9300,100
53297527540198,14:48:17.527,13.9200,4300
53297527540198,14:48:17.527,13.9200,200
53297527540198,14:48:17.527,13.9200,200
53297527540198,14:48:17.527,13.9200,300
53297527540198,14:48:17.527,13.9200,5
53297527540198,14:48:17.527,13.9200,5
53297527540198,14:48:17.527,13.9200,200
53297527540198,14:48:17.527,13.9200,200
53297528133480,14:48:17.528,13.9200,200
53297528133480,14:48:17.528,13.9200,100
53297528377182,14:48:17.528,13.9200,100
53301472496807,14:48:21.472,13.9200,48
53301472496807,14:48:21.472,13.9200,52
53336261602667,14:48:56.261,13.9100,48
53336261602667,14:48:56.261,13.9100,100
53363025261496,14:49:23.025,13.9000,100
53363025261496,14:49:23.025,13.9000,100
53363025261496,14:49:23.025,13.9000,100
53389730114030,14:49:49.730,13.8900,100
53484652801048,14:51:24.652,13.8800,100
53484652801048,14:51:24.652,13.8800,88
53484652801048,14:51:24.652,13.8800,100
53516485804263,14:51:56.485,13.8700,100
53516485804263,14:51:56.485,13.8700,41
53516485804263,14:51:56.485,13.8700,100
53574540767087,14:52:54.540,13.8800,300
53574540767087,14:52:54.540,13.8800,4200
53574540767087,14:52:54.540,13.8800,100
53574540767087,14:52:54.540,13.8800,100
53575194673453,14:52:55.194,13.8800,1200
53575194673453,14:52:55.194,13.8800,300
53575194673453,14:52:55.194,13.8800,200
53575194673453,14:52:55.194,13.8800,200
53575194673453,14:52:55.194,13.8800,4200
53575194673453,14:52:55.194,13.8800,420
53575194673453,14:52:55.194,13.8800,4100
53575194673453,14:52:55.194,13.8800,100
53575194673453,14:52:55.194,13.8800,113
53575194673453,14:52:55.194,13.8800,114
53575202796743,14:52:55.202,13.8750,100
53576484842527,14:52:56.484,13.8750,100
53576551559190,14:52:56.551,13.8750,100
53605846264709,14:53:25.846,13.8750,100
53605846264709,14:53:25.846,13.8750,727
53605846264709,14:53:25.846,13.8700,2400
53605846264709,14:53:25.846,13.8700,200
53605846264709,14:53:25.846,13.8700,300
53605846264709,14:53:25.846,13.8700,200
53605846264709,14:53:25.846,13.8700,1400
53605846264709,14:53:25.846,13.8700,3100
53605846264709,14:53:25.846,13.8700,200
53605846264709,14:53:25.846,13.8700,5
53605846264709,14:53:25.846,13.8700,5
53605846264709,14:53:25.846,13.8700,163
53648596016114,14:54:08.596,13.8800,9
53648596016114,14:54:08.596,13.8800,200
53648596016114,14:54:08.596,13.8800,300
53648596016114,14:54:08.596,13.8800,200
53675245013984,14:54:35.245,13.8900,300
53675245013984,14:54:35.245,13.8900,200
53675245013984,14:54:35.245,13.8900,200
53675245013984,14:54:35.245,13.8900,200
53675245013984,14:54:35.245,13.8900,200
53675245409188,14:54:35.245,13.8900,200
53675245409188,14:54:35.245,13.8900,100
53675246235141,14:54:35.246,13.8900,100
53675246235141,14:54:35.246,13.8900,200
53675246235141,14:54:35.246,13.8900,2400
53675246288206,14:54:35.246,13.8900,200
53675246324717,14:54:35.246,13.8900,100
53675246358531,14:54:35.246,13.8900,100
53675446645406,14:54:35.446,13.8900,300
53675446645406,14:54:35.446,13.8900,4000
53675446645406,14:54:35.446,13.8900,200
53678421639001,14:54:38.421,13.8900,300
53678421639001,14:54:38.421,13.8900,200
53678421639001,14:54:38.421,13.8900,500
53678421639001,14:54:38.421,13.8900,1200
53678421639001,14:54:38.421,13.8900,3800
53682973470505,14:54:42.973,13.8800,300
53682973470505,14:54:42.973,13.8800,100
53682973470505,14:54:42.973,13.8800,200
53682973470505,14:54:42.973,13.8800,4200
53682973470505,14:54:42.973,13.8800,200
53700787454416,14:55:00.787,13.8800,200
53700787454416,14:55:00.787,13.8800,200
53700787454416,14:55:00.787,13.8800,4542
53700787454416,14:55:00.787,13.8800,4019
53700787841396,14:55:00.787,13.8800,200
53700787875045,14:55:00.787,13.8800,1000
53701784374146,14:55:01.784,13.8900,200
53717875441701,14:55:17.875,13.8950,1
53721897260041,14:55:21.897,13.9000,1
53745551205335,14:55:45.551,13.9000,100
53955191403459,14:59:15.191,13.9300,200
53995845957669,14:59:55.845,13.9400,300
53998152931131,14:59:58.152,13.9300,300
53998152931131,14:59:58.152,13.9300,100
53998152931131,14:59:58.152,13.9300,100
54005727894648,15:00:05.727,13.9300,200
54014789610263,15:00:14.789,13.9300,100
54078572223670,15:01:18.572,13.9200,300
54078572223670,15:01:18.572,13.9200,300
54078572223670,15:01:18.572,13.9200,100
54078572223670,15:01:18.572,13.9200,200
54078572223670,15:01:18.572,13.9200,200
54101894246179,15:01:41.894,13.9200,80
54117104230303,15:01:57.104,13.9200,72
54117104230303,15:01:57.104,13.9200,100
54117104230303,15:01:57.104,13.9200,300
54117104230303,15:01:57.104,13.9200,28
54200720579040,15:03:20.720,13.9100,100
54200721362998,15:03:20.721,13.9100,100
54200721362998,15:03:20.721,13.9100,100
54201501229936,15:03:21.501,13.9050,100
54209832067070,15:03:29.832,13.9000,200
54209832067070,15:03:29.832,13.9000,70
54210740040551,15:03:30.740,13.8950,400
54211240038653,15:03:31.240,13.8950,400
54211740037698,15:03:31.740,13.8950,400
54212240035642,15:03:32.240,13.8950,400
54215848038174,15:03:35.848,13.8950,400
54216348033170,15:03:36.348,13.8950,400
54216848034896,15:03:36.848,13.8950,400
54255243182831,15:04:15.243,13.9000,313
54255243209700,15:04:15.243,13.9000,1200
54255243209700,15:04:15.243,13.9000,1897
54255243209700,15:04:15.243,13.9000,48
54255243209700,15:04:15.243,13.9000,100
54308004964316,15:05:08.004,13.8900,300
54336995623700,15:05:36.995,13.8800,300
54463070402125,15:07:43.070,13.8800,3800
54463070402125,15:07:43.070,13.8800,11
54513252458928,15:08:33.252,13.8700,100
54513252458928,15:08:33.252,13.8700,100
54517235623022,15:08:37.235,13.8700,200
54517235623022,15:08:37.235,13.8700,200
54517235623022,15:08:37.235,13.8700,300
54517235623022,15:08:37.235,13.8700,500
54517235776690,15:08:37.235,13.8700,2500
54517235785154,15:08:37.235,13.8700,500
54517235785154,15:08:37.235,13.8700,350
54517235785154,15:08:37.235,13.8700,1779
54517235835418,15:08:37.235,13.8700,72
54517235835418,15:08:37.235,13.8700,24
54517235835418,15:08:37.235,13.8700,4
54522499778449,15:08:42.499,13.8800,300
54583238389841,15:09:43.238,13.8700,48
54602517456822,15:10:02.517,13.8700,300
54602517456822,15:10:02.517,13.8700,200
54638608153565,15:10:38.608,13.8600,3700
54645958109531,15:10:45.958,13.8500,300
54645958109531,15:10:45.958,13.8500,1200
54645958109531,15:10:45.958,13.8500,600
54645958109531,15:10:45.958,13.8500,3700
54645958109531,15:10:45.958,13.8500,100
54645958109531,15:10:45.958,13.8500,100
54667968339773,15:11:07.968,13.8400,60
54679373997195,15:11:19.373,13.8300,100
54679373997195,15:11:19.373,13.8300,100
54726619055691,15:12:06.619,13.8300,48
54726619055691,15:12:06.619,13.8300,24
54729445455876,15:12:09.445,13.8400,300
54729445455876,15:12:09.445,13.8400,100
54732648666056,15:12:12.648,13.8400,100
54748000833902,15:12:28.000,13.8400,300
54750709452595,15:12:30.709,13.8400,300
54780629691673,15:13:00.629,13.8300,2105
54810638411507,15:13:30.638,13.8300,1100
54810638411507,15:13:30.638,13.8300,482
54847169976175,15:14:07.169,13.8200,3417
54847170004859,15:14:07.170,13.8200,483
54847170004859,15:14:07.170,13.8200,100
54909162337782,15:15:09.162,13.8200,100
54934505180635,15:15:34.505,13.8300,100
54939527073411,15:15:39.527,13.8400,3900
54944539303719,15:15:44.539,13.8500,1143
54954864984195,15:15:54.864,13.8600,44
54954865712062,15:15:54.865,13.8600,600
54957508991354,15:15:57.508,13.8600,500
54970849931308,15:16:10.849,13.8700,200
54970850503668,15:16:10.850,13.8700,800
54970850503668,15:16:10.850,13.8700,300
55089676508199,15:18:09.676,13.8600,500
55089676508199,15:18:09.676,13.8600,100
55089676508199,15:18:09.676,13.8600,100
55089676508199,15:18:09.676,13.8600,600
55089676508199,15:18:09.676,13.8600,100
55091698696052,15:18:11.698,13.8600,7215
55091698768756,15:18:11.698,13.8600,600
55091698797062,15:18:11.698,13.8600,885
55091698797062,15:18:11.698,13.8600,1000
55109256145226,15:18:29.256,13.8700,100
55160056863895,15:19:20.056,13.8700,100
55175238229642,15:19:35.238,13.8700,100
55185506916771,15:19:45.506,13.8800,100
55185506916771,15:19:45.506,13.8800,100
55201770301939,15:20:01.770,13.8900,100
55201770301939,15:20:01.770,13.8900,100
55201770301939,15:20:01.770,13.8900,100
55237498010999,15:20:37.498,13.8950,100
55253041872358,15:20:53.041,13.9000,100
55253041872358,15:20:53.041,13.9000,500
55273188566431,15:21:13.188,13.9000,200
55330354503052,15:22:10.354,13.8800,5
55330354503052,15:22:10.354,13.8800,5
55358941815355,15:22:38.941,13.8800,100
55369932022023,15:22:49.932,13.8800,137
55388592727090,15:23:08.592,13.8700,3900
55388592727090,15:23:08.592,13.8700,200
55527166925616,15:25:27.166,13.8600,200
55527166925616,15:25:27.166,13.8600,100
55527167039156,15:25:27.167,13.8600,100
55527167039156,15:25:27.167,13.8600,100
55527167643347,15:25:27.167,13.8600,100
55527167722336,15:25:27.167,13.8600,100
55527167843846,15:25:27.167,13.8600,500
55527167843846,15:25:27.167,13.8600,300
55672621035332,15:27:52.621,13.8600,100
55672621035332,15:27:52.621,13.8600,100
55672621035332,15:27:52.621,13.8600,100
55672621035332,15:27:52.621,13.8600,100
55689725466381,15:28:09.725,13.8800,200
55715120216838,15:28:35.120,13.8800,200
55715120216838,15:28:35.120,13.8800,200
55715120216838,15:28:35.120,13.8800,100
55715120216838,15:28:35.120,13.8800,100
55715120216838,15:28:35.120,13.8800,500
55803507519806,15:30:03.507,13.8650,200
55832834178745,15:30:32.834,13.8700,100
55832834178745,15:30:32.834,13.8700,48
55836788252710,15:30:36.788,13.8700,5
55870781315643,15:31:10.781,13.8800,3700
55870781315643,15:31:10.781,13.8800,5
55870781315643,15:31:10.781,13.8800,5
55870781315643,15:31:10.781,13.8800,200
55883374683544,15:31:23.374,13.8900,200
55933836227043,15:32:13.836,13.8950,1000
55933836227043,15:32:13.836,13.8950,100
55943835613795,15:32:23.835,13.8900,100
55943842788420,15:32:23.842,13.8850,100
56074054499882,15:34:34.054,13.8900,100
56074054499882,15:34:34.054,13.8900,100
56074054499882,15:34:34.054,13.8900,500
56074498452424,15:34:34.498,13.9000,500
56074498452424,15:34:34.498,13.9000,100
56133170190830,15:35:33.170,13.9200,100
56191087643431,15:36:31.087,13.9300,200
56194139384453,15:36:34.139,13.9250,100
56194139384453,15:36:34.139,13.9250,100
56194139384453,15:36:34.139,13.9250,350
56194139384453,15:36:34.139,13.9250,100
56252528569810,15:37:32.528,13.9250,100
56378420593108,15:39:38.420,13.9250,100
56406145180674,15:40:06.145,13.9250,100
56501882521095,15:41:41.882,13.9200,200
56501882521095,15:41:41.882,13.9200,100
56501882521095,15:41:41.882,13.9200,300
56501882521095,15:41:41.882,13.9200,193
56501882521095,15:41:41.882,13.9200,100
56522470707912,15:42:02.470,13.9150,100
56550898454726,15:42:30.898,13.9200,100
56550898454726,15:42:30.898,13.9200,100
56679112778434,15:44:39.112,13.9250,92
57019004756178,15:50:19.004,13.9200,73
57113301236370,15:51:53.301,13.9250,12
57135463031190,15:52:15.463,13.9200,127
57135463031190,15:52:15.463,13.9200,1000
57135463031190,15:52:15.463,13.9200,100
57135463031190,15:52:15.463,13.9200,800
57146104142866,15:52:26.104,13.9100,400
57146104427067,15:52:26.104,13.9100,500
57146104427067,15:52:26.104,13.9100,100
57146104762341,15:52:26.104,13.9050,100
57305348553613,15:55:05.348,13.9100,3234
57305348850585,15:55:05.348,13.9100,2700
57305348889065,15:55:05.348,13.9100,100
57305348918534,15:55:05.348,13.9100,236
57305349205894,15:55:05.349,13.9100,1400
57305349239396,15:55:05.349,13.9100,956
57305349252938,15:55:05.349,13.9100,100
57305349870942,15:55:05.349,13.9100,2344
57305349870942,15:55:05.349,13.9100,100
57305349870942,15:55:05.349,13.9100,800
57305349870942,15:55:05.349,13.9100,100
57305349870942,15:55:05.349,13.9100,100
57471592540047,15:57:51.592,13.9150,100
57527004681367,15:58:47.004,13.9150,100
57540112949906,15:59:00.112,13.9100,500
57549348791005,15:59:09.348,13.9150,100
57551826707315,15:59:11.826,13.9150,100
57551827847556,15:59:11.827,13.9150,100
57552826584073,15:59:12.826,13.9150,200
57555971588351,15:59:15.971,13.9150,100
57559541743072,15:59:19.541,13.9150,200
57589908499466,15:59:49.908,13.9200,200
57589908499466,15:59:49.908,13.9200,300
57598735640554,15:59:58.735,13.9250,200
57600775566172,16:00:00.775,0.0000,0
