timestamp,time,price,volume
33137016981282,09:12:17.016,5.2900,12
34200452520135,09:30:00.452,0.0000,0
34305127198136,09:31:45.127,5.1800,100
34406401503248,09:33:26.401,5.1300,5
34406401527328,09:33:26.401,5.1300,115
34616512820765,09:36:56.512,5.0600,100
34616512820765,09:36:56.512,5.0600,200
34616513217191,09:36:56.513,5.0600,100
34616513593148,09:36:56.513,5.0600,100
34616514462165,09:36:56.514,5.0600,100
34616527159279,09:36:56.527,5.0400,30
34763808322917,09:39:23.808,5.0400,100
34940307015944,09:42:20.307,5.0500,41
34940307411551,09:42:20.307,5.0500,59
35037671199235,09:43:57.671,5.0400,100
35448829181718,09:50:48.829,5.0200,40
35448830218903,09:50:48.830,5.0200,700
35666432110920,09:54:26.432,5.0000,2
35764317647890,09:56:04.317,5.0100,100
35764321912012,09:56:04.321,5.0000,3
35764321912012,09:56:04.321,5.0000,2500
35843245520539,09:57:23.245,4.9900,100
36011329438134,10:00:11.329,5.0200,100
36122704920496,10:02:02.704,5.0300,100
36122704920496,10:02:02.704,5.0300,100
36122704920496,10:02:02.704,5.0300,3
36122704920496,10:02:02.704,5.0300,100
36122705438429,10:02:02.705,5.0400,300
36122707500961,10:02:02.707,5.0400,100
36147539899951,10:02:27.539,5.0400,100
36147540532975,10:02:27.540,5.0500,100
36153714297249,10:02:33.714,5.0500,300
36167718247308,10:02:47.718,5.0500,377
36167718247308,10:02:47.718,5.0500,100
36209159184448,10:03:29.159,5.0600,100
36468275836808,10:07:48.275,5.0800,96
36486227386641,10:08:06.227,5.0800,4
36486227386641,10:08:06.227,5.0800,96
36486248025173,10:08:06.248,5.0800,4
36486248025173,10:08:06.248,5.0800,96
36486248336694,10:08:06.248,5.0800,4
36496062568909,10:08:16.062,5.0800,100
36496062568909,10:08:16.062,5.0800,100
36711020869612,10:11:51.020,5.0800,100
37124565031139,10:18:44.565,5.1000,100
37148276130157,10:19:08.276,5.0900,2
37214351763315,10:20:14.351,5.1000,100
37249162613611,10:20:49.162,5.1200,100
37272644032928,10:21:12.644,5.1200,198
37272649812382,10:21:12.649,5.1200,30
37299237019153,10:21:39.237,5.1400,100
37620381268157,10:27:00.381,5.1600,10
37620381709765,10:27:00.381,5.1600,90
37663463795355,10:27:43.463,5.1800,100
37944979875757,10:32:24.979,5.1700,100
37944979875757,10:32:24.979,5.1700,100
37944979875757,10:32:24.979,5.1700,200
38133252462320,10:35:33.252,5.1600,100
38133253125132,10:35:33.253,5.1600,100
38305640883799,10:38:25.640,5.1700,100
39047744297503,10:50:47.744,5.1500,4
39220269595550,10:53:40.269,5.1500,100
39220269595550,10:53:40.269,5.1500,5
39220269989371,10:53:40.269,5.1500,95
40021427948039,11:07:01.427,5.1600,100
40021428052239,11:07:01.428,5.1600,100
40044277500110,11:07:24.277,5.1700,100
40044277500110,11:07:24.277,5.1700,100
40256622756393,11:10:56.622,5.1800,100
40256622756393,11:10:56.622,5.1800,10
40256622756393,11:10:56.622,5.1800,100
40256622756393,11:10:56.622,5.1800,100
40256622756393,11:10:56.622,5.1800,100
40256622756393,11:10:56.622,5.1800,3
40256622860045,11:10:56.622,5.1800,76
40256622884794,11:10:56.622,5.1800,24
40365151714705,11:12:45.151,5.1700,100
40365151714705,11:12:45.151,5.1700,100
40365151714705,11:12:45.151,5.1700,100
40422816099733,11:13:42.816,5.1500,100
40525127278326,11:15:25.127,5.1400,100
41143611912957,11:25:43.611,5.1200,100
41143611912957,11:25:43.611,5.1200,100
41143620663823,11:25:43.620,5.1300,100
41143620663823,11:25:43.620,5.1300,100
41144112413697,11:25:44.112,5.1400,100
41144112742471,11:25:44.112,5.1400,100
41588875517308,11:33:08.875,5.1600,100
41594136126042,11:33:14.136,5.1700,100
41594138198713,11:33:14.138,5.1700,100
41594138198713,11:33:14.138,5.1700,12
41594139537652,11:33:14.139,5.1700,12
41916661872809,11:38:36.661,5.1600,28
41916661898500,11:38:36.661,5.1600,72
41916661898500,11:38:36.661,5.1600,3
41916661898500,11:38:36.661,5.1600,10
41916661898500,11:38:36.661,5.1600,100
41916661898500,11:38:36.661,5.1600,100
41919557726143,11:38:39.557,5.1500,100
41919557726143,11:38:39.557,5.1500,100
42391230824848,11:46:31.230,5.1500,100
43161076048516,11:59:21.076,5.1600,100
43161076048516,11:59:21.076,5.1600,10
43161076048516,11:59:21.076,5.1600,100
43170506009720,11:59:30.506,5.1550,100
43171008002372,11:59:31.008,5.1550,100
43356687139049,12:02:36.687,5.1700,100
43356687139049,12:02:36.687,5.1700,100
44546665724746,12:22:26.665,5.1700,100
44546665724746,12:22:26.665,5.1700,100
44546665724746,12:22:26.665,5.1700,200
44546668009604,12:22:26.668,5.1700,3
44546668009604,12:22:26.668,5.1800,100
44546668009604,12:22:26.668,5.1800,100
44546668009604,12:22:26.668,5.1800,97
44546668514169,12:22:26.668,5.1800,16
44546668514169,12:22:26.668,5.1800,100
44546668514169,12:22:26.668,5.1700,600
44546668801215,12:22:26.668,5.1800,17
44546668801215,12:22:26.668,5.1800,3
44546677614138,12:22:26.677,5.1700,16
44546680495763,12:22:26.680,5.1700,100
44546684077920,12:22:26.684,5.1700,100
44546700938768,12:22:26.700,5.1700,100
44556516556649,12:22:36.516,5.1800,100
44556516556649,12:22:36.516,5.1800,100
44556516556649,12:22:36.516,5.1800,100
44975019822260,12:29:35.019,5.1750,100
44975019822260,12:29:35.019,5.1800,100
44975363213533,12:29:35.363,5.1800,100
44975363213533,12:29:35.363,5.1800,200
44975365332898,12:29:35.365,5.1700,100
44975365332898,12:29:35.365,5.1700,3
44975365332898,12:29:35.365,5.1700,300
45030413236883,12:30:30.413,5.1700,100
45030413358976,12:30:30.413,5.1700,100
45030413617336,12:30:30.413,5.1700,100
45030413774919,12:30:30.413,5.1700,100
45376313104854,12:36:16.313,5.1600,100
45376313104854,12:36:16.313,5.1600,100
45376313104854,12:36:16.313,5.1600,100
45376313275969,12:36:16.313,5.1600,100
45376313334531,12:36:16.313,5.1600,100
45382533854744,12:36:22.533,5.1500,70
45382533879769,12:36:22.533,5.1500,30
45530677443810,12:38:50.677,5.1400,100
45530677443810,12:38:50.677,5.1400,100
45748004885701,12:42:28.004,5.1200,100
45880817420842,12:44:40.817,5.1200,100
45880817420842,12:44:40.817,5.1200,400
46550178809341,12:55:50.178,5.1200,100
46550178809341,12:55:50.178,5.1200,3
46550178809341,12:55:50.178,5.1200,100
46550178809341,12:55:50.178,5.1200,100
46636318567157,12:57:16.318,5.1200,32
46636319003418,12:57:16.319,5.1200,68
46636319003418,12:57:16.319,5.1200,100
46636319003418,12:57:16.319,5.1200,400
46786281494247,12:59:46.281,5.1300,100
46792764599205,12:59:52.764,5.1300,400
47472510942271,13:11:12.510,5.1400,100
47472510942271,13:11:12.510,5.1400,100
48142511623749,13:22:22.511,5.1400,100
48142511623749,13:22:22.511,5.1400,100
48142511623749,13:22:22.511,5.1400,100
48142511623749,13:22:22.511,5.1400,100
48142511623749,13:22:22.511,5.1400,100
49642266802794,13:47:22.266,5.1300,100
49642266802794,13:47:22.266,5.1300,3
49642266910936,13:47:22.266,5.1300,100
49804990765862,13:50:04.990,5.1200,100
50409009397547,14:00:09.009,5.1100,100
50409009397547,14:00:09.009,5.1100,600
50409009397547,14:00:09.009,5.1100,100
50409009397547,14:00:09.009,5.1100,200
50409723901245,14:00:09.723,5.1200,100
50692494299360,14:04:52.494,5.1400,5
50692494299360,14:04:52.494,5.1400,91
50692494322327,14:04:52.494,5.1400,9
50692494343550,14:04:52.494,5.1500,96
50692494353883,14:04:52.494,5.1500,4
50761256033487,14:06:01.256,5.1500,100
50761256033487,14:06:01.256,5.1500,87
50761256043810,14:06:01.256,5.1500,9
50770821292342,14:06:10.821,5.1500,4
50770821292342,14:06:10.821,5.1500,96
51009564095490,14:10:09.564,5.1400,100
51009564095490,14:10:09.564,5.1400,100
51009564095490,14:10:09.564,5.1400,100
51009564095490,14:10:09.564,5.1400,18
51009564095490,14:10:09.564,5.1400,100
51009568476618,14:10:09.568,5.1300,100
51045502808184,14:10:45.502,5.1400,100
51045502808184,14:10:45.502,5.1400,90
51045502871526,14:10:45.502,5.1400,310
51064630259581,14:11:04.630,5.1500,400
51064700878763,14:11:04.700,5.1600,100
51279363052805,14:14:39.363,5.1700,100
51279363118768,14:14:39.363,5.1700,100
51339487391887,14:15:39.487,5.1800,100
51659175767208,14:20:59.175,5.1900,100
51659175767208,14:20:59.175,5.1900,100
51659175767208,14:20:59.175,5.1900,100
51659177659317,14:20:59.177,5.1900,100
51670523893361,14:21:10.523,5.1800,100
51670523893361,14:21:10.523,5.1800,100
51670523893361,14:21:10.523,5.1800,100
51670523893361,14:21:10.523,5.1800,21
52132147618508,14:28:52.147,5.1700,85
52132147644899,14:28:52.147,5.1700,15
52132147644899,14:28:52.147,5.1700,100
52132147644899,14:28:52.147,5.1700,44
52132147692978,14:28:52.147,5.1700,56
52283661423620,14:31:23.661,5.1600,100
52283661423620,14:31:23.661,5.1600,200
52283661890333,14:31:23.661,5.1600,113
52283662001260,14:31:23.662,5.1600,287
52298691785548,14:31:38.691,5.1600,300
52298692233679,14:31:38.692,5.1600,300
52503356757139,14:35:03.356,5.1900,100
52703988798942,14:38:23.988,5.2000,100
52703988798942,14:38:23.988,5.2000,100
52703988798942,14:38:23.988,5.2000,150
52703989989034,14:38:23.989,5.2000,150
52703989989034,14:38:23.989,5.2000,39
52703989989034,14:38:23.989,5.2000,100
52703990710117,14:38:23.990,5.2000,34
52703990710117,14:38:23.990,5.2000,100
52703990710117,14:38:23.990,5.2000,150
52703991526115,14:38:23.991,5.2000,100
52703991526115,14:38:23.991,5.2000,100
52703991526115,14:38:23.991,5.2000,36
52703991526115,14:38:23.991,5.2000,100
52703991526115,14:38:23.991,5.2000,4
52711570522293,14:38:31.570,5.1900,100
52711570522293,14:38:31.570,5.1900,19
52882557978744,14:41:22.557,5.1900,500
52882558689264,14:41:22.558,5.2000,146
52882558689264,14:41:22.558,5.2000,100
52887277624647,14:41:27.277,5.2000,123
52887277645671,14:41:27.277,5.2000,377
52887280711699,14:41:27.280,5.2000,100
52887280711699,14:41:27.280,5.2000,67
52887280711699,14:41:27.280,5.2000,150
53037566582342,14:43:57.566,5.2000,100
53089497618636,14:44:49.497,5.2000,50
53089500223383,14:44:49.500,5.2000,50
53089500223383,14:44:49.500,5.2000,100
53094919128085,14:44:54.919,5.2000,100
53094921282359,14:44:54.921,5.2000,100
53094921282359,14:44:54.921,5.2000,100
53094921282359,14:44:54.921,5.2000,100
53094921282359,14:44:54.921,5.2000,150
53112611939907,14:45:12.611,5.1900,200
53112611939907,14:45:12.611,5.1900,100
53112611939907,14:45:12.611,5.1900,3
53112611939907,14:45:12.611,5.1900,100
53112619452415,14:45:12.619,5.1900,22
53187878309003,14:46:27.878,5.1900,100
53187878309003,14:46:27.878,5.1900,195
53187878526235,14:46:27.878,5.1900,305
53212610634648,14:46:52.610,5.2000,150
53212610634648,14:46:52.610,5.2000,11
53212610641668,14:46:52.610,5.2000,188
53212610643138,14:46:52.610,5.2000,301
53212667874840,14:46:52.667,5.2000,100
53212667874840,14:46:52.667,5.2000,200
53216219036047,14:46:56.219,5.2000,100
53240557751581,14:47:20.557,5.2000,200
53240557751581,14:47:20.557,5.2000,100
53298594304166,14:48:18.594,5.1900,79
53298594923444,14:48:18.594,5.1900,21
53475814010271,14:51:15.814,5.1800,61
53475816491175,14:51:15.816,5.1800,39
53475816491175,14:51:15.816,5.1800,100
53475816491175,14:51:15.816,5.1800,100
53475817751383,14:51:15.817,5.1700,104
53524825306974,14:52:04.825,5.1800,100
53524825306974,14:52:04.825,5.1800,100
53524825306974,14:52:04.825,5.1800,100
53524825306974,14:52:04.825,5.1800,100
53613141459954,14:53:33.141,5.2000,100
53613141459954,14:53:33.141,5.2000,100
53632239648964,14:53:52.239,5.1900,100
53632239648964,14:53:52.239,5.1900,100
53632239648964,14:53:52.239,5.1900,35
54384569232588,15:06:24.569,5.1900,16
54384569616158,15:06:24.569,5.1900,84
54384569616158,15:06:24.569,5.1900,3
54384569616158,15:06:24.569,5.1900,100
54384569616158,15:06:24.569,5.1900,100
54384569616158,15:06:24.569,5.1900,100
54384634488296,15:06:24.634,5.1850,100
54545176429945,15:09:05.176,5.1800,100
54545658194645,15:09:05.658,5.1700,12
54545658264968,15:09:05.658,5.1700,88
54545658264968,15:09:05.658,5.1700,100
54545658264968,15:09:05.658,5.1700,100
54685763867323,15:11:25.763,5.1600,10
54685763950732,15:11:25.763,5.1600,90
54685763950732,15:11:25.763,5.1600,100
54736506695469,15:12:16.506,5.1500,100
54816919646437,15:13:36.919,5.1400,10
54816919646437,15:13:36.919,5.1400,100
54816919646437,15:13:36.919,5.1400,100
54816919646437,15:13:36.919,5.1400,100
54816919646437,15:13:36.919,5.1400,90
54816919664379,15:13:36.919,5.1400,10
54816919664379,15:13:36.919,5.1400,90
54955730019737,15:15:55.730,5.1450,100
54955732848924,15:15:55.732,5.1500,500
54955732848924,15:15:55.732,5.1500,100
54955732848924,15:15:55.732,5.1500,100
54955736899311,15:15:55.736,5.1600,100
54955736945073,15:15:55.736,5.1600,100
55143227428352,15:19:03.227,5.1700,100
55143227428352,15:19:03.227,5.1700,600
55143227428352,15:19:03.227,5.1700,100
55147086550991,15:19:07.086,5.1800,24
55147087860000,15:19:07.087,5.1800,76
55175728152855,15:19:35.728,5.1900,100
55175728152855,15:19:35.728,5.1900,100
55175728553840,15:19:35.728,5.1900,17
55176342979657,15:19:36.342,5.1900,100
55176665585236,15:19:36.665,5.1900,22
55190877719787,15:19:50.877,5.1900,100
55190877719787,15:19:50.877,5.1900,100
55331793596690,15:22:11.793,5.1800,181
55331793596690,15:22:11.793,5.1800,19
55331793596690,15:22:11.793,5.1800,81
55331793618659,15:22:11.793,5.1800,19
55350435306698,15:22:30.435,5.1700,100
55520820467813,15:25:20.820,5.1900,100
55546116257168,15:25:46.116,5.1900,100
55546116257168,15:25:46.116,5.1900,4
55546116282663,15:25:46.116,5.1900,71
55546116315488,15:25:46.116,5.1900,25
55576414824251,15:26:16.414,5.1800,47
55576414825737,15:26:16.414,5.1800,53
55588633433654,15:26:28.633,5.1800,100
55673108226853,15:27:53.108,5.1800,100
55673108226853,15:27:53.108,5.1800,100
55673290394448,15:27:53.290,5.1800,100
55696837307547,15:28:16.837,5.1800,17
55755474288173,15:29:15.474,5.1800,83
55755474288173,15:29:15.474,5.1800,100
55869665693666,15:31:09.665,5.1600,99
55869666616648,15:31:09.666,5.1600,1
55872535552444,15:31:12.535,5.1600,100
55872535552444,15:31:12.535,5.1600,300
55872535636704,15:31:12.535,5.1600,100
55883606427644,15:31:23.606,5.1700,86
56426620597246,15:40:26.620,5.1600,3
56426620597246,15:40:26.620,5.1600,18
56426620597246,15:40:26.620,5.1600,100
56426620597246,15:40:26.620,5.1600,100
56426620597246,15:40:26.620,5.1600,100
56426926896933,15:40:26.926,5.1500,100
56427023264148,15:40:27.023,5.1450,100
56469639640672,15:41:09.639,5.1450,1
56633355574288,15:43:53.355,5.1450,100
56756717696475,15:45:56.717,5.1500,400
56756717696475,15:45:56.717,5.1500,100
56756717696475,15:45:56.717,5.1500,100
56756717696475,15:45:56.717,5.1500,883
56756717838630,15:45:56.717,5.1500,88
56925381297077,15:48:45.381,5.1500,100
56925381297077,15:48:45.381,5.1500,200
56925381297077,15:48:45.381,5.1500,21
56925381297077,15:48:45.381,5.1500,3
56925381297077,15:48:45.381,5.1500,100
56925381297077,15:48:45.381,5.1500,100
56928822276050,15:48:48.822,5.1400,100
56928822355385,15:48:48.822,5.1400,200
57300958715007,15:55:00.958,5.1400,600
57300958715007,15:55:00.958,5.1400,100
57300958715007,15:55:00.958,5.1400,3
57300958715007,15:55:00.958,5.1400,100
57360693189002,15:56:00.693,5.1500,17
57378491093064,15:56:18.491,5.1450,14
57379680136230,15:56:19.680,5.1450,14
57383577830663,15:56:23.577,5.1450,72
57383577830663,15:56:23.577,5.1450,28
57396804260918,15:56:36.804,5.1450,20
57426769303456,15:57:06.769,5.1450,100
57427379432089,15:57:07.379,5.1450,100
57436054147666,15:57:16.054,5.1450,100
57595754257946,15:59:55.754,5.1400,72
57600762629226,16:00:00.762,0.0000,0
