timestamp,time,price,volume
32341619057667,08:59:01.619,7.1200,7
32804331947876,09:06:44.331,7.1300,1
33417887338221,09:16:57.887,7.1100,500
33417887338221,09:16:57.887,7.1100,237
33417889275797,09:16:57.889,7.1000,500
34020407099110,09:27:00.407,7.0200,100
34200402333913,09:30:00.402,0.0000,0
34253774690315,09:30:53.774,7.1000,9
34253774690315,09:30:53.774,7.1000,91
34338728480123,09:32:18.728,7.0700,70
34338728558856,09:32:18.728,7.0700,56
34339495136595,09:32:19.495,7.0300,100
34339495136595,09:32:19.495,7.0300,70
34351573250473,09:32:31.573,7.1000,35
34390998650957,09:33:10.998,7.0300,100
34403404882528,09:33:23.404,7.0200,6
34442182947507,09:34:02.182,7.0300,100
34456901589974,09:34:16.901,7.0400,100
34459984878921,09:34:19.984,7.0400,100
34482623402229,09:34:42.623,7.0400,100
34484119952472,09:34:44.119,7.0400,30
34492737629970,09:34:52.737,7.0600,70
34492737629970,09:34:52.737,7.0700,100
34492737629970,09:34:52.737,7.0700,30
34492738158205,09:34:52.738,7.0700,70
34492738158205,09:34:52.738,7.0700,30
34492739642124,09:34:52.739,7.0700,100
34492739642124,09:34:52.739,7.0700,100
34500162809643,09:35:00.162,7.0500,100
34574521617496,09:36:14.521,7.0400,4
34636087038068,09:37:16.087,7.0300,100
34643360960587,09:37:23.360,7.0400,53
34669833233231,09:37:49.833,7.0600,5
34669833773670,09:37:49.833,7.0300,25
34681146153276,09:38:01.146,7.0300,20
34681146153276,09:38:01.146,7.0300,80
34717055563110,09:38:37.055,7.0800,177
34747110056907,09:39:07.110,7.0300,200
34803129813263,09:40:03.129,7.0200,200
34803129863598,09:40:03.129,7.0200,100
34803129863598,09:40:03.129,7.0200,100
34803129872943,09:40:03.129,7.0200,100
34803129872943,09:40:03.129,7.0200,100
34803129912234,09:40:03.129,7.0200,200
34803129929840,09:40:03.129,7.0200,100
34803129938469,09:40:03.129,7.0200,81
34803129938469,09:40:03.129,7.0200,100
34803131301141,09:40:03.131,7.0100,100
34803131942942,09:40:03.131,7.0100,100
34803139826503,09:40:03.139,7.0000,100
34803139868464,09:40:03.139,7.0000,400
34803140033859,09:40:03.140,7.0000,100
34803149791942,09:40:03.149,6.9900,195
34803149791942,09:40:03.149,6.9900,100
34803149791942,09:40:03.149,6.9900,100
34803149791942,09:40:03.149,6.9900,100
34803151375979,09:40:03.151,7.0000,100
34811289801725,09:40:11.289,6.9700,100
34811289801725,09:40:11.289,6.9700,100
34835947382811,09:40:35.947,6.9700,200
34842714435843,09:40:42.714,6.9800,100
34842725777861,09:40:42.725,6.9900,200
34842725880491,09:40:42.725,6.9900,400
34842725929213,09:40:42.725,6.9800,100
34842726151570,09:40:42.726,6.9900,100
34842727735728,09:40:42.727,6.9900,100
34842727735728,09:40:42.727,6.9900,100
34842727793767,09:40:42.727,6.9900,100
34842781907274,09:40:42.781,7.0200,100
34842784357517,09:40:42.784,7.0000,100
34864117445573,09:41:04.117,7.0100,200
34872686037497,09:41:12.686,7.0000,100
34872686037497,09:41:12.686,7.0000,15
34872686037497,09:41:12.686,7.0000,85
34872690782164,09:41:12.690,7.0000,300
34872697700999,09:41:12.697,6.9900,200
34872701020297,09:41:12.701,7.0000,100
34872701020297,09:41:12.701,7.0000,100
34884417103270,09:41:24.417,6.9600,400
34884417103270,09:41:24.417,6.9600,100
34884417389329,09:41:24.417,6.9600,100
34926860792031,09:42:06.860,6.9600,200
34926860849193,09:42:06.860,6.9500,100
34926861904614,09:42:06.861,6.9500,100
34926862636956,09:42:06.862,6.9500,100
34949909302550,09:42:29.909,6.9100,400
34949909302550,09:42:29.909,6.9100,100
34951189790693,09:42:31.189,6.9100,100
34952070218096,09:42:32.070,6.9100,100
34980936166775,09:43:00.936,6.9100,100
34987266154717,09:43:07.266,6.9100,100
34989689665843,09:43:09.689,6.9000,18
34989715879031,09:43:09.715,6.8900,2100
34989715879031,09:43:09.715,6.8900,500
34989717645945,09:43:09.717,6.8600,600
34989718515158,09:43:09.718,6.8500,400
34989718515158,09:43:09.718,6.8500,200
34989718515158,09:43:09.718,6.8500,300
34989863456020,09:43:09.863,6.8600,100
35002592773514,09:43:22.592,6.8600,500
35002593133603,09:43:22.593,6.8700,300
35002593133603,09:43:22.593,6.8700,100
35020413992454,09:43:40.413,6.8900,100
35144142625175,09:45:44.142,6.9000,100
35144142625175,09:45:44.142,6.9000,100
35144142947211,09:45:44.142,6.9000,100
35144142956143,09:45:44.142,6.9000,100
35144143047460,09:45:44.143,6.9000,100
35144143047460,09:45:44.143,6.9100,100
35144193361629,09:45:44.193,6.9100,183
35158376579210,09:45:58.376,6.9100,100
35158376579210,09:45:58.376,6.9100,15
35199723202226,09:46:39.723,6.9100,500
35199723202226,09:46:39.723,6.9100,100
35199723356588,09:46:39.723,6.9000,100
35236002782405,09:47:16.002,6.8800,100
35275006300240,09:47:55.006,6.8800,100
35275006673930,09:47:55.006,6.8800,100
35275006673930,09:47:55.006,6.8800,100
35275006673930,09:47:55.006,6.8800,100
35275006673930,09:47:55.006,6.8800,100
35275006673930,09:47:55.006,6.8800,100
35275006673930,09:47:55.006,6.8800,100
35275006673930,09:47:55.006,6.8700,200
35275006673930,09:47:55.006,6.8700,200
35327231290103,09:48:47.231,6.9000,100
35327234539775,09:48:47.234,6.9000,100
35327234539775,09:48:47.234,6.9000,100
35327246650469,09:48:47.246,6.9000,200
35327270124732,09:48:47.270,6.9100,100
35327270124732,09:48:47.270,6.9100,100
35327291513476,09:48:47.291,6.9200,100
35327292269908,09:48:47.292,6.9200,100
35327292627882,09:48:47.292,6.9200,200
35327292627882,09:48:47.292,6.9300,50
35327293579554,09:48:47.293,6.9300,50
35327293579554,09:48:47.293,6.9300,50
35327293579554,09:48:47.293,6.9300,100
35327293764857,09:48:47.293,6.9300,100
35412004277922,09:50:12.004,6.9000,100
35412004277922,09:50:12.004,6.9000,100
35414108936903,09:50:14.108,6.9300,100
35414108936903,09:50:14.108,6.9300,100
35486495200209,09:51:26.495,6.9000,100
35530296995715,09:52:10.296,6.9000,100
35530296995715,09:52:10.296,6.9000,100
35530347508686,09:52:10.347,6.9000,100
35550263590472,09:52:30.263,6.9300,100
35550263590472,09:52:30.263,6.9300,100
35550264134743,09:52:30.264,6.9300,100
35665030810236,09:54:25.030,6.9200,1000
35665031997169,09:54:25.031,6.9100,100
35785144934399,09:56:25.144,6.9000,2500
35785144969704,09:56:25.144,6.9000,2500
35785163405831,09:56:25.163,6.9000,100
35785164761963,09:56:25.164,6.9100,200
35785164761963,09:56:25.164,6.9100,100
35785463584283,09:56:25.463,6.9100,100
35785463584283,09:56:25.463,6.9100,9
35795474477578,09:56:35.474,6.9000,100
35932310724742,09:58:52.310,6.8900,1
35937369531675,09:58:57.369,6.8900,87
35949068785052,09:59:09.068,6.8900,112
35949069089111,09:59:09.069,6.9000,100
35949069091900,09:59:09.069,6.9000,100
35949069133067,09:59:09.069,6.9000,100
35949069207226,09:59:09.069,6.9000,100
35949093578805,09:59:09.093,6.9000,100
35949093578805,09:59:09.093,6.9000,58
35949246022763,09:59:09.246,6.9000,100
35950106725306,09:59:10.106,6.8900,100
35973437627417,09:59:33.437,6.8900,200
36011114025881,10:00:11.114,6.8800,200
36011114449341,10:00:11.114,6.8700,100
36011114675537,10:00:11.114,6.8700,100
36111747967798,10:01:51.747,6.8600,5
36111749176532,10:01:51.749,6.8800,100
36111749176532,10:01:51.749,6.8800,100
36111750865007,10:01:51.750,6.8800,200
36111750911112,10:01:51.750,6.8800,42
36149863048082,10:02:29.863,6.8800,100
36149863110454,10:02:29.863,6.8800,100
36149863172454,10:02:29.863,6.8800,150
36228650221095,10:03:48.650,6.8600,100
36245598005787,10:04:05.598,6.8700,100
36245598127148,10:04:05.598,6.8700,100
36245598901226,10:04:05.598,6.8700,100
36245598901226,10:04:05.598,6.8700,100
36245598901226,10:04:05.598,6.8700,100
36245599430865,10:04:05.599,6.8700,100
36270407190353,10:04:30.407,6.8700,100
36297631626991,10:04:57.631,6.8600,38
36298549136391,10:04:58.549,6.8600,1
36313819750650,10:05:13.819,6.8600,961
36313819750650,10:05:13.819,6.8600,64
36313819756812,10:05:13.819,6.8600,36
36326705782521,10:05:26.705,6.8550,100
36337231004863,10:05:37.231,6.8550,100
36374672945954,10:06:14.672,6.8500,200
36374672945954,10:06:14.672,6.8500,250
36374673072946,10:06:14.673,6.8500,50
36374673072946,10:06:14.673,6.8500,100
36384826012314,10:06:24.826,6.8400,100
36384826012314,10:06:24.826,6.8400,100
36384826081243,10:06:24.826,6.8400,100
36384826081243,10:06:24.826,6.8400,100
36485527213377,10:08:05.527,6.8500,50
36561324718791,10:09:21.324,6.8500,100
36583869780974,10:09:43.869,6.8500,100
36611991784964,10:10:11.991,6.8600,100
36612507920851,10:10:12.507,6.8700,100
36612508103295,10:10:12.508,6.8700,100
36612508222652,10:10:12.508,6.8700,100
36612518563992,10:10:12.518,6.8800,100
36612595713402,10:10:12.595,6.8850,100
36698116209030,10:11:38.116,6.8700,100
36706093697153,10:11:46.093,6.8900,100
36782000988345,10:13:02.000,6.8900,100
36782000988345,10:13:02.000,6.8900,100
36782000988345,10:13:02.000,6.8900,100
36785436038977,10:13:05.436,6.9000,100
36785437079297,10:13:05.437,6.9100,100
36785437118020,10:13:05.437,6.9100,100
36785437118020,10:13:05.437,6.9100,100
36825743463538,10:13:45.743,6.9000,100
36825743621485,10:13:45.743,6.9000,100
36846409616542,10:14:06.409,6.8900,100
36846411286077,10:14:06.411,6.9100,100
36901108643745,10:15:01.108,6.8950,100
36901116020710,10:15:01.116,6.9000,100
36910008006080,10:15:10.008,6.9100,300
36934266993665,10:15:34.266,6.9100,74
37039594129648,10:17:19.594,6.9050,100
37039594129648,10:17:19.594,6.9000,377
37039594393645,10:17:19.594,6.9000,23
37039594393645,10:17:19.594,6.9000,100
37039594393645,10:17:19.594,6.9000,100
37039594646113,10:17:19.594,6.9000,100
37039594671193,10:17:19.594,6.9000,100
37087413873015,10:18:07.413,6.8900,100
37301414036363,10:21:41.414,6.9000,200
37301414468281,10:21:41.414,6.9100,100
37517087755134,10:25:17.087,6.8600,300
37535455121418,10:25:35.455,6.8550,100
37535455121418,10:25:35.455,6.8600,14
37535455121418,10:25:35.455,6.8600,100
37535455121418,10:25:35.455,6.8600,100
37535455284653,10:25:35.455,6.8600,100
37577988529746,10:26:17.988,6.8600,100
37637150482473,10:27:17.150,6.8700,100
37637150482473,10:27:17.150,6.8700,100
37637150482473,10:27:17.150,6.8700,100
37690152363410,10:28:10.152,6.8700,6
37718001745537,10:28:38.001,6.8650,100
37737498039155,10:28:57.498,6.8700,100
37737498093173,10:28:57.498,6.8700,100
37756404221037,10:29:16.404,6.8750,50
37795089170218,10:29:55.089,6.8750,10
37803674449522,10:30:03.674,6.8750,55
37855714209838,10:30:55.714,6.8750,11
37863533684812,10:31:03.533,6.8800,100
37863606220682,10:31:03.606,6.8850,34
37874354640696,10:31:14.354,6.8800,100
37874355345453,10:31:14.355,6.8800,100
37874389347638,10:31:14.389,6.8800,100
37885849006953,10:31:25.849,6.8800,100
37923104049626,10:32:03.104,6.8800,300
37923104104469,10:32:03.104,6.8800,100
37923104146736,10:32:03.104,6.8800,100
37923104283772,10:32:03.104,6.8800,100
37975758234056,10:32:55.758,6.8850,7
37984082079965,10:33:04.082,6.8950,69
37999013436805,10:33:19.013,6.9000,400
37999013436805,10:33:19.013,6.9000,100
38001744212774,10:33:21.744,6.9100,100
38001744212774,10:33:21.744,6.9100,100
38012556516087,10:33:32.556,6.9100,22
38022268424727,10:33:42.268,6.9100,78
38022269735340,10:33:42.269,6.9200,100
38022269735340,10:33:42.269,6.9200,100
38022269735340,10:33:42.269,6.9200,22
38022271563861,10:33:42.271,6.9200,78
38022274557050,10:33:42.274,6.9250,100
38035116287118,10:33:55.116,6.9300,8
38048004195726,10:34:08.004,6.9400,100
38048004195726,10:34:08.004,6.9400,100
38063016067937,10:34:23.016,6.9400,100
38066254996218,10:34:26.254,6.9400,100
38066254996218,10:34:26.254,6.9500,100
38066254996218,10:34:26.254,6.9500,100
38066254996218,10:34:26.254,6.9500,100
38066255142322,10:34:26.255,6.9500,100
38086882173546,10:34:46.882,6.9500,100
38107021876880,10:35:07.021,6.9400,100
38107021998910,10:35:07.021,6.9400,100
38107022047909,10:35:07.022,6.9400,100
38107023029331,10:35:07.023,6.9400,100
38107023251165,10:35:07.023,6.9400,100
38107024298188,10:35:07.024,6.9400,100
38178114221269,10:36:18.114,6.9600,100
38178114221269,10:36:18.114,6.9600,100
38178114678962,10:36:18.114,6.9600,100
38178114678962,10:36:18.114,6.9600,100
38221751646614,10:37:01.751,6.9700,100
38221751690821,10:37:01.751,6.9700,100
38343095099500,10:39:03.095,6.9500,100
38343095099500,10:39:03.095,6.9500,100
38343095099500,10:39:03.095,6.9500,100
38343095179404,10:39:03.095,6.9500,100
38343095239424,10:39:03.095,6.9500,100
38343095383628,10:39:03.095,6.9500,100
38343095910449,10:39:03.095,6.9500,100
38343095910449,10:39:03.095,6.9500,200
38343095956368,10:39:03.095,6.9500,100
38343096588414,10:39:03.096,6.9500,100
38343097908322,10:39:03.097,6.9500,100
38361686537664,10:39:21.686,6.9500,100
38362574276109,10:39:22.574,6.9500,100
38393149259009,10:39:53.149,6.9500,5
38455483384156,10:40:55.483,6.9600,100
38455483384156,10:40:55.483,6.9600,100
38466415214759,10:41:06.415,6.9600,100
38556148597986,10:42:36.148,6.9500,100
38556148597986,10:42:36.148,6.9500,100
38556148622994,10:42:36.148,6.9500,100
38556148622994,10:42:36.148,6.9500,100
38556148704512,10:42:36.148,6.9500,100
38556148704512,10:42:36.148,6.9500,100
38623991109147,10:43:43.991,6.9400,1
38793609137804,10:46:33.609,6.9600,5
38793609137804,10:46:33.609,6.9600,100
38793609137804,10:46:33.609,6.9600,100
38793611548974,10:46:33.611,6.9600,100
38829515725523,10:47:09.515,6.9600,100
38833333987100,10:47:13.333,6.9600,100
38833333987100,10:47:13.333,6.9600,100
39240026484985,10:54:00.026,6.9500,1
39240027277052,10:54:00.027,6.9500,99
39240027277052,10:54:00.027,6.9500,100
39240027277052,10:54:00.027,6.9500,200
39240027277052,10:54:00.027,6.9500,300
39240027277052,10:54:00.027,6.9500,100
39240027277052,10:54:00.027,6.9500,100
39240027306147,10:54:00.027,6.9500,200
39240027311137,10:54:00.027,6.9500,100
39240027311137,10:54:00.027,6.9500,100
39240027318532,10:54:00.027,6.9500,100
39240032170793,10:54:00.032,6.9500,100
39240032170793,10:54:00.032,6.9500,100
39240032170793,10:54:00.032,6.9500,200
39240032170793,10:54:00.032,6.9500,100
39240032266876,10:54:00.032,6.9500,100
39240033018574,10:54:00.033,6.9600,100
39240033018574,10:54:00.033,6.9600,100
39243614697646,10:54:03.614,6.9500,200
39733336479212,11:02:13.336,6.9600,100
39733343320502,11:02:13.343,6.9700,100
39733343320502,11:02:13.343,6.9700,800
39733343645739,11:02:13.343,6.9700,100
39754432990198,11:02:34.432,6.9700,100
39754433065653,11:02:34.433,6.9700,100
39757212918148,11:02:37.212,6.9700,200
39757213536942,11:02:37.213,6.9700,100
39771191632606,11:02:51.191,6.9700,100
39856199762566,11:04:16.199,6.9700,1
39856200848323,11:04:16.200,6.9700,99
39856200848323,11:04:16.200,6.9700,1
39856201075571,11:04:16.201,6.9700,40
39856201128416,11:04:16.201,6.9600,18
39856201132247,11:04:16.201,6.9600,82
39856201132247,11:04:16.201,6.9600,100
39856202994241,11:04:16.202,6.9600,100
39856700011941,11:04:16.700,6.9600,100
39863178266265,11:04:23.178,6.9600,100
39863181658164,11:04:23.181,6.9700,100
39872253618336,11:04:32.253,6.9800,100
39880412449943,11:04:40.412,6.9850,100
39893958002199,11:04:53.958,6.9850,100
39904017420767,11:05:04.017,6.9800,100
39904017557608,11:05:04.017,6.9800,100
39904017557608,11:05:04.017,6.9800,100
39904017588599,11:05:04.017,6.9800,53
40050986422581,11:07:30.986,6.9700,100
40050986456380,11:07:30.986,6.9700,100
40050986526860,11:07:30.986,6.9700,100
40050986580488,11:07:30.986,6.9700,100
40120031677103,11:08:40.031,6.9700,1
40120031677103,11:08:40.031,6.9700,99
40120031677890,11:08:40.031,6.9700,101
40120032190366,11:08:40.032,6.9700,97
40120032190366,11:08:40.032,6.9700,3
40120032191166,11:08:40.032,6.9700,97
40325971110027,11:12:05.971,6.9700,100
40325971110027,11:12:05.971,6.9700,100
40325971110027,11:12:05.971,6.9700,100
40325971794640,11:12:05.971,6.9600,100
40325972253694,11:12:05.972,6.9600,100
40399324721391,11:13:19.324,6.9600,100
40399324866604,11:13:19.324,6.9600,100
40399376026417,11:13:19.376,6.9600,100
40399377538157,11:13:19.377,6.9600,45
40399377538157,11:13:19.377,6.9600,55
40465466620193,11:14:25.466,6.9500,1
40950733196592,11:22:30.733,6.9500,100
40950733216566,11:22:30.733,6.9500,100
40950734146602,11:22:30.734,6.9400,100
40950734146602,11:22:30.734,6.9400,100
40950734748352,11:22:30.734,6.9300,80
40950734825982,11:22:30.734,6.9300,70
41056514198677,11:24:16.514,6.9000,1
41056514198677,11:24:16.514,6.9000,59
41065146959438,11:24:25.146,6.9000,41
41065146959438,11:24:25.146,6.9000,59
41065971857733,11:24:25.971,6.9000,41
41065971857733,11:24:25.971,6.9000,59
41065972603378,11:24:25.972,6.9000,41
41099601910857,11:24:59.601,6.8900,100
41100658010592,11:25:00.658,6.8900,100
41381234511716,11:29:41.234,6.9000,18
41381234511716,11:29:41.234,6.9000,100
41381234511716,11:29:41.234,6.9000,100
41381234511716,11:29:41.234,6.9000,82
41382791927231,11:29:42.791,6.9000,18
41382791927231,11:29:42.791,6.9000,100
41382791927231,11:29:42.791,6.9000,82
41382792039050,11:29:42.792,6.9000,18
41382802261102,11:29:42.802,6.9100,100
41383974346655,11:29:43.974,6.9200,100
41383974935431,11:29:43.974,6.9200,100
41383976050834,11:29:43.976,6.9300,100
41386300264727,11:29:46.300,6.9300,300
41386300704544,11:29:46.300,6.9300,400
41394260410107,11:29:54.260,6.9350,100
41447516774426,11:30:47.516,6.9300,100
41447516774426,11:30:47.516,6.9300,100
41447516774426,11:30:47.516,6.9300,200
41447516880770,11:30:47.516,6.9300,100
41447516880770,11:30:47.516,6.9300,100
41447518346247,11:30:47.518,6.9200,100
41449926128868,11:30:49.926,6.9200,100
41449926128868,11:30:49.926,6.9200,200
41520839379130,11:32:00.839,6.9100,100
41604855975523,11:33:24.855,6.9100,35
41657636473236,11:34:17.636,6.9100,100
41657636473236,11:34:17.636,6.9100,100
41657636600454,11:34:17.636,6.9100,55
41657636600454,11:34:17.636,6.9100,100
41849982724275,11:37:29.982,6.9100,32
41849982746846,11:37:29.982,6.9100,68
41849982746846,11:37:29.982,6.9100,32
41849982872780,11:37:29.982,6.9100,48
41849982880781,11:37:29.982,6.9100,20
41849982880781,11:37:29.982,6.9100,32
41849982884799,11:37:29.982,6.9100,68
42021738506414,11:40:21.738,6.9100,100
42021738506414,11:40:21.738,6.9100,100
42021738941329,11:40:21.738,6.9100,49
42021739007328,11:40:21.739,6.9100,100
42284003652211,11:44:44.003,6.9100,100
42284003652211,11:44:44.003,6.9100,100
42284004185275,11:44:44.004,6.9100,100
42284014213092,11:44:44.014,6.9200,100
42284014213092,11:44:44.014,6.9200,100
42284014213092,11:44:44.014,6.9200,100
42284014666238,11:44:44.014,6.9200,100
42284014990691,11:44:44.014,6.9200,100
42284016119258,11:44:44.016,6.9200,40
42578164487766,11:49:38.164,6.9300,18
42578164487766,11:49:38.164,6.9300,29
42729517591186,11:52:09.517,6.9400,100
42729517591186,11:52:09.517,6.9400,100
42729548561379,11:52:09.548,6.9400,100
42757923793463,11:52:37.923,6.9450,200
42757924229585,11:52:37.924,6.9450,200
42757924229585,11:52:37.924,6.9400,25
42757924334978,11:52:37.924,6.9400,75
42757924334978,11:52:37.924,6.9400,100
42757924334978,11:52:37.924,6.9400,9
42757924357606,11:52:37.924,6.9400,16
42757924357606,11:52:37.924,6.9400,184
42757924368066,11:52:37.924,6.9400,16
42757925017421,11:52:37.925,6.9300,100
42757925017421,11:52:37.925,6.9300,100
42757925099990,11:52:37.925,6.9300,100
42781655562173,11:53:01.655,6.9300,100
42781655789270,11:53:01.655,6.9300,100
42781655848348,11:53:01.655,6.9300,100
42781656379305,11:53:01.656,6.9300,100
42963565319286,11:56:03.565,6.9400,100
42963565989362,11:56:03.565,6.9400,47
42963565989362,11:56:03.565,6.9400,71
43075686701529,11:57:55.686,6.9400,100
43075686701529,11:57:55.686,6.9400,100
43075686701529,11:57:55.686,6.9400,100
43075686741669,11:57:55.686,6.9400,100
43075686741669,11:57:55.686,6.9400,200
43075686772559,11:57:55.686,6.9400,100
43075686977469,11:57:55.686,6.9400,40
43075686990351,11:57:55.686,6.9400,60
43075694184646,11:57:55.694,6.9400,155
43075694184646,11:57:55.694,6.9400,100
43075694184646,11:57:55.694,6.9400,100
43075694184646,11:57:55.694,6.9400,45
43077277066574,11:57:57.277,6.9500,100
43077277066574,11:57:57.277,6.9500,100
43077277066574,11:57:57.277,6.9500,100
43212386916609,12:00:12.386,6.9500,338
43212386951576,12:00:12.386,6.9500,62
43212386951576,12:00:12.386,6.9500,38
43212386972434,12:00:12.386,6.9500,7
43212387001878,12:00:12.387,6.9500,55
43339006184195,12:02:19.006,6.9600,54
43375477191848,12:02:55.477,6.9600,100
43375477191848,12:02:55.477,6.9600,100
43375477191848,12:02:55.477,6.9600,100
43389356314189,12:03:09.356,6.9600,100
43389356314189,12:03:09.356,6.9600,20
43526398721081,12:05:26.398,6.9500,100
43526398721081,12:05:26.398,6.9500,10
43526398957810,12:05:26.398,6.9500,90
43526398957810,12:05:26.398,6.9500,100
43526399005997,12:05:26.399,6.9500,100
43526399082428,12:05:26.399,6.9500,100
43526402112757,12:05:26.402,6.9500,100
43526850262301,12:05:26.850,6.9500,100
43598990613740,12:06:38.990,6.9500,100
43598990659072,12:06:38.990,6.9500,300
43711746600991,12:08:31.746,6.9500,100
43711746600991,12:08:31.746,6.9500,100
43711746657773,12:08:31.746,6.9500,100
43717548465496,12:08:37.548,6.9400,100
43717548465496,12:08:37.548,6.9400,100
43717548465496,12:08:37.548,6.9400,50
43804229402006,12:10:04.229,6.9400,50
43804229402006,12:10:04.229,6.9400,100
43804229402006,12:10:04.229,6.9400,100
43804229402006,12:10:04.229,6.9400,17
43804229970915,12:10:04.229,6.9400,83
43804229970915,12:10:04.229,6.9400,100
43804229970915,12:10:04.229,6.9400,100
43804229970915,12:10:04.229,6.9400,100
43804229970915,12:10:04.229,6.9400,9
43804263565509,12:10:04.263,6.9400,100
43804263565509,12:10:04.263,6.9400,59
43820365259814,12:10:20.365,6.9500,400
43820365259814,12:10:20.365,6.9500,100
43890444857674,12:11:30.444,6.9600,100
43923997902305,12:12:03.997,6.9600,160
43923997902305,12:12:03.997,6.9600,300
44144280617360,12:15:44.280,6.9500,70
44144280625019,12:15:44.280,6.9500,30
44144280625019,12:15:44.280,6.9500,100
44144280625019,12:15:44.280,6.9500,100
44144280711339,12:15:44.280,6.9500,6
44144280756027,12:15:44.280,6.9500,94
44164170801114,12:16:04.170,6.9400,100
44164170849988,12:16:04.170,6.9400,100
44191859656756,12:16:31.859,6.9400,200
44191859656756,12:16:31.859,6.9400,100
44191859656756,12:16:31.859,6.9400,60
44191859664282,12:16:31.859,6.9400,40
44191859664282,12:16:31.859,6.9400,100
44215339068904,12:16:55.339,6.9500,100
44215339105333,12:16:55.339,6.9500,100
44337689622361,12:18:57.689,6.9500,100
44337689622361,12:18:57.689,6.9500,100
44337785664727,12:18:57.785,6.9400,1
44356938117781,12:19:16.938,6.9400,99
44356938117781,12:19:16.938,6.9400,1
44356938354749,12:19:16.938,6.9400,99
44356938354749,12:19:16.938,6.9400,200
44356938354749,12:19:16.938,6.9400,18
44356938357609,12:19:16.938,6.9400,82
44356947049831,12:19:16.947,6.9400,200
44362564968223,12:19:22.564,6.9500,16
44362564968223,12:19:22.564,6.9500,84
44364162238064,12:19:24.162,6.9400,100
44412597987881,12:20:12.597,6.9500,30
44457687424645,12:20:57.687,6.9500,100
44457687504552,12:20:57.687,6.9500,70
44457706216370,12:20:57.706,6.9500,100
44457706216370,12:20:57.706,6.9500,100
44457706216370,12:20:57.706,6.9500,100
44511740231362,12:21:51.740,6.9500,100
44511740231362,12:21:51.740,6.9500,100
44511741141591,12:21:51.741,6.9500,100
44511741225238,12:21:51.741,6.9500,1
44511741273382,12:21:51.741,6.9500,99
44525491857583,12:22:05.491,6.9400,100
44525491857583,12:22:05.491,6.9400,68
44541069149589,12:22:21.069,6.9500,100
44541069149589,12:22:21.069,6.9500,100
44801004454401,12:26:41.004,6.9600,20
44801004454401,12:26:41.004,6.9600,100
44852012069853,12:27:32.012,6.9600,100
44852012741847,12:27:32.012,6.9600,100
44852012741847,12:27:32.012,6.9600,100
44852012741847,12:27:32.012,6.9600,100
45208004255158,12:33:28.004,6.9600,200
45208004258317,12:33:28.004,6.9600,200
45208004280531,12:33:28.004,6.9600,200
45208004293307,12:33:28.004,6.9600,100
45208004462450,12:33:28.004,6.9600,100
45208005015524,12:33:28.005,6.9600,97
45208005015524,12:33:28.005,6.9600,3
45235502957408,12:33:55.502,6.9550,10
45273165805265,12:34:33.165,6.9600,100
45273165805265,12:34:33.165,6.9600,22
45273167048236,12:34:33.167,6.9700,100
45273167048236,12:34:33.167,6.9700,200
45273167048236,12:34:33.167,6.9700,100
45273167048236,12:34:33.167,6.9700,100
45273167048236,12:34:33.167,6.9700,100
45273167048236,12:34:33.167,6.9700,100
45273167048236,12:34:33.167,6.9700,30
45273172601488,12:34:33.172,6.9800,4
45273173029208,12:34:33.173,6.9800,96
45273203693392,12:34:33.203,6.9600,100
45273203693392,12:34:33.203,6.9600,100
45273300047776,12:34:33.300,6.9600,200
45295378076200,12:34:55.378,6.9500,100
45295378076200,12:34:55.378,6.9500,100
45295378076200,12:34:55.378,6.9500,200
45295378076200,12:34:55.378,6.9500,100
45295379698630,12:34:55.379,6.9400,32
45295379698630,12:34:55.379,6.9400,100
45295379698630,12:34:55.379,6.9400,68
45295379766058,12:34:55.379,6.9400,32
45295379766058,12:34:55.379,6.9400,100
45295380627059,12:34:55.380,6.9400,99
45372128959205,12:36:12.128,6.9400,100
45372129192878,12:36:12.129,6.9400,100
45372130451182,12:36:12.130,6.9400,100
45372644510440,12:36:12.644,6.9400,100
45674271170778,12:41:14.271,6.9400,100
45674271515725,12:41:14.271,6.9400,296
45674271515725,12:41:14.271,6.9400,100
45857031336668,12:44:17.031,6.9300,100
45857031336668,12:44:17.031,6.9300,100
45857031336668,12:44:17.031,6.9300,100
45857031336668,12:44:17.031,6.9300,93
45857031339008,12:44:17.031,6.9300,7
45857031339008,12:44:17.031,6.9300,100
45857031339008,12:44:17.031,6.9300,100
45857031876558,12:44:17.031,6.9200,100
45857037700842,12:44:17.037,6.9200,380
45857037700842,12:44:17.037,6.9200,100
45857037700842,12:44:17.037,6.9200,20
45867788541481,12:44:27.788,6.9200,80
45934996188930,12:45:34.996,6.9100,200
45934996240168,12:45:34.996,6.9100,200
45934996255127,12:45:34.996,6.9100,200
46015411525323,12:46:55.411,6.9100,53
46015411563842,12:46:55.411,6.9100,47
46015411563842,12:46:55.411,6.9100,53
46015411773859,12:46:55.411,6.9100,47
46015411773859,12:46:55.411,6.9100,53
46015412002127,12:46:55.412,6.9100,47
46015412002127,12:46:55.412,6.9100,53
46015412099538,12:46:55.412,6.9100,100
46015635457210,12:46:55.635,6.9100,47
46124393361534,12:48:44.393,6.9050,500
46124393447541,12:48:44.393,6.9050,100
46124393447541,12:48:44.393,6.9000,100
46124393447541,12:48:44.393,6.9000,5
46124393447541,12:48:44.393,6.9000,4
46124393455430,12:48:44.393,6.9000,154
46124393464517,12:48:44.393,6.9000,142
46124393464517,12:48:44.393,6.9000,13
46124393983568,12:48:44.393,6.9000,87
46124393983568,12:48:44.393,6.9000,100
46124393983568,12:48:44.393,6.9000,100
46124395538874,12:48:44.395,6.9000,200
46124395538874,12:48:44.395,6.9000,100
46124395538874,12:48:44.395,6.9000,23
46124395538874,12:48:44.395,6.9000,137
46124395538874,12:48:44.395,6.9000,100
46124399899900,12:48:44.399,6.9000,99
46125815769053,12:48:45.815,6.9050,577
46125816372457,12:48:45.816,6.9050,300
46125816473287,12:48:45.816,6.9050,200
46135416521485,12:48:55.416,6.9050,300
46258709345461,12:50:58.709,6.9100,200
46258709345461,12:50:58.709,6.9100,100
46400836976293,12:53:20.836,6.9200,100
46470316343715,12:54:30.316,6.9200,100
46470316343715,12:54:30.316,6.9200,100
46470316343715,12:54:30.316,6.9200,100
46481166344836,12:54:41.166,6.9250,100
46481166344836,12:54:41.166,6.9200,100
46481167209339,12:54:41.167,6.9200,200
46541465005299,12:55:41.465,6.9200,100
46541465005299,12:55:41.465,6.9200,100
46578583491149,12:56:18.583,6.9200,10
46578583491149,12:56:18.583,6.9200,100
46578583491149,12:56:18.583,6.9200,100
46578583491149,12:56:18.583,6.9200,90
46578583948594,12:56:18.583,6.9200,10
46654158664530,12:57:34.158,6.9300,100
46654159115794,12:57:34.159,6.9300,100
46654159163731,12:57:34.159,6.9300,100
46654258806475,12:57:34.258,6.9300,30
46818570499334,13:00:18.570,6.9350,46
46977502476738,13:02:57.502,6.9300,200
46977502476738,13:02:57.502,6.9300,100
46977502476738,13:02:57.502,6.9300,100
46977502551781,13:02:57.502,6.9300,100
46977502599776,13:02:57.502,6.9300,100
46977502660300,13:02:57.502,6.9300,100
46977502716658,13:02:57.502,6.9300,100
46977502760145,13:02:57.502,6.9300,100
46977502766549,13:02:57.502,6.9300,100
46977503135641,13:02:57.503,6.9300,100
46977503683379,13:02:57.503,6.9300,100
47037722393841,13:03:57.722,6.9200,100
47037722393841,13:03:57.722,6.9200,100
47037722393841,13:03:57.722,6.9200,100
47037722518813,13:03:57.722,6.9200,100
47037722518813,13:03:57.722,6.9200,100
47037722518813,13:03:57.722,6.9200,100
47037722949133,13:03:57.722,6.9200,95
47037722949133,13:03:57.722,6.9200,100
47037722949133,13:03:57.722,6.9200,5
47037722969874,13:03:57.722,6.9200,95
47037722969874,13:03:57.722,6.9200,100
47037722969874,13:03:57.722,6.9200,100
47041261884635,13:04:01.261,6.9200,100
47058680160966,13:04:18.680,6.9200,100
47058680160966,13:04:18.680,6.9200,100
47058680160966,13:04:18.680,6.9200,200
47058680160966,13:04:18.680,6.9200,100
47058696417198,13:04:18.696,6.9300,100
47151374939498,13:05:51.374,6.9400,100
47151375694880,13:05:51.375,6.9400,100
47154258552149,13:05:54.258,6.9400,100
47198559986705,13:06:38.559,6.9500,100
47198560154721,13:06:38.560,6.9500,52
47198560154721,13:06:38.560,6.9500,6
47198560154721,13:06:38.560,6.9500,200
47198560154721,13:06:38.560,6.9500,100
47282472021300,13:08:02.472,6.9500,34
47282472021300,13:08:02.472,6.9500,66
47282472021300,13:08:02.472,6.9500,100
47282472021300,13:08:02.472,6.9500,200
47282472021300,13:08:02.472,6.9500,78
47282472026523,13:08:02.472,6.9500,122
47282472026523,13:08:02.472,6.9500,23
47282472038457,13:08:02.472,6.9500,77
47294655217734,13:08:14.655,6.9400,100
47294655217734,13:08:14.655,6.9400,100
47340400915385,13:09:00.400,6.9400,1
47355893099461,13:09:15.893,6.9500,49
47355893099461,13:09:15.893,6.9500,51
47397370867582,13:09:57.370,6.9500,100
47397370939780,13:09:57.370,6.9500,100
47397867730951,13:09:57.867,6.9500,100
47397867730951,13:09:57.867,6.9500,100
47458381214526,13:10:58.381,6.9500,100
47522557087635,13:12:02.557,6.9400,99
47522557087635,13:12:02.557,6.9400,100
47522557087635,13:12:02.557,6.9400,100
47522557087635,13:12:02.557,6.9400,1
47537548712112,13:12:17.548,6.9400,99
47537548712112,13:12:17.548,6.9400,1
47572197415026,13:12:52.197,6.9400,99
47572197415026,13:12:52.197,6.9400,1
47575876955921,13:12:55.876,6.9400,24
47587885553311,13:13:07.885,6.9400,1
47587902497868,13:13:07.902,6.9400,35
47778240077704,13:16:18.240,6.9300,100
47778240077704,13:16:18.240,6.9300,100
47778240077704,13:16:18.240,6.9300,200
47778240077704,13:16:18.240,6.9300,100
47842129126902,13:17:22.129,6.9400,700
47842129753773,13:17:22.129,6.9400,57
47997134091866,13:19:57.134,6.9400,100
48222384589681,13:23:42.384,6.9400,10
48222388427352,13:23:42.388,6.9450,200
48248500095516,13:24:08.500,6.9400,100
48425621224197,13:27:05.621,6.9400,82
48425621224197,13:27:05.621,6.9400,100
48425621224197,13:27:05.621,6.9400,18
48425621275243,13:27:05.621,6.9400,82
48425621275243,13:27:05.621,6.9400,18
48425621329715,13:27:05.621,6.9400,82
48425621329715,13:27:05.621,6.9400,18
48425621440101,13:27:05.621,6.9400,10
48425621716999,13:27:05.621,6.9400,72
48425621716999,13:27:05.621,6.9400,28
48499964107694,13:28:19.964,6.9400,24
48499964107694,13:28:19.964,6.9400,76
48499964736541,13:28:19.964,6.9400,24
48499964736541,13:28:19.964,6.9400,76
48665481422988,13:31:05.481,6.9400,25
48727659111795,13:32:07.659,6.9400,10
48727659304613,13:32:07.659,6.9400,90
48727659304613,13:32:07.659,6.9400,100
48727659304613,13:32:07.659,6.9400,100
48727659304613,13:32:07.659,6.9400,10
48727659341998,13:32:07.659,6.9400,26
48727659350881,13:32:07.659,6.9400,64
48727659350881,13:32:07.659,6.9400,69
48727659351622,13:32:07.659,6.9400,31
48727659351622,13:32:07.659,6.9400,100
48736277622206,13:32:16.277,6.9300,100
48787759674055,13:33:07.759,6.9300,1
48797788093502,13:33:17.788,6.9300,13
48827783056022,13:33:47.783,6.9300,70
48842577650802,13:34:02.577,6.9300,116
48842577650802,13:34:02.577,6.9300,100
48842577650802,13:34:02.577,6.9300,100
48930524212147,13:35:30.524,6.9300,100
48930524212147,13:35:30.524,6.9300,100
48930524212147,13:35:30.524,6.9300,100
48930524212147,13:35:30.524,6.9300,100
48930525137081,13:35:30.525,6.9400,100
48930525246282,13:35:30.525,6.9400,40
48930525408906,13:35:30.525,6.9400,10
48984786923979,13:36:24.786,6.9300,1
49048878202269,13:37:28.878,6.9300,16
49080015471261,13:38:00.015,6.9350,2
49080024270123,13:38:00.024,6.9350,1
49095546796033,13:38:15.546,6.9400,200
49095546858908,13:38:15.546,6.9400,200
49095591672897,13:38:15.591,6.9450,100
49275848548015,13:41:15.848,6.9300,17
49354004342525,13:42:34.004,6.9400,10
49471884708427,13:44:31.884,6.9300,83
49605788210153,13:46:45.788,6.9300,10
49663501240826,13:47:43.501,6.9300,27
49663501240826,13:47:43.501,6.9300,25
49663501254247,13:47:43.501,6.9300,75
49663501254247,13:47:43.501,6.9300,53
49663501255839,13:47:43.501,6.9300,47
49663501255839,13:47:43.501,6.9300,100
49663501255839,13:47:43.501,6.9300,180
49663501464926,13:47:43.501,6.9300,100
49663501464926,13:47:43.501,6.9300,100
49663501464926,13:47:43.501,6.9300,20
49757324903410,13:49:17.324,6.9200,100
49757324903410,13:49:17.324,6.9200,100
49757325669659,13:49:17.325,6.9200,100
49757325669659,13:49:17.325,6.9200,100
49757326269829,13:49:17.326,6.9200,100
49757326269829,13:49:17.326,6.9200,90
49797681357362,13:49:57.681,6.9100,1
49827161889402,13:50:27.161,6.9150,100
49827161889402,13:50:27.161,6.9200,400
49827161889402,13:50:27.161,6.9200,100
49827161963280,13:50:27.161,6.9200,100
49827163057081,13:50:27.163,6.9300,100
49827163057081,13:50:27.163,6.9300,100
49827163533648,13:50:27.163,6.9300,100
49827172052686,13:50:27.172,6.9300,10
49831015599205,13:50:31.015,6.9250,10
49864152292241,13:51:04.152,6.9300,100
49864153327701,13:51:04.153,6.9300,200
49864153327701,13:51:04.153,6.9300,100
49864153327701,13:51:04.153,6.9300,100
49867184556920,13:51:07.184,6.9300,3
50035201470076,13:53:55.201,6.9350,62
50044411181279,13:54:04.411,6.9300,290
50044411181279,13:54:04.411,6.9300,100
50053071102137,13:54:13.071,6.9200,17
50103301912232,13:55:03.301,6.9300,100
50269696493839,13:57:49.696,6.9200,10
50279063152214,13:57:59.063,6.9200,16
50402713539559,14:00:02.713,6.9200,57
50402713539559,14:00:02.713,6.9200,100
50402713539559,14:00:02.713,6.9200,100
50402713539559,14:00:02.713,6.9200,100
50402713539559,14:00:02.713,6.9200,34
50402713541778,14:00:02.713,6.9200,66
50402714176673,14:00:02.714,6.9200,100
50402715093115,14:00:02.715,6.9200,100
50520757800751,14:02:00.757,6.9200,80
50520757812478,14:02:00.757,6.9200,20
50520757812478,14:02:00.757,6.9200,100
50520757812478,14:02:00.757,6.9200,100
50520757812478,14:02:00.757,6.9200,100
50520758411556,14:02:00.758,6.9200,73
50520758411556,14:02:00.758,6.9200,27
50520764520579,14:02:00.764,6.9200,73
50530436777385,14:02:10.436,6.9200,100
50530445482548,14:02:10.445,6.9200,100
50537842922515,14:02:17.842,6.9200,100
50537842922515,14:02:17.842,6.9200,100
50537842922515,14:02:17.842,6.9200,100
50537843027185,14:02:17.843,6.9200,100
50537941558251,14:02:17.941,6.9200,100
50633249894924,14:03:53.249,6.9300,100
50633249894924,14:03:53.249,6.9300,800
50633249894924,14:03:53.249,6.9300,100
50633250040915,14:03:53.250,6.9300,100
50636099286086,14:03:56.099,6.9500,100
50759010732643,14:05:59.010,6.9550,6
50760652366864,14:06:00.652,6.9600,100
50760652366864,14:06:00.652,6.9600,100
50760652417636,14:06:00.652,6.9600,200
50760654325609,14:06:00.654,6.9600,100
50760654325609,14:06:00.654,6.9600,100
50760654831954,14:06:00.654,6.9600,100
50772694833988,14:06:12.694,6.9500,199
50772694833988,14:06:12.694,6.9500,100
50772694833988,14:06:12.694,6.9500,100
50772694878775,14:06:12.694,6.9500,100
50772694878775,14:06:12.694,6.9500,299
50772695036185,14:06:12.695,6.9500,1
50781434969296,14:06:21.434,6.9500,100
50781434969296,14:06:21.434,6.9500,100
50781435046065,14:06:21.435,6.9500,100
50781439909274,14:06:21.439,6.9500,100
50784015478115,14:06:24.015,6.9500,4
50868954862227,14:07:48.954,6.9550,73
50868954862227,14:07:48.954,6.9550,27
50965739876316,14:09:25.739,6.9500,100
50965739876316,14:09:25.739,6.9500,100
50965739937962,14:09:25.739,6.9500,10
50965739951288,14:09:25.739,6.9500,90
50965739951288,14:09:25.739,6.9500,29
50965739964740,14:09:25.739,6.9500,67
50965740158297,14:09:25.740,6.9500,19
50965740177843,14:09:25.740,6.9500,81
50965741252535,14:09:25.741,6.9400,10
50976184959119,14:09:36.184,6.9400,17
50976194889301,14:09:36.194,6.9400,83
50976194889301,14:09:36.194,6.9400,17
50976196143556,14:09:36.196,6.9400,83
50976196143556,14:09:36.196,6.9400,17
50996681247399,14:09:56.681,6.9400,83
50996681247399,14:09:56.681,6.9400,100
50996681247399,14:09:56.681,6.9400,100
50996681247399,14:09:56.681,6.9400,100
50996681247399,14:09:56.681,6.9400,17
51008689481804,14:10:08.689,6.9400,83
51008689481804,14:10:08.689,6.9400,17
51011013696030,14:10:11.013,6.9400,8
51038835155390,14:10:38.835,6.9400,21
51066086279428,14:11:06.086,6.9400,100
51066086672067,14:11:06.086,6.9400,50
51068875206472,14:11:08.875,6.9500,100
51068875998294,14:11:08.875,6.9600,100
51068875998294,14:11:08.875,6.9600,19
51068876614654,14:11:08.876,6.9600,100
51068932933178,14:11:08.932,6.9600,100
51091696903419,14:11:31.696,6.9500,100
51091696903419,14:11:31.696,6.9500,100
51091696903419,14:11:31.696,6.9500,167
51091696903419,14:11:31.696,6.9500,100
51091696903419,14:11:31.696,6.9500,100
51093629242946,14:11:33.629,6.9500,100
51096386244420,14:11:36.386,6.9500,10
51203280951392,14:13:23.280,6.9500,17
51211278783893,14:13:31.278,6.9600,100
51211278783893,14:13:31.278,6.9600,172
51211282826464,14:13:31.282,6.9600,100
51211282826464,14:13:31.282,6.9600,100
51211282876505,14:13:31.282,6.9600,100
51211282891260,14:13:31.282,6.9600,100
51211282891260,14:13:31.282,6.9600,100
51222696644970,14:13:42.696,6.9500,83
51222696644970,14:13:42.696,6.9500,17
51222697013621,14:13:42.697,6.9500,83
51222697013621,14:13:42.697,6.9500,117
51222702743403,14:13:42.702,6.9500,100
51222702976057,14:13:42.702,6.9500,100
51224235510086,14:13:44.235,6.9500,100
51224240227395,14:13:44.240,6.9500,99
51270717838400,14:14:30.717,6.9500,100
51400294563107,14:16:40.294,6.9500,100
51606019289036,14:20:06.019,6.9450,5
51639834987497,14:20:39.834,6.9500,300
51639834987497,14:20:39.834,6.9500,100
51639834987497,14:20:39.834,6.9500,200
51639834987497,14:20:39.834,6.9500,10
51639835352999,14:20:39.835,6.9500,100
51692147516857,14:21:32.147,6.9600,100
51692147823799,14:21:32.147,6.9600,100
51692148255243,14:21:32.148,6.9600,100
51692220302040,14:21:32.220,6.9600,102
51692298265130,14:21:32.298,6.9600,100
51692370919768,14:21:32.370,6.9600,100
51692433146159,14:21:32.433,6.9600,100
51692487656586,14:21:32.487,6.9600,100
51825996066927,14:23:45.996,6.9600,100
51825996066927,14:23:45.996,6.9600,100
51825996066927,14:23:45.996,6.9600,10
51825996066927,14:23:45.996,6.9600,100
51825996066927,14:23:45.996,6.9600,100
51825996066927,14:23:45.996,6.9600,100
51826052318585,14:23:46.052,6.9600,100
52034774994475,14:27:14.774,6.9600,390
52034774994475,14:27:14.774,6.9600,14
52034775112169,14:27:14.775,6.9600,86
52034775112169,14:27:14.775,6.9600,100
52034775112169,14:27:14.775,6.9600,100
52034775112169,14:27:14.775,6.9600,14
52034775316068,14:27:14.775,6.9600,86
52034775846447,14:27:14.775,6.9600,100
52034776169185,14:27:14.776,6.9600,77
52115773848602,14:28:35.773,6.9500,200
52115773848602,14:28:35.773,6.9500,100
52115774209913,14:28:35.774,6.9500,100
52115774209913,14:28:35.774,6.9500,100
52115774209913,14:28:35.774,6.9500,100
52181489600536,14:29:41.489,6.9400,83
52312978020595,14:31:52.978,6.9400,17
52312978020595,14:31:52.978,6.9400,100
52312978020595,14:31:52.978,6.9400,100
52312978020595,14:31:52.978,6.9400,83
52312978478962,14:31:52.978,6.9400,12
52312978508114,14:31:52.978,6.9400,5
52312978508114,14:31:52.978,6.9400,100
52312978508114,14:31:52.978,6.9400,100
52312978508114,14:31:52.978,6.9400,100
52312978508114,14:31:52.978,6.9400,12
52334918801866,14:32:14.918,6.9300,100
52334918801866,14:32:14.918,6.9300,100
52441056131991,14:34:01.056,6.9400,100
52441056131991,14:34:01.056,6.9400,100
52441057075325,14:34:01.057,6.9400,8
52441065177116,14:34:01.065,6.9500,263
52441065230871,14:34:01.065,6.9500,10
52441066396350,14:34:01.066,6.9500,3
52441067136634,14:34:01.067,6.9500,51
52441175907474,14:34:01.175,6.9500,200
52441178542698,14:34:01.178,6.9500,200
52593744527722,14:36:33.744,6.9500,75
52593744529155,14:36:33.744,6.9500,11
52593744529155,14:36:33.744,6.9500,100
52593744529155,14:36:33.744,6.9500,1
52593744635360,14:36:33.744,6.9500,99
52593744635360,14:36:33.744,6.9500,9
52593744635360,14:36:33.744,6.9500,100
52593744639801,14:36:33.744,6.9500,100
52593745000567,14:36:33.745,6.9500,100
52593745000567,14:36:33.745,6.9500,100
52599541723082,14:36:39.541,6.9500,100
52599541723082,14:36:39.541,6.9500,100
52617676693050,14:36:57.676,6.9500,100
52617676693050,14:36:57.676,6.9500,100
52991017004264,14:43:11.017,6.9450,1
52991024129645,14:43:11.024,6.9450,10
52995789154004,14:43:15.789,6.9500,100
52996404900049,14:43:16.404,6.9500,10
52996404900049,14:43:16.404,6.9500,300
53030144190272,14:43:50.144,6.9600,100
53035823964291,14:43:55.823,6.9650,6
53120742661106,14:45:20.742,6.9650,5
53200527623497,14:46:40.527,6.9650,95
53200527623497,14:46:40.527,6.9650,400
53216233754369,14:46:56.233,6.9650,200
53273266555938,14:47:53.266,6.9600,100
53273266555938,14:47:53.266,6.9600,200
53273266604932,14:47:53.266,6.9600,100
53273266623481,14:47:53.266,6.9600,100
53273266623481,14:47:53.266,6.9600,200
53273267544848,14:47:53.267,6.9600,200
53273267544848,14:47:53.267,6.9600,12
53273268352908,14:47:53.268,6.9600,100
53273268352908,14:47:53.268,6.9600,100
53273268352908,14:47:53.268,6.9600,100
53273269915215,14:47:53.269,6.9500,200
53273269915215,14:47:53.269,6.9500,100
53273269915215,14:47:53.269,6.9500,100
53273274477118,14:47:53.274,6.9500,100
53273277741375,14:47:53.277,6.9500,100
53273285239940,14:47:53.285,6.9500,100
53288829206182,14:48:08.829,6.9500,100
53288829298637,14:48:08.829,6.9500,100
53288829298637,14:48:08.829,6.9500,100
53288829668592,14:48:08.829,6.9500,94
53290944101227,14:48:10.944,6.9400,100
53290944101227,14:48:10.944,6.9400,100
53290944101227,14:48:10.944,6.9400,100
53291042646319,14:48:11.042,6.9400,100
53291042646319,14:48:11.042,6.9400,200
53291042646319,14:48:11.042,6.9400,500
53291042646319,14:48:11.042,6.9400,276
53291042646319,14:48:11.042,6.9400,100
53293627027552,14:48:13.627,6.9300,100
53293627027552,14:48:13.627,6.9300,100
53293627027552,14:48:13.627,6.9300,100
53293628244899,14:48:13.628,6.9300,100
53294224315721,14:48:14.224,6.9300,100
53296009105631,14:48:16.009,6.9200,100
53296009112874,14:48:16.009,6.9200,100
53297005007032,14:48:17.005,6.9300,200
53297005077195,14:48:17.005,6.9300,200
53297005078366,14:48:17.005,6.9300,200
53308521963424,14:48:28.521,6.9300,100
53308521963424,14:48:28.521,6.9300,188
53308521963424,14:48:28.521,6.9300,12
53308527927126,14:48:28.527,6.9200,100
53308527927126,14:48:28.527,6.9200,100
53308527927126,14:48:28.527,6.9200,100
53308533102458,14:48:28.533,6.9100,10
53308533102458,14:48:28.533,6.9100,100
53308533102458,14:48:28.533,6.9100,600
53308533102458,14:48:28.533,6.9100,300
53308538942535,14:48:28.538,6.9000,100
53308538942535,14:48:28.538,6.9000,600
53308538942535,14:48:28.538,6.9000,600
53308539285444,14:48:28.539,6.9000,20
53308539410475,14:48:28.539,6.9000,100
53308544881615,14:48:28.544,6.9000,200
53308544881615,14:48:28.544,6.9000,100
53308544881615,14:48:28.544,6.9000,200
53308550067322,14:48:28.550,6.9000,100
53308550067322,14:48:28.550,6.9000,100
53308550067322,14:48:28.550,6.9000,100
53311480326749,14:48:31.480,6.9200,100
53384705948636,14:49:44.705,6.9100,100
53384705948636,14:49:44.705,6.9100,100
53384705948636,14:49:44.705,6.9100,100
53384706039732,14:49:44.706,6.9100,100
53384706344451,14:49:44.706,6.9100,100
53384706420077,14:49:44.706,6.9100,100
53384706420077,14:49:44.706,6.9100,100
53384716888475,14:49:44.716,6.9050,100
53384716888475,14:49:44.716,6.9000,100
53384716888475,14:49:44.716,6.9000,100
53384716888475,14:49:44.716,6.9000,100
53384716888475,14:49:44.716,6.9000,200
53384716888475,14:49:44.716,6.9000,100
53403273544379,14:50:03.273,6.8900,400
53403273544379,14:50:03.273,6.8900,100
53403273684860,14:50:03.273,6.8900,100
53403274098180,14:50:03.274,6.8900,50
53538111617802,14:52:18.111,6.9000,100
53538111666935,14:52:18.111,6.9000,100
53538111666935,14:52:18.111,6.9000,100
53538111702293,14:52:18.111,6.9000,100
53538111702293,14:52:18.111,6.9000,100
53538115270070,14:52:18.115,6.9000,100
53538115270070,14:52:18.115,6.9000,77
53538665298362,14:52:18.665,6.9000,100
53541111886552,14:52:21.111,6.9100,100
53597202872521,14:53:17.202,6.9000,200
53597202872521,14:53:17.202,6.9000,100
53597202872521,14:53:17.202,6.9000,100
53597202872521,14:53:17.202,6.9000,100
53597202872521,14:53:17.202,6.9000,200
53597203151696,14:53:17.203,6.9000,100
53597203151696,14:53:17.203,6.9000,100
53597203167915,14:53:17.203,6.9000,100
53597203167915,14:53:17.203,6.9000,100
53597203411660,14:53:17.203,6.9000,100
53597203453165,14:53:17.203,6.9000,100
53705839964639,14:55:05.839,6.8900,100
53705839964639,14:55:05.839,6.8900,100
53705840449160,14:55:05.840,6.8900,100
53705840481227,14:55:05.840,6.8900,100
53761201924694,14:56:01.201,6.8800,10
53761201924694,14:56:01.201,6.8800,7
53812228344374,14:56:52.228,6.8900,5
53812228344374,14:56:52.228,6.8900,190
53812228407063,14:56:52.228,6.8900,200
53812228408613,14:56:52.228,6.8900,10
53812228408613,14:56:52.228,6.8900,100
53812228408613,14:56:52.228,6.8900,90
53812228475977,14:56:52.228,6.8900,10
53859070388755,14:57:39.070,6.8900,100
53859070388755,14:57:39.070,6.8900,100
53859070391839,14:57:39.070,6.8900,100
53926346241267,14:58:46.346,6.8900,10
53939630418176,14:58:59.630,6.8900,100
53939630418176,14:58:59.630,6.8900,47
53939630418176,14:58:59.630,6.8900,22
53939630418176,14:58:59.630,6.8900,31
53939630502092,14:58:59.630,6.8900,100
54278735208625,15:04:38.735,6.8800,93
54278735208625,15:04:38.735,6.8800,100
54278735208625,15:04:38.735,6.8800,100
54278735208625,15:04:38.735,6.8800,200
54278735208625,15:04:38.735,6.8800,300
54278735208625,15:04:38.735,6.8800,25
54278735248582,15:04:38.735,6.8800,100
54278736108829,15:04:38.736,6.8800,100
54278749324829,15:04:38.749,6.8800,75
54281891825476,15:04:41.891,6.8800,20
54301916489091,15:05:01.916,6.8850,9
54305635292148,15:05:05.635,6.8800,40
54305635292148,15:05:05.635,6.8800,60
54305636180796,15:05:05.636,6.8800,40
54305684242508,15:05:05.684,6.8800,201
54305684242508,15:05:05.684,6.8800,16
54355032186843,15:05:55.032,6.8850,11
54366849224832,15:06:06.849,6.8800,100
54366849634880,15:06:06.849,6.8800,100
54366849634880,15:06:06.849,6.8800,100
54392292107741,15:06:32.292,6.8900,100
54392292107741,15:06:32.292,6.8900,100
54392292107741,15:06:32.292,6.8900,100
54392292107741,15:06:32.292,6.8900,100
54392292107741,15:06:32.292,6.8900,100
54392292107741,15:06:32.292,6.8900,100
54443019312943,15:07:23.019,6.8950,2
54449740144779,15:07:29.740,6.8950,4
54475143075371,15:07:55.143,6.8950,11
54680523496032,15:11:20.523,6.8900,100
54680523496032,15:11:20.523,6.8900,100
54680523496032,15:11:20.523,6.8900,100
54680524135898,15:11:20.524,6.8900,100
54680524135898,15:11:20.524,6.8900,100
54680524135898,15:11:20.524,6.8900,100
54680524860200,15:11:20.524,6.8900,18
54680524860200,15:11:20.524,6.8900,82
54705924362907,15:11:45.924,6.8900,11
54722621461480,15:12:02.621,6.8900,7
54722621461480,15:12:02.621,6.8900,100
54729755458748,15:12:09.755,6.8800,100
54729755458748,15:12:09.755,6.8800,400
54910354613002,15:15:10.354,6.8800,83
54982257171634,15:16:22.257,6.8850,100
54982257739260,15:16:22.257,6.8850,100
54985010421544,15:16:25.010,6.8850,100
55012011869885,15:16:52.011,6.8850,15
55019326691312,15:16:59.326,6.8800,17
55019326691312,15:16:59.326,6.8800,100
55019326691312,15:16:59.326,6.8800,83
55019338496791,15:16:59.338,6.8850,100
55032259158465,15:17:12.259,6.8850,100
55032259768463,15:17:12.259,6.8850,100
55063293499783,15:17:43.293,6.8850,100
55066766978511,15:17:46.766,6.8850,100
55121027734204,15:18:41.027,6.8850,6
55157013219509,15:19:17.013,6.8850,9
55171572117891,15:19:31.572,6.8900,100
55171572117891,15:19:31.572,6.8900,200
55171572234599,15:19:31.572,6.8900,100
55171572234599,15:19:31.572,6.8900,100
55171572234599,15:19:31.572,6.8900,100
55174379203275,15:19:34.379,6.8950,100
55174380328405,15:19:34.380,6.8950,200
55200908333460,15:20:00.908,6.9000,100
55200908333460,15:20:00.908,6.9000,100
55200908333460,15:20:00.908,6.9000,100
55200908863556,15:20:00.908,6.9000,25
55200908863556,15:20:00.908,6.9000,100
55337405264501,15:22:17.405,6.9000,100
55337405264501,15:22:17.405,6.9000,100
55701134922507,15:28:21.134,6.9000,100
55701134985847,15:28:21.134,6.9000,60
55718092076014,15:28:38.092,6.9100,10
55718092076014,15:28:38.092,6.9100,100
55718092076014,15:28:38.092,6.9100,100
55718092076014,15:28:38.092,6.9100,200
55718092076014,15:28:38.092,6.9100,6
55718092076014,15:28:38.092,6.9100,300
55718093726868,15:28:38.093,6.9200,100
55718093726868,15:28:38.093,6.9200,100
55726456022108,15:28:46.456,6.9300,100
55726456022108,15:28:46.456,6.9300,20
55726456022108,15:28:46.456,6.9300,80
55742019150775,15:29:02.019,6.9350,23
55799092069715,15:29:59.092,6.9300,100
55799092069715,15:29:59.092,6.9300,100
55799092069715,15:29:59.092,6.9300,100
55799092069715,15:29:59.092,6.9300,139
55799092081992,15:29:59.092,6.9300,161
55799092190505,15:29:59.092,6.9300,100
55799092482212,15:29:59.092,6.9300,50
55799092646735,15:29:59.092,6.9300,50
55802672536453,15:30:02.672,6.9200,200
55845766509361,15:30:45.766,6.9100,300
55906019904159,15:31:46.019,6.9050,15
55934030178792,15:32:14.030,6.9000,1
55934030178792,15:32:14.030,6.9000,15
56017014693937,15:33:37.014,6.9050,9
56092976435715,15:34:52.976,6.9000,285
56092976435715,15:34:52.976,6.9000,100
56092976435715,15:34:52.976,6.9000,100
56092976435715,15:34:52.976,6.9000,100
56095232125675,15:34:55.232,6.9000,60
56096365783721,15:34:56.365,6.9000,7
56096365972975,15:34:56.365,6.9000,5
56096366077890,15:34:56.366,6.9000,3
56096366221636,15:34:56.366,6.9000,85
56096366221636,15:34:56.366,6.9000,100
56096366221636,15:34:56.366,6.9000,40
56133120110317,15:35:33.120,6.8900,1
56133120110317,15:35:33.120,6.8900,84
56183933085367,15:36:23.933,6.8900,10
56248108211703,15:37:28.108,6.8900,6
56248108211703,15:37:28.108,6.8900,94
56248108452381,15:37:28.108,6.8900,6
56248108452381,15:37:28.108,6.8900,94
56248108575268,15:37:28.108,6.8900,6
56372511276305,15:39:32.511,6.8800,100
56372511276305,15:39:32.511,6.8800,1
56372511276305,15:39:32.511,6.8800,100
56372511276305,15:39:32.511,6.8800,99
56372511344307,15:39:32.511,6.8800,1
56372511344307,15:39:32.511,6.8800,69
56372552820601,15:39:32.552,6.8800,126
56372552820601,15:39:32.552,6.8800,74
56372553066068,15:39:32.553,6.8800,300
56372553126108,15:39:32.553,6.8800,300
56372553507415,15:39:32.553,6.8800,19
56372553693239,15:39:32.553,6.8800,81
56372553693239,15:39:32.553,6.8800,100
56372553693239,15:39:32.553,6.8800,19
56372553894691,15:39:32.553,6.8800,14
56372619182760,15:39:32.619,6.8800,100
56397097914360,15:39:57.097,6.8800,20
56397098503174,15:39:57.098,6.8800,80
56397141918714,15:39:57.141,6.8800,600
56397141918714,15:39:57.141,6.8800,200
56397141918714,15:39:57.141,6.8800,100
56397141918714,15:39:57.141,6.8800,700
56401474042772,15:40:01.474,6.8800,1
56421749835621,15:40:21.749,6.8800,73
56421749835621,15:40:21.749,6.8800,27
56421750086507,15:40:21.750,6.8800,67
56421750163339,15:40:21.750,6.8800,6
56421787461484,15:40:21.787,6.8800,26
56421787461484,15:40:21.787,6.8800,374
56421790892343,15:40:21.790,6.8800,57
56493063276139,15:41:33.063,6.8700,100
56493063276139,15:41:33.063,6.8700,100
56493063276139,15:41:33.063,6.8700,100
56591372373985,15:43:11.372,6.8600,200
56591372468383,15:43:11.372,6.8600,70
56591372993960,15:43:11.372,6.8600,29
56591372993960,15:43:11.372,6.8600,15
56591373180557,15:43:11.373,6.8600,85
56591373180557,15:43:11.373,6.8600,15
56591373459070,15:43:11.373,6.8600,100
56591373459070,15:43:11.373,6.8600,85
56591374185228,15:43:11.374,6.8600,200
56591380689986,15:43:11.380,6.8600,100
56721040119081,15:45:21.040,6.8650,100
56759751799583,15:45:59.751,6.8650,100
56789182778777,15:46:29.182,6.8650,100
56796762201148,15:46:36.762,6.8650,100
56811037350464,15:46:51.037,6.8650,100
56812039450311,15:46:52.039,6.8650,100
56829363870660,15:47:09.363,6.8650,8
56836333863828,15:47:16.333,6.8650,4
56843503537086,15:47:23.503,6.8700,200
56843503537086,15:47:23.503,6.8700,100
56843503537086,15:47:23.503,6.8700,100
56843503537086,15:47:23.503,6.8700,100
56843503537086,15:47:23.503,6.8700,995
56843503589618,15:47:23.503,6.8700,300
56843503592519,15:47:23.503,6.8700,116
56843503594748,15:47:23.503,6.8700,100
56843503644986,15:47:23.503,6.8700,300
56843503995325,15:47:23.503,6.8700,200
56843504225131,15:47:23.504,6.8700,89
56843504225131,15:47:23.504,6.8700,100
56846465143738,15:47:26.465,6.8800,60
56846465143738,15:47:26.465,6.8800,200
56846465143738,15:47:26.465,6.8800,100
56911922710905,15:48:31.922,6.8850,1
56931007055156,15:48:51.007,6.8850,100
56944105190813,15:49:04.105,6.8850,100
56944105190813,15:49:04.105,6.8900,34
56944105190813,15:49:04.105,6.8900,100
56944105190813,15:49:04.105,6.8900,100
56944105190813,15:49:04.105,6.8900,100
56944105190813,15:49:04.105,6.8900,100
56944105190813,15:49:04.105,6.8900,100
56944405810947,15:49:04.405,6.8900,100
56947030618424,15:49:07.030,6.8950,100
56951064199280,15:49:11.064,6.9000,282
56960018503648,15:49:20.018,6.8950,5
56971433333057,15:49:31.433,6.9000,4
56989577574354,15:49:49.577,6.8950,4
57009686389750,15:50:09.686,6.9000,14
57009686389750,15:50:09.686,6.9000,100
57009686389750,15:50:09.686,6.9000,100
57009686389750,15:50:09.686,6.9000,200
57009686389750,15:50:09.686,6.9000,100
57009686389750,15:50:09.686,6.9000,100
57009686389750,15:50:09.686,6.9000,100
57009686389750,15:50:09.686,6.9000,100
57009686389750,15:50:09.686,6.9000,200
57009702274403,15:50:09.702,6.9100,21
57009702274403,15:50:09.702,6.9100,79
57009702274403,15:50:09.702,6.9100,80
57009702274403,15:50:09.702,6.9100,120
57009702886736,15:50:09.702,6.9100,100
57018659047236,15:50:18.659,6.9100,100
57018659047236,15:50:18.659,6.9100,100
57021082387390,15:50:21.082,6.9100,6
57021082387390,15:50:21.082,6.9100,94
57021384073878,15:50:21.384,6.9100,115
57021384192241,15:50:21.384,6.9100,30
57032075735887,15:50:32.075,6.9150,100
57034885523977,15:50:34.885,6.9100,100
57043582369420,15:50:43.582,6.9100,100
57043588001840,15:50:43.588,6.9100,82
57056729714399,15:50:56.729,6.9050,6
57081385844001,15:51:21.385,6.9000,100
57114512932708,15:51:54.512,6.9000,100
57114512932708,15:51:54.512,6.9000,100
57114512932708,15:51:54.512,6.9000,100
57114512932708,15:51:54.512,6.9000,100
57117151683924,15:51:57.151,6.8950,100
57123236854651,15:52:03.236,6.8900,50
57123236872534,15:52:03.236,6.8900,50
57123236872534,15:52:03.236,6.8900,2
57128380826273,15:52:08.380,6.8800,72
57130893387159,15:52:10.893,6.8800,128
57130893387159,15:52:10.893,6.8800,100
57130893387159,15:52:10.893,6.8800,100
57130894716591,15:52:10.894,6.8900,100
57136682051844,15:52:16.682,6.8850,100
57136682051844,15:52:16.682,6.8900,100
57136682574217,15:52:16.682,6.8900,100
57136682574217,15:52:16.682,6.8900,80
57154023590170,15:52:34.023,6.8950,6
57202956754141,15:53:22.956,6.8800,200
57202956754141,15:53:22.956,6.8800,100
57202956754141,15:53:22.956,6.8800,100
57202956754141,15:53:22.956,6.8800,100
57202956754141,15:53:22.956,6.8800,100
57202957369434,15:53:22.957,6.8900,100
57202957520358,15:53:22.957,6.8900,80
57202988177888,15:53:22.988,6.8900,100
57203158909876,15:53:23.158,6.8850,100
57256784366385,15:54:16.784,6.8850,2
57256793526846,15:54:16.793,6.8850,4
57259299086761,15:54:19.299,6.8850,2
57323733697376,15:55:23.733,6.8800,200
57323736030474,15:55:23.736,6.8800,100
57323736030474,15:55:23.736,6.8800,100
57323736030474,15:55:23.736,6.8800,100
57384683261869,15:56:24.683,6.8850,2
57463329924265,15:57:43.329,6.8850,100
57513916115654,15:58:33.916,6.8850,100
57523352357804,15:58:43.352,6.8850,100
57541178533266,15:59:01.178,6.8900,100
57541178533266,15:59:01.178,6.8900,100
57541178533266,15:59:01.178,6.8900,100
57541178895840,15:59:01.178,6.8900,100
57541178895840,15:59:01.178,6.8900,100
57541179068764,15:59:01.179,6.8900,100
57541179237510,15:59:01.179,6.8900,100
57547473328993,15:59:07.473,6.8950,100
57549354966795,15:59:09.354,6.8950,100
57549354966795,15:59:09.354,6.8950,100
57549354966795,15:59:09.354,6.8950,100
57551977477697,15:59:11.977,6.8950,100
57555011570542,15:59:15.011,6.8950,100
57555011840060,15:59:15.011,6.9000,100
57573036260077,15:59:33.036,6.9000,100
57573036260077,15:59:33.036,6.9000,500
57573036326047,15:59:33.036,6.9000,100
57573037650064,15:59:33.037,6.9000,100
57574180330829,15:59:34.180,6.8950,100
57574180330829,15:59:34.180,6.9000,116
57574180330829,15:59:34.180,6.9000,70
57574180966781,15:59:34.180,6.9000,30
57574180966781,15:59:34.180,6.9000,100
57587023915611,15:59:47.023,6.9050,100
57593602756915,15:59:53.602,6.9000,13
57593603023585,15:59:53.603,6.9000,100
57595153855677,15:59:55.153,6.9000,21
57596162768910,15:59:56.162,6.9050,100
57596447071134,15:59:56.447,6.9050,100
57600486852363,16:00:00.486,0.0000,0
58438833855702,16:13:58.833,6.9200,200
59541621917410,16:32:21.621,6.8900,5
