timestamp,time,price,volume
34200710018793,09:30:00.710,0.0000,0
34346605471198,09:32:26.605,65.6200,9
34579398573279,09:36:19.398,65.4100,25
34615475651876,09:36:55.475,65.6000,25
34653976714118,09:37:33.976,65.6200,1
34717911545627,09:38:37.911,65.6200,3
34755126413615,09:39:15.126,65.5000,100
34755153362836,09:39:15.153,65.5000,100
34831286134999,09:40:31.286,65.5000,100
34831288463785,09:40:31.288,65.5000,100
34831288495297,09:40:31.288,65.5000,100
34831289977733,09:40:31.289,65.5000,100
34831290022102,09:40:31.290,65.5000,115
34831290024613,09:40:31.290,65.5000,65
34831290025893,09:40:31.290,65.5000,20
34831290025893,09:40:31.290,65.4700,66
34831290025893,09:40:31.290,65.4700,29
34831290046351,09:40:31.290,65.4700,20
34831290428691,09:40:31.290,65.4700,20
34831290428691,09:40:31.290,65.4700,20
34831290610890,09:40:31.290,65.4700,20
34831290811745,09:40:31.290,65.4700,20
34831290840202,09:40:31.290,65.4700,20
34831291092962,09:40:31.291,65.4700,20
34831291092962,09:40:31.291,65.4700,20
34831291147937,09:40:31.291,65.5000,18
34831291147937,09:40:31.291,65.5000,82
34831291217854,09:40:31.291,65.4900,30
34831291252541,09:40:31.291,65.5000,18
34831291527600,09:40:31.291,65.4900,2
34832151488770,09:40:32.151,65.5200,8
34860926491341,09:41:00.926,65.5600,5
34860926491341,09:41:00.926,65.5600,86
34860926491341,09:41:00.926,65.5600,9
34860926524112,09:41:00.926,65.5600,91
34860926536754,09:41:00.926,65.5600,91
34860926734199,09:41:00.926,65.5600,9
34860947726826,09:41:00.947,65.6100,30
34860947726826,09:41:00.947,65.6100,70
34860948115823,09:41:00.948,65.6100,30
34860951501897,09:41:00.951,65.6100,100
34888141130314,09:41:28.141,65.6200,67
34888141131811,09:41:28.141,65.6200,33
34934216936954,09:42:14.216,65.7100,100
34945330538798,09:42:25.330,65.7800,100
34960634558925,09:42:40.634,65.7200,1
34960634558925,09:42:40.634,65.7200,69
34960636444305,09:42:40.636,65.6700,100
35021026279234,09:43:41.026,65.7600,100
35050521979049,09:44:10.521,65.8500,100
35085179004445,09:44:45.179,65.9100,3
35085181310979,09:44:45.181,65.9100,3
35093969394110,09:44:53.969,65.8600,1
35123388511755,09:45:23.388,65.8300,305
35123388542453,09:45:23.388,65.8300,15
35123388542453,09:45:23.388,65.8300,85
35123388582825,09:45:23.388,65.8300,23
35123388582825,09:45:23.388,65.8300,77
35123388610735,09:45:23.388,65.8300,23
35123389089656,09:45:23.389,65.8100,100
35123389556448,09:45:23.389,65.8100,8
35123389581623,09:45:23.389,65.8100,12
35123389720153,09:45:23.389,65.8100,20
35124904366659,09:45:24.904,65.8300,95
35124904366659,09:45:24.904,65.8300,100
35124904366659,09:45:24.904,65.8300,5
35124904430565,09:45:24.904,65.8300,95
35142875641735,09:45:42.875,65.7700,1
35196421958253,09:46:36.421,65.7100,100
35200230658207,09:46:40.230,65.6900,100
35561358176326,09:52:41.358,65.7000,100
35589222431228,09:53:09.222,65.7400,100
35708973519898,09:55:08.973,65.8100,100
35708973520478,09:55:08.973,65.8100,100
35822971459076,09:57:02.971,65.8600,100
35825134400713,09:57:05.134,65.8700,100
36013774012546,10:00:13.774,65.9300,100
36154389129227,10:02:34.389,65.9000,100
36154389159125,10:02:34.389,65.9000,100
36154389165917,10:02:34.389,65.9000,59
36154389188763,10:02:34.389,65.9000,41
36154389244032,10:02:34.389,65.9000,200
36161561892355,10:02:41.561,65.9000,100
36162069555504,10:02:42.069,65.9000,13
36166673643450,10:02:46.673,65.9000,100
36166698511934,10:02:46.698,65.9000,100
36169381959809,10:02:49.381,65.9600,100
36169381959809,10:02:49.381,65.9700,100
36169381986651,10:02:49.381,65.9700,100
36174248057181,10:02:54.248,66.0200,100
36276506184932,10:04:36.506,66.1000,100
36276506188396,10:04:36.506,66.1000,100
36314521018383,10:05:14.521,66.1500,21
36335824628426,10:05:35.824,66.1200,76
36335824628426,10:05:35.824,66.1200,33
36335824630213,10:05:35.824,66.1200,63
36335825690132,10:05:35.825,66.1100,100
36335825690132,10:05:35.825,66.1100,104
36335826931026,10:05:35.826,66.1200,100
36335826986739,10:05:35.826,66.1000,5
36335830130551,10:05:35.830,66.1300,15
36364084294709,10:06:04.084,66.1200,29
36364084294709,10:06:04.084,66.1200,10
36466260327911,10:07:46.260,66.1000,100
36506247192096,10:08:26.247,66.1500,14
36506247192096,10:08:26.247,66.1500,86
36558983599507,10:09:18.983,66.1500,14
36583070769078,10:09:43.070,66.1200,10
36583071225086,10:09:43.071,66.1000,10
36583071348219,10:09:43.071,66.1000,10
36583071405762,10:09:43.071,66.1000,10
36583071407661,10:09:43.071,66.1000,2
36583071433622,10:09:43.071,66.0900,10
36583071531606,10:09:43.071,66.0700,100
36583072437822,10:09:43.072,66.0700,9
36583072981717,10:09:43.072,66.0600,100
36584139714156,10:09:44.139,66.0400,100
36647762468750,10:10:47.762,66.0350,100
36707868466420,10:11:47.868,66.0700,15
36707868466420,10:11:47.868,66.0700,76
36710268048117,10:11:50.268,66.1000,30
36710290463476,10:11:50.290,66.1200,100
36725055346486,10:12:05.055,66.0600,100
36725055346486,10:12:05.055,66.0600,100
36818028398301,10:13:38.028,66.1400,15
37046857445422,10:17:26.857,66.1700,14
37046857543493,10:17:26.857,66.1800,3
37046857543493,10:17:26.857,66.1800,27
37046858686586,10:17:26.858,66.1900,100
37115683622965,10:18:35.683,66.1800,100
37116221935336,10:18:36.221,66.1100,32
37203315728438,10:20:03.315,66.0900,11
37367269378161,10:22:47.269,66.0800,12
37489438425677,10:24:49.438,66.0600,200
37489438425677,10:24:49.438,66.0600,153
37489438441170,10:24:49.438,66.0600,244
37489438463793,10:24:49.438,66.0600,100
37489439982503,10:24:49.439,66.0600,100
37490288967422,10:24:50.288,66.0600,100
37490288967422,10:24:50.288,66.0600,9
37490288967422,10:24:50.288,66.0600,91
37490289621807,10:24:50.289,66.0600,165
37490289683801,10:24:50.289,66.0600,100
37496781426924,10:24:56.781,66.0400,1
37496782500526,10:24:56.782,66.0200,100
37496782500526,10:24:56.782,66.0200,5
37505535106821,10:25:05.535,65.9600,100
37505535757203,10:25:05.535,65.9400,100
37514680557675,10:25:14.680,65.9200,100
37514741387435,10:25:14.741,65.9100,100
37564570978784,10:26:04.570,65.9600,100
37767501157693,10:29:27.501,66.2000,10
37804796034315,10:30:04.796,66.1600,1
37804796034315,10:30:04.796,66.1600,99
37892446170415,10:31:32.446,66.1600,1
37892446170415,10:31:32.446,66.1600,71
37892447299248,10:31:32.447,66.1500,100
37892447299248,10:31:32.447,66.1500,100
37892447496207,10:31:32.447,66.1400,107
37910608048403,10:31:50.608,66.0700,100
37914096748415,10:31:54.096,66.0700,100
37919429971625,10:31:59.429,66.0600,100
37919429971625,10:31:59.429,66.0600,100
37920965254944,10:32:00.965,66.0600,100
37920966740459,10:32:00.966,66.0600,100
37920967186025,10:32:00.967,66.0600,200
37920967209487,10:32:00.967,66.0600,100
37940409237344,10:32:20.409,66.1400,13
38041144277972,10:34:01.144,66.2300,26
38041144757245,10:34:01.144,66.2400,5
38044035174711,10:34:04.035,66.2500,16
38068847120832,10:34:28.847,66.2400,26
38068847120832,10:34:28.847,66.2400,74
38068847158492,10:34:28.847,66.2400,20
38068847179515,10:34:28.847,66.2400,6
38068847184467,10:34:28.847,66.2400,6
38068847212662,10:34:28.847,66.2400,94
38068849364587,10:34:28.849,66.2400,94
38068849413063,10:34:28.849,66.2400,9
38068849896312,10:34:28.849,66.2200,100
38068850419019,10:34:28.850,66.2100,100
38197262732545,10:36:37.262,66.2000,94
38197262757084,10:36:37.262,66.2000,6
38197262757084,10:36:37.262,66.2000,100
38310832285968,10:38:30.832,66.1800,100
38310832571259,10:38:30.832,66.1900,16
38462431123673,10:41:02.431,66.2000,100
38463204920834,10:41:03.204,66.2200,10
38536069354256,10:42:16.069,66.1600,1
38698014583145,10:44:58.014,66.1400,1
38902681626406,10:48:22.681,66.1400,12
38902681893294,10:48:22.681,66.1500,5
38905775480572,10:48:25.775,66.1800,100
38940996593511,10:49:00.996,66.2200,200
38944339160593,10:49:04.339,66.2200,100
38950775021162,10:49:10.775,66.1900,100
38956772314982,10:49:16.772,66.1700,100
38956772776752,10:49:16.772,66.1500,100
39058018094553,10:50:58.018,66.1900,14
39195360787272,10:53:15.360,66.2100,100
39249198311456,10:54:09.198,66.1800,101
39249198311456,10:54:09.198,66.1800,1
39249198928529,10:54:09.198,66.1800,20
39320225059338,10:55:20.225,66.1900,18
39396271544685,10:56:36.271,66.1700,1
39396272201184,10:56:36.272,66.1600,100
39459514718544,10:57:39.514,66.1500,100
39459514824324,10:57:39.514,66.1400,5
39580656633422,10:59:40.656,66.1500,100
39580656889782,10:59:40.656,66.1500,10
39581167081697,10:59:41.167,66.1500,20
39655049229449,11:00:55.049,66.1500,100
39655258020295,11:00:55.258,66.1600,16
39655263908794,11:00:55.263,66.1900,100
39714744148549,11:01:54.744,66.1900,100
39729938799553,11:02:09.938,66.1800,35
39756168928482,11:02:36.168,66.2100,17
39756169139379,11:02:36.169,66.2200,5
39756173989894,11:02:36.173,66.2500,100
39772421050146,11:02:52.421,66.2200,5
40050451299017,11:07:30.451,66.2200,24
40050451299017,11:07:30.451,66.2200,29
40050451299017,11:07:30.451,66.2000,47
40050452186316,11:07:30.452,66.2000,53
40083364270229,11:08:03.364,66.2200,17
40120867686824,11:08:40.867,66.2500,8
40142014473558,11:09:02.014,66.2700,9
40148013080475,11:09:08.013,66.3100,24
40181612183590,11:09:41.612,66.2800,45
40181612183590,11:09:41.612,66.2800,55
40181641561820,11:09:41.641,66.2700,98
40181654606521,11:09:41.654,66.2600,48
40181654634170,11:09:41.654,66.2600,52
40181654634170,11:09:41.654,66.2600,52
40181654638236,11:09:41.654,66.2600,44
40181654685730,11:09:41.654,66.2600,4
40213585440980,11:10:13.585,66.2800,58
40213585440980,11:10:13.585,66.2800,19
40323753020515,11:12:03.753,66.2600,45
40323753020515,11:12:03.753,66.2600,55
40323753416948,11:12:03.753,66.2600,45
40326056074483,11:12:06.056,66.2500,100
40326056074483,11:12:06.056,66.2500,2
40335131872278,11:12:15.131,66.2400,5
40386758418434,11:13:06.758,66.2400,5
40457504703679,11:14:17.504,66.2100,100
40457505304793,11:14:17.505,66.1900,100
40457505344594,11:14:17.505,66.1900,32
40457505445522,11:14:17.505,66.1800,100
40574109990598,11:16:14.109,66.2100,100
40574110015194,11:16:14.110,66.2100,17
40574110267293,11:16:14.110,66.2200,37
40574110972879,11:16:14.110,66.2200,100
40582403459146,11:16:22.403,66.1800,1
40582403459146,11:16:22.403,66.1800,1
40590503486178,11:16:30.503,66.1500,27
40707276230489,11:18:27.276,66.1700,5
40707276230489,11:18:27.276,66.1700,17
40801696739372,11:20:01.696,66.1900,1
40801697637262,11:20:01.697,66.1800,32
40801697847890,11:20:01.697,66.1800,68
40801697878293,11:20:01.697,66.1700,6
40863215806567,11:21:03.215,66.1700,1
40944072239054,11:22:24.072,66.1700,17
41004691982312,11:23:24.691,66.2000,1
41157532841436,11:25:57.532,66.1500,100
41157532841436,11:25:57.532,66.1500,82
41160348340237,11:26:00.348,66.1500,1
41597637079644,11:33:17.637,66.1900,7
41597637079644,11:33:17.637,66.1900,72
41597637079644,11:33:17.637,66.1900,100
41616589222252,11:33:36.589,66.1700,32
41616589222252,11:33:36.589,66.1600,8
41616589222252,11:33:36.589,66.1600,71
41721201479979,11:35:21.201,66.2000,5
41721201479979,11:35:21.201,66.2000,16
41721201479979,11:35:21.201,66.2000,70
41721201489481,11:35:21.201,66.2000,30
41721818659148,11:35:21.818,66.2200,100
41803652894971,11:36:43.652,66.2100,100
41803652946247,11:36:43.652,66.2100,100
41803683718580,11:36:43.683,66.2000,100
41909654532373,11:38:29.654,66.1600,29
41909654532373,11:38:29.654,66.1600,3
42094386178600,11:41:34.386,66.1300,1
42260076381515,11:44:20.076,66.1000,42
42336683561701,11:45:36.683,66.1200,1
42345785805874,11:45:45.785,66.1000,100
42345785864377,11:45:45.785,66.1000,5
42345787063165,11:45:45.787,66.0900,100
42345787766427,11:45:45.787,66.1000,177
42363256458837,11:46:03.256,66.1500,100
42363256458837,11:46:03.256,66.1500,100
42363256458837,11:46:03.256,66.1500,100
42363256458837,11:46:03.256,66.1500,100
42363256458837,11:46:03.256,66.1500,73
42363256461001,11:46:03.256,66.1500,27
42363408361094,11:46:03.408,66.1800,16
42364316910273,11:46:04.316,66.2500,100
42364316910273,11:46:04.316,66.2500,100
42364316910273,11:46:04.316,66.2500,100
42364317846337,11:46:04.317,66.2200,100
42597028269321,11:49:57.028,66.3100,1
42618438510209,11:50:18.438,66.3200,100
42618438510209,11:50:18.438,66.3200,13
42618440799032,11:50:18.440,66.3300,20
42676913289301,11:51:16.913,66.3700,100
42677025205943,11:51:17.025,66.3700,100
42677025205943,11:51:17.025,66.3700,100
42677025728723,11:51:17.025,66.3700,100
42677025728723,11:51:17.025,66.3700,100
42677026787331,11:51:17.026,66.3700,81
42677054846453,11:51:17.054,66.3700,19
42677054846453,11:51:17.054,66.3800,96
42691282489283,11:51:31.282,66.3700,100
42691282532753,11:51:31.282,66.3700,200
42691282532753,11:51:31.282,66.3700,100
42724256357777,11:52:04.256,66.3900,100
42770319241292,11:52:50.319,66.4300,20
42770319241292,11:52:50.319,66.4300,21
42778016330734,11:52:58.016,66.4400,100
42837026353275,11:53:57.026,66.4300,1
42837026353275,11:53:57.026,66.4300,20
42841706470679,11:54:01.706,66.4000,25
42841706470679,11:54:01.706,66.4000,110
42841706470679,11:54:01.706,66.4000,36
42841706880175,11:54:01.706,66.4000,30
42841706909433,11:54:01.706,66.4000,22
42841711924197,11:54:01.711,66.4100,100
42858886719859,11:54:18.886,66.4200,1
42858886719859,11:54:18.886,66.4200,20
42858886719859,11:54:18.886,66.4200,26
42858892705685,11:54:18.892,66.4300,100
42937964349276,11:55:37.964,66.4100,100
42937964643020,11:55:37.964,66.4100,100
43077048460042,11:57:57.048,66.4700,33
43077048460042,11:57:57.048,66.4700,100
43086539397332,11:58:06.539,66.4600,230
43086545771851,11:58:06.545,66.4800,24
43086545771851,11:58:06.545,66.4800,46
43093763121920,11:58:13.763,66.4700,1
43093763121920,11:58:13.763,66.4700,30
43093763121920,11:58:13.763,66.4700,25
43093793619727,11:58:13.793,66.4600,60
43096129013427,11:58:16.129,66.4600,40
43096129424429,11:58:16.129,66.4600,30
43104971443854,11:58:24.971,66.4600,30
43104971443854,11:58:24.971,66.4600,25
43104971443854,11:58:24.971,66.4500,45
43104971476707,11:58:24.971,66.4500,55
43104971476707,11:58:24.971,66.4500,111
43104971971704,11:58:24.971,66.4500,11
43105664487879,11:58:25.664,66.4500,19
43105664914442,11:58:25.664,66.4500,30
43107722837673,11:58:27.722,66.4600,158
43107722865376,11:58:27.722,66.4600,42
43107722865376,11:58:27.722,66.4600,20
43118996707126,11:58:38.996,66.4500,100
43119000446004,11:58:39.000,66.4500,37
43134404521005,11:58:54.404,66.4300,100
43146047033035,11:59:06.047,66.4300,100
43154862067718,11:59:14.862,66.4300,30
43154862067718,11:59:14.862,66.4300,25
43154862067718,11:59:14.862,66.4300,1
43154862558466,11:59:14.862,66.4300,30
43154863217079,11:59:14.863,66.4300,20
43206502384605,12:00:06.502,66.4100,20
43231132138053,12:00:31.132,66.4200,28
43273836370582,12:01:13.836,66.4100,100
43333008771196,12:02:13.008,66.4500,18
43333008773066,12:02:13.008,66.4500,2
43407144592508,12:03:27.144,66.4300,32
43407144592508,12:03:27.144,66.4300,68
43415061506611,12:03:35.061,66.4300,32
43421983814432,12:03:41.983,66.4400,29
43421983814432,12:03:41.983,66.4400,5
43443270173274,12:04:03.270,66.4400,30
43443270227529,12:04:03.270,66.4400,25
43443270260263,12:04:03.270,66.4500,200
43453274560144,12:04:13.274,66.4400,100
43622736644236,12:07:02.736,66.4500,1
43622736644236,12:07:02.736,66.4500,99
43622736672200,12:07:02.736,66.4500,1
43622868070109,12:07:02.868,66.4500,100
43622868070109,12:07:02.868,66.4500,100
43631211602045,12:07:11.211,66.4600,100
43631211602045,12:07:11.211,66.4600,20
43632055232213,12:07:12.055,66.4600,52
43632055261295,12:07:12.055,66.4600,48
43632055295334,12:07:12.055,66.4750,200
43632530425160,12:07:12.530,66.4700,8
43632530425160,12:07:12.530,66.4800,92
43667960099539,12:07:47.960,66.4800,20
43667960099539,12:07:47.960,66.4800,46
43667961840121,12:07:47.961,66.5100,10
43667961840121,12:07:47.961,66.5100,10
43667962850139,12:07:47.962,66.5200,5
43667977413278,12:07:47.977,66.5400,20
43667977747529,12:07:47.977,66.5300,100
43667978222533,12:07:47.978,66.5400,20
43668373109929,12:07:48.373,66.5600,10
43669364934084,12:07:49.364,66.5600,100
43669364934084,12:07:49.364,66.5600,100
43670779870812,12:07:50.779,66.5800,10
43670779870812,12:07:50.779,66.5800,10
43670780300812,12:07:50.780,66.5900,10
43670780300812,12:07:50.780,66.5900,10
43671369228347,12:07:51.369,66.6000,1
43682488047521,12:08:02.488,66.5800,100
43682488047521,12:08:02.488,66.5800,97
43682488047521,12:08:02.488,66.5800,100
43683209451400,12:08:03.209,66.5700,200
43695161851233,12:08:15.161,66.5300,107
43695161851233,12:08:15.161,66.5300,63
43748958862849,12:09:08.958,66.5500,100
43811738755052,12:10:11.738,66.5400,1
43811739724890,12:10:11.739,66.5300,37
43811739724890,12:10:11.739,66.5300,100
43860176919059,12:11:00.176,66.5200,20
43860177430347,12:11:00.177,66.5300,43
43860195575260,12:11:00.195,66.5400,100
43936185344042,12:12:16.185,66.5200,35
43936185344042,12:12:16.185,66.5200,3
43991200849927,12:13:11.200,66.5100,1
44004079187721,12:13:24.079,66.4900,100
44005671993835,12:13:25.671,66.4800,200
44008610188807,12:13:28.610,66.5000,20
44008610188807,12:13:28.610,66.5000,100
44008610784441,12:13:28.610,66.5100,59
44008616892867,12:13:28.616,66.5100,41
44116506139869,12:15:16.506,66.4800,100
44116506141378,12:15:16.506,66.4800,25
44167971942978,12:16:07.971,66.4800,100
44172616401506,12:16:12.616,66.4900,1
44172616401506,12:16:12.616,66.4900,20
44305368383118,12:18:25.368,66.4800,100
44335368137845,12:18:55.368,66.4600,19
44349306219632,12:19:09.306,66.4700,100
44349306261532,12:19:09.306,66.4700,20
44349307343418,12:19:09.307,66.4700,80
44412241174804,12:20:12.241,66.5100,20
44416910516230,12:20:16.910,66.5200,1
44541403712907,12:22:21.403,66.5200,100
44542144119458,12:22:22.144,66.5100,100
44572209428074,12:22:52.209,66.5000,1
44572209556296,12:22:52.209,66.5000,5
44633659149526,12:23:53.659,66.4800,1
44667618697589,12:24:27.618,66.4700,26
44674309681886,12:24:34.309,66.4700,3
44674309718710,12:24:34.309,66.4700,80
44696096522003,12:24:56.096,66.4600,18
44744187120839,12:25:44.187,66.4600,7
44764719592922,12:26:04.719,66.4300,2
44895545629857,12:28:15.545,66.4600,13
44895545629857,12:28:15.545,66.4600,78
44895545629857,12:28:15.545,66.4600,9
44895545658339,12:28:15.545,66.4600,91
44895559509936,12:28:15.559,66.4700,23
44925424125185,12:28:45.424,66.4500,100
44925424125185,12:28:45.424,66.4500,39
44925424197012,12:28:45.424,66.4500,61
44925424208572,12:28:45.424,66.4500,24
45065707328736,12:31:05.707,66.4300,100
45065707328736,12:31:05.707,66.4500,100
45065707364449,12:31:05.707,66.4500,100
45065909162706,12:31:05.909,66.4400,3
45072445997457,12:31:12.445,66.4400,9
45109178753746,12:31:49.178,66.4000,114
45109178831666,12:31:49.178,66.3900,100
45109178831666,12:31:49.178,66.3900,100
45109179508294,12:31:49.179,66.3900,40
45109179508294,12:31:49.179,66.3900,40
45213119557659,12:33:33.119,66.4100,1
45213119557659,12:33:33.119,66.4100,99
45224040292313,12:33:44.040,66.4200,100
45224040292313,12:33:44.040,66.4200,100
45224040322268,12:33:44.040,66.4200,13
45224040848710,12:33:44.040,66.4300,21
45224041601197,12:33:44.041,66.4400,100
45224041601197,12:33:44.041,66.4400,36
45224041629421,12:33:44.041,66.4400,64
45224830013216,12:33:44.830,66.4600,1
45224830013216,12:33:44.830,66.4600,2
45225829527616,12:33:45.829,66.4700,1
45251415153688,12:34:11.415,66.4500,44
45251415207551,12:34:11.415,66.4500,56
45251415207551,12:34:11.415,66.4500,44
45251415610454,12:34:11.415,66.4500,17
45251415610454,12:34:11.415,66.4500,28
45314701608061,12:35:14.701,66.4300,5
45314720502058,12:35:14.720,66.4200,11
45315515944791,12:35:15.515,66.3900,100
45548255841333,12:39:08.255,66.3600,40
45548255842594,12:39:08.255,66.3600,2
45548255913516,12:39:08.255,66.3600,58
45548255913516,12:39:08.255,66.3600,42
45548255938425,12:39:08.255,66.3600,58
45556442186291,12:39:16.442,66.3100,7
45618676695827,12:40:18.676,66.3400,1
45618676695827,12:40:18.676,66.3400,21
45673242078091,12:41:13.242,66.3800,5
45673242078091,12:41:13.242,66.3800,100
45708549507204,12:41:48.549,66.3900,1
45708562201688,12:41:48.562,66.3700,100
45708562309152,12:41:48.562,66.3700,2
45708562360709,12:41:48.562,66.3700,22
45726158936281,12:42:06.158,66.3500,1
45726158936281,12:42:06.158,66.3500,1
45727676732808,12:42:07.676,66.3500,100
45727676892371,12:42:07.676,66.3500,16
45727676918048,12:42:07.676,66.3500,84
45824510712474,12:43:44.510,66.3200,60
45881550189240,12:44:41.550,66.3500,100
45881550189240,12:44:41.550,66.3500,100
46117882897756,12:48:37.882,66.3700,20
46130271939111,12:48:50.271,66.3700,2
46161179280420,12:49:21.179,66.3800,1
46169714466320,12:49:29.714,66.4000,1
46306859024794,12:51:46.859,66.4000,1
46306859620624,12:51:46.859,66.3900,1
46306859620624,12:51:46.859,66.3900,15
46379791118150,12:52:59.791,66.3900,1
46386761435444,12:53:06.761,66.3800,1
46386761435444,12:53:06.761,66.3800,99
46386761442871,12:53:06.761,66.3800,1
46441409603787,12:54:01.409,66.3800,6
46528999528044,12:55:28.999,66.3800,19
46529001452105,12:55:29.001,66.3700,5
46669832674436,12:57:49.832,66.3900,23
46673094488367,12:57:53.094,66.3800,1
46682511148779,12:58:02.511,66.3700,1
46682511148779,12:58:02.511,66.3700,1
46682511148779,12:58:02.511,66.3700,24
46682511200634,12:58:02.511,66.3700,69
46682512398082,12:58:02.512,66.3600,100
46682514807537,12:58:02.514,66.3600,5
46704583393047,12:58:24.583,66.3500,25
46704583393047,12:58:24.583,66.3300,51
46704583419176,12:58:24.583,66.3300,2
46709830713853,12:58:29.830,66.3300,47
46709830713853,12:58:29.830,66.3300,53
46709830758210,12:58:29.830,66.3300,47
46842716173999,13:00:42.716,66.3200,1
46951712846308,13:02:31.712,66.3100,100
46951759677390,13:02:31.759,66.3000,6
46957012425814,13:02:37.012,66.3000,19
47120592209369,13:05:20.592,66.2700,1
47120592209369,13:05:20.592,66.2700,30
47120592928816,13:05:20.592,66.2700,70
47161419849202,13:06:01.419,66.2700,1
47175824508496,13:06:15.824,66.2500,26
47272910952874,13:07:52.910,66.2500,9
47272910952874,13:07:52.910,66.2400,89
47272911431941,13:07:52.911,66.2400,11
47350243990100,13:09:10.243,66.2600,5
47350243990100,13:09:10.243,66.2600,89
47350244016299,13:09:10.244,66.2600,11
47350244016299,13:09:10.244,66.2600,23
47371673105365,13:09:31.673,66.2300,5
47371673697922,13:09:31.673,66.2200,100
47486037443942,13:11:26.037,66.2000,32
47486037443942,13:11:26.037,66.1800,1
47486037443942,13:11:26.037,66.1800,67
47515973428413,13:11:55.973,66.1900,100
47542587594250,13:12:22.587,66.2000,100
47542587594250,13:12:22.587,66.2000,100
47542587594250,13:12:22.587,66.2000,200
47542587594250,13:12:22.587,66.2000,23
47542588160230,13:12:22.588,66.2100,14
47542588233144,13:12:22.588,66.2100,86
47542588233144,13:12:22.588,66.2100,13
47542589210331,13:12:22.589,66.2100,87
47575011218522,13:12:55.011,66.2300,1
47575011243676,13:12:55.011,66.2300,100
47578060403700,13:12:58.060,66.2600,10
47580105664053,13:13:00.105,66.2700,100
47583028530843,13:13:03.028,66.3000,1
47584011465922,13:13:04.011,66.3100,10
47584011527956,13:13:04.011,66.3200,10
47584011527956,13:13:04.011,66.3200,2
47616866232765,13:13:36.866,66.2900,1
47617631563824,13:13:37.631,66.2700,100
47751706306095,13:15:51.706,66.2900,53
47751706306095,13:15:51.706,66.2900,23
47751706306095,13:15:51.706,66.2900,36
47796127238673,13:16:36.127,66.2700,1
47796127238673,13:16:36.127,66.2700,1
47849660374473,13:17:29.660,66.2400,10
47910776571428,13:18:30.776,66.2100,1
47942424959864,13:19:02.424,66.2000,1
48045861714126,13:20:45.861,66.1900,31
48116342600669,13:21:56.342,66.1900,69
48120004124034,13:22:00.004,66.1900,25
48120004124034,13:22:00.004,66.1900,100
48123919784401,13:22:03.919,66.1800,3
48131173179617,13:22:11.173,66.2000,5
48131173179617,13:22:11.173,66.2000,36
48131173183972,13:22:11.173,66.2000,48
48131173219407,13:22:11.173,66.2000,16
48131173219407,13:22:11.173,66.2000,22
48131173671941,13:22:11.173,66.2100,1
48131173671941,13:22:11.173,66.2100,100
48138202753981,13:22:18.202,66.1800,35
48138202753981,13:22:18.202,66.1800,100
48138204129643,13:22:18.204,66.1700,100
48138205277229,13:22:18.205,66.1700,8
48276135443104,13:24:36.135,66.1900,24
48290850211765,13:24:50.850,66.2000,100
48304978262892,13:25:04.978,66.2100,1
48304978326931,13:25:04.978,66.2000,35
48304978782748,13:25:04.978,66.2000,3
48304981747302,13:25:04.981,66.2200,13
48304981772539,13:25:04.981,66.2200,9
48346018349052,13:25:46.018,66.2400,1
48346022508329,13:25:46.022,66.2600,10
48346022874868,13:25:46.022,66.2700,10
48346022874868,13:25:46.022,66.2700,10
48346219524060,13:25:46.219,66.2800,10
48412024707041,13:26:52.024,66.2900,10
48412024707041,13:26:52.024,66.2900,25
48449141574074,13:27:29.141,66.3100,1
48471047660839,13:27:51.047,66.3200,1
48471047737055,13:27:51.047,66.3100,1
48518666262790,13:28:38.666,66.2900,26
48518666262790,13:28:38.666,66.2800,4
48519130554005,13:28:39.130,66.2800,76
48531190649092,13:28:51.190,66.2800,20
48531190649092,13:28:51.190,66.2800,8
48681389171136,13:31:21.389,66.2800,92
48681389171136,13:31:21.389,66.2800,3
48681389171136,13:31:21.389,66.2800,100
48681391527416,13:31:21.391,66.2700,111
48750046221071,13:32:30.046,66.2300,30
48750047528151,13:32:30.047,66.2300,2
48750047528151,13:32:30.047,66.2200,18
48770159833437,13:32:50.159,66.2200,66
48820630314474,13:33:40.630,66.2000,100
48830114057446,13:33:50.114,66.2000,44
48830114270157,13:33:50.114,66.2000,45
48830114436691,13:33:50.114,66.2000,11
48830114436691,13:33:50.114,66.2000,58
48843588161789,13:34:03.588,66.1700,100
48904987488834,13:35:04.987,66.1500,100
48904987513511,13:35:04.987,66.1500,84
48904989341248,13:35:04.989,66.1600,100
48904989353330,13:35:04.989,66.1500,10
48904989353330,13:35:04.989,66.1500,10
48904992272391,13:35:04.992,66.1700,58
48904992319728,13:35:04.992,66.1700,1
48904992345040,13:35:04.992,66.1700,41
48912000629511,13:35:12.000,66.1900,32
48912000860580,13:35:12.000,66.1900,59
48912000889938,13:35:12.000,66.1900,9
48912001992705,13:35:12.001,66.2100,100
48954157746724,13:35:54.157,66.2300,10
49047378874417,13:37:27.378,66.2500,25
49073329523860,13:37:53.329,66.2500,100
49073329761909,13:37:53.329,66.2500,9
49073329791243,13:37:53.329,66.2500,44
49073329815550,13:37:53.329,66.2500,47
49073333193156,13:37:53.333,66.2700,10
49073333193156,13:37:53.333,66.2700,90
49073333576949,13:37:53.333,66.2700,10
49197037465585,13:39:57.037,66.2900,1
49197037465585,13:39:57.037,66.2900,25
49197037465585,13:39:57.037,66.2900,25
49258013467447,13:40:58.013,66.2700,166
49258013467447,13:40:58.013,66.2700,100
49258013963111,13:40:58.013,66.2700,32
49258013988500,13:40:58.013,66.2700,68
49377712310635,13:42:57.712,66.2200,18
49635116235770,13:47:15.116,66.2500,100
49635116235770,13:47:15.116,66.2500,26
49635119508814,13:47:15.119,66.2400,5
49636457440380,13:47:16.457,66.2400,100
49636458587295,13:47:16.458,66.2300,100
49636458675969,13:47:16.458,66.2300,100
49662657885207,13:47:42.657,66.2100,100
49662660750242,13:47:42.660,66.2000,100
49662660750242,13:47:42.660,66.2000,100
49662660775892,13:47:42.660,66.2000,105
49662660804907,13:47:42.660,66.2000,100
49664560625332,13:47:44.560,66.2000,5
49681072536156,13:48:01.072,66.1900,1
49681072555298,13:48:01.072,66.1900,2
49681072586292,13:48:01.072,66.1900,2
49681072598971,13:48:01.072,66.1900,1
49681072600380,13:48:01.072,66.1900,1
49681072613695,13:48:01.072,66.1900,2
49681072719324,13:48:01.072,66.1900,1
49681072743018,13:48:01.072,66.1900,1
49681072850719,13:48:01.072,66.1900,1
49681087131917,13:48:01.087,66.1900,20
49681216224715,13:48:01.216,66.1800,1
49683101876287,13:48:03.101,66.1600,56
49683101900698,13:48:03.101,66.1600,44
49784739455979,13:49:44.739,66.1500,100
49784739475724,13:49:44.739,66.1500,82
49784739478139,13:49:44.739,66.1500,18
49873975110185,13:51:13.975,66.1600,100
49885780683438,13:51:25.780,66.1400,38
50026280891041,13:53:46.280,66.1700,22
50026280891041,13:53:46.280,66.1700,100
50338020084986,13:58:58.020,66.1300,47
50338020233633,13:58:58.020,66.1300,53
50342759647969,13:59:02.759,66.1400,100
50353261078011,13:59:13.261,66.1300,100
50353261078011,13:59:13.261,66.1300,100
50402690146558,14:00:02.690,66.1300,1
50402691334382,14:00:02.691,66.1300,1
50402691860104,14:00:02.691,66.1300,2
50402696500625,14:00:02.696,66.1300,20
50402707402207,14:00:02.707,66.1600,5
50405724690860,14:00:05.724,66.1600,25
50406735117999,14:00:06.735,66.1800,100
50409002091867,14:00:09.002,66.2200,1
50409028619265,14:00:09.028,66.2300,10
50410487088706,14:00:10.487,66.2400,10
50410526360493,14:00:10.526,66.2600,10
50410526360493,14:00:10.526,66.2600,10
50415114120909,14:00:15.114,66.3000,10
50415114120909,14:00:15.114,66.3000,10
50415114120909,14:00:15.114,66.3000,10
50415114160810,14:00:15.114,66.3100,1
50415114516576,14:00:15.114,66.3200,20
50415115160605,14:00:15.115,66.3300,1
50415115160605,14:00:15.115,66.3300,40
50451052872159,14:00:51.052,66.3500,20
50451052872159,14:00:51.052,66.3500,60
50456209574465,14:00:56.209,66.3800,1
50471021503177,14:01:11.021,66.3800,60
50471021541560,14:01:11.021,66.3800,40
50475373129533,14:01:15.373,66.4000,100
50538034359959,14:02:18.034,66.3000,100
50538034598867,14:02:18.034,66.2900,28
50538034632663,14:02:18.034,66.2900,72
50609490241887,14:03:29.490,66.3600,100
50609557395298,14:03:29.557,66.3800,100
50609557395298,14:03:29.557,66.3800,100
50640359164473,14:04:00.359,66.4000,21
50640359164473,14:04:00.359,66.4000,100
50675144505209,14:04:35.144,66.4200,26
50711250128489,14:05:11.250,66.4700,100
50736168190836,14:05:36.168,66.4400,100
50736168477589,14:05:36.168,66.4400,100
50736168589149,14:05:36.168,66.4300,54
50736168589149,14:05:36.168,66.4300,46
50736168628095,14:05:36.168,66.4300,54
50736168659302,14:05:36.168,66.4300,25
50736170651796,14:05:36.170,66.4200,100
51020013577758,14:10:20.013,66.4200,104
51020013577758,14:10:20.013,66.4200,96
51020013668239,14:10:20.013,66.4200,4
51020013668239,14:10:20.013,66.4200,32
51020013750803,14:10:20.013,66.4200,68
51020014154334,14:10:20.014,66.4200,100
51063913569461,14:11:03.913,66.4600,3
51063916761180,14:11:03.916,66.4600,100
51063916761180,14:11:03.916,66.4500,100
51063917496251,14:11:03.917,66.4700,100
51135422741305,14:12:15.422,66.4800,100
51145189288612,14:12:25.189,66.5100,200
51145189288612,14:12:25.189,66.5100,32
51145189444801,14:12:25.189,66.5100,69
51145189469705,14:12:25.189,66.5100,31
51145190431077,14:12:25.190,66.5100,29
51153049941506,14:12:33.049,66.5300,100
51275070657759,14:14:35.070,66.5900,48
51275070745833,14:14:35.070,66.5800,1
51275070745833,14:14:35.070,66.5800,100
51398518412886,14:16:38.518,66.6300,2
51398518412886,14:16:38.518,66.6300,26
51398519608565,14:16:38.519,66.6400,100
51398519636223,14:16:38.519,66.6400,100
51418016939437,14:16:58.016,66.7000,1
51421525266953,14:17:01.525,66.6900,100
51429764198745,14:17:09.764,66.7100,100
51429766128205,14:17:09.766,66.7000,100
51441067467897,14:17:21.067,66.6700,89
51442473677117,14:17:22.473,66.6600,100
51442482939756,14:17:22.482,66.6500,55
51442482966734,14:17:22.482,66.6500,43
51442482969180,14:17:22.482,66.6500,29
51457416727786,14:17:37.416,66.6600,100
51474367741097,14:17:54.367,66.6500,8
51474418588787,14:17:54.418,66.6500,92
51482809219151,14:18:02.809,66.6400,1
51522831886089,14:18:42.831,66.6400,1
51538328159229,14:18:58.328,66.6300,100
51540422537311,14:19:00.422,66.6300,5
51572547476160,14:19:32.547,66.6600,26
51573561743052,14:19:33.561,66.6700,100
51583562765041,14:19:43.562,66.6900,24
51590625799193,14:19:50.625,66.6900,100
51603511915915,14:20:03.511,66.6900,1
51618078880086,14:20:18.078,66.6800,100
51618088421985,14:20:18.088,66.6500,100
51655562259721,14:20:55.562,66.6700,26
51702441481389,14:21:42.441,66.6900,99
51702441511006,14:21:42.441,66.6900,1
51720552613441,14:22:00.552,66.7000,100
51735070725514,14:22:15.070,66.7100,1
51746563909482,14:22:26.563,66.7300,30
51760075685228,14:22:40.075,66.7700,25
51787287504838,14:23:07.287,66.7900,200
51847094250740,14:24:07.094,66.8000,1
51848643675980,14:24:08.643,66.7700,100
51860159896033,14:24:20.159,66.7800,100
51860649678284,14:24:20.649,66.7900,100
51860649689677,14:24:20.649,66.7900,100
51880220125475,14:24:40.220,66.8300,25
51898776767865,14:24:58.776,66.8500,100
51908875338664,14:25:08.875,66.8500,100
51908879908826,14:25:08.879,66.8600,100
51937697275850,14:25:37.697,66.8900,86
51937697275850,14:25:37.697,66.8900,100
51938157244427,14:25:38.157,66.9000,100
51943867593824,14:25:43.867,66.9000,91
51943867595202,14:25:43.867,66.9000,9
51943867619333,14:25:43.867,66.9000,9
51943867622215,14:25:43.867,66.9000,9
51950144097497,14:25:50.144,66.8700,1
51955064295952,14:25:55.064,66.8600,32
51957531116279,14:25:57.531,66.8500,116
51962583434499,14:26:02.583,66.8600,33
51973659138179,14:26:13.659,66.8700,26
51973659138179,14:26:13.659,66.8700,32
52018019000703,14:26:58.019,66.8700,1
52033614922945,14:27:13.614,66.8500,5
52033615175758,14:27:13.615,66.8400,100
52061136397160,14:27:41.136,66.7700,80
52080345181020,14:28:00.345,66.7900,40
52102331929528,14:28:22.331,66.8200,26
52129038281331,14:28:49.038,66.7900,1
52129038281331,14:28:49.038,66.7900,100
52143975968124,14:29:03.975,66.7600,100
52143975968124,14:29:03.975,66.7600,100
52210841780837,14:30:10.841,66.7900,26
52252071972580,14:30:52.071,66.8700,200
52252073004764,14:30:52.073,66.8800,200
52257078346621,14:30:57.078,66.9100,100
52257078346621,14:30:57.078,66.9200,100
52260094992858,14:31:00.094,66.9000,1
52281072681637,14:31:21.072,66.9100,100
52281073526377,14:31:21.073,66.9000,81
52281073552067,14:31:21.073,66.9000,19
52281073555031,14:31:21.073,66.9000,19
52285016212187,14:31:25.016,66.8800,6
52309464880858,14:31:49.464,66.8700,61
52309475400698,14:31:49.475,66.8300,100
52341346429995,14:32:21.346,66.8400,50
52345286316821,14:32:25.286,66.8500,28
52345286316821,14:32:25.286,66.8500,100
52377688913722,14:32:57.688,66.8700,112
52383020095662,14:33:03.020,66.8700,1
52386204836785,14:33:06.204,66.8600,100
52386205285467,14:33:06.205,66.8500,100
52386205286609,14:33:06.205,66.8500,27
52386205429761,14:33:06.205,66.8500,73
52422286829943,14:33:42.286,66.8300,29
52422286980558,14:33:42.286,66.8300,71
52428908916142,14:33:48.908,66.8400,100
52428908932249,14:33:48.908,66.8500,100
52465022713096,14:34:25.022,66.8700,27
52498061013834,14:34:58.061,66.8800,185
52498061038818,14:34:58.061,66.8800,15
52498061038818,14:34:58.061,66.8800,34
52499185843117,14:34:59.185,66.8900,1
52499185843117,14:34:59.185,66.8900,100
52504644200030,14:35:04.644,66.9100,82
52505077192675,14:35:05.077,66.9000,8
52514688535419,14:35:14.688,66.9000,100
52514688535419,14:35:14.688,66.9000,66
52546610142822,14:35:46.610,66.8600,100
52546610142822,14:35:46.610,66.8600,43
52546610170417,14:35:46.610,66.8600,51
52546610789384,14:35:46.610,66.8600,6
52546676280243,14:35:46.676,66.8500,1
52564332325192,14:36:04.332,66.8500,24
52573451585035,14:36:13.451,66.8300,100
52611069519904,14:36:51.069,66.8500,31
52614529485506,14:36:54.529,66.8600,100
52614529485506,14:36:54.529,66.8600,100
52614529753774,14:36:54.529,66.8600,27
52638714537144,14:37:18.714,66.8700,100
52638714742923,14:37:18.714,66.8700,100
52638714771400,14:37:18.714,66.8700,100
52659743479898,14:37:39.743,66.9000,2
52664137923896,14:37:44.137,66.8900,100
52664138990626,14:37:44.138,66.8800,79
52664139015389,14:37:44.139,66.8800,21
52664151139670,14:37:44.151,66.8900,100
52691241257306,14:38:11.241,66.9100,27
52691241688332,14:38:11.241,66.9200,2
52707314223528,14:38:27.314,66.9300,100
52729043426334,14:38:49.043,66.9300,36
52729043953576,14:38:49.043,66.9400,100
52733541162411,14:38:53.541,66.9200,1
52751633946532,14:39:11.633,66.9400,100
52755471424292,14:39:15.471,66.9300,82
52755471797195,14:39:15.471,66.9300,18
52755481767494,14:39:15.481,66.9000,100
52880273327232,14:41:20.273,66.9000,100
52880273327232,14:41:20.273,66.9000,28
52911319460995,14:41:51.319,66.9100,37
52927409181176,14:42:07.409,66.8900,100
52954194194620,14:42:34.194,66.8900,100
52986415271015,14:43:06.415,66.8800,36
52995226547772,14:43:15.226,66.9000,50
52995226547772,14:43:15.226,66.9000,31
52995226547772,14:43:15.226,66.9000,5
53000330211667,14:43:20.330,66.9000,28
53009521597784,14:43:29.521,66.9200,100
53027004329656,14:43:47.004,66.9500,5
53041007807849,14:44:01.007,66.9600,2
53041025752776,14:44:01.025,66.9600,98
53041046426579,14:44:01.046,66.9600,2
53041046479712,14:44:01.046,66.9600,98
53041746556084,14:44:01.746,66.9700,2
53053507126596,14:44:13.507,66.9400,100
53053507126596,14:44:13.507,66.9400,100
53053509885700,14:44:13.509,66.9400,100
53053537650439,14:44:13.537,66.9300,144
53053539112725,14:44:13.539,66.9300,100
53054269591895,14:44:14.269,66.9300,56
53071390457074,14:44:31.390,66.9500,28
53118330439665,14:45:18.330,66.9200,100
53119778291143,14:45:19.778,66.9200,100
53155284402021,14:45:55.284,66.8800,25
53165506010111,14:46:05.506,66.8700,74
53182572152009,14:46:22.572,66.8900,2
53182572152009,14:46:22.572,66.8900,27
53215155214277,14:46:55.155,66.9100,11
53216221706929,14:46:56.221,66.9200,31
53216476585378,14:46:56.476,66.9400,5
53227072182384,14:47:07.072,66.9500,100
53228337351139,14:47:08.337,66.9700,1
53240074796815,14:47:20.074,66.9600,100
53240074796815,14:47:20.074,66.9600,37
53246530072384,14:47:26.530,66.9400,24
53298649837129,14:48:18.649,66.9500,10
53401990000604,14:50:01.990,66.9550,100
53409057016180,14:50:09.057,66.9700,27
53409057016180,14:50:09.057,66.9700,2
53411384411399,14:50:11.384,66.9800,26
53411385394241,14:50:11.385,66.9900,1
53411385394241,14:50:11.385,66.9900,100
53468533985670,14:51:08.533,66.9600,100
53474114499704,14:51:14.114,66.9000,100
53505032484424,14:51:45.032,66.9200,100
53516385445987,14:51:56.385,66.9400,30
53538227851589,14:52:18.227,66.9600,27
53538887052693,14:52:18.887,66.9700,100
53542116103023,14:52:22.116,67.0100,5
53542116103023,14:52:22.116,67.0100,100
53595458782869,14:53:15.458,67.0100,100
53595458976241,14:53:15.458,67.0100,100
53595458976241,14:53:15.458,67.0100,100
53595989589436,14:53:15.989,67.0200,5
53595989589436,14:53:15.989,67.0200,33
53595990317390,14:53:15.990,67.0300,1
53595990317390,14:53:15.990,67.0300,9
53609635323420,14:53:29.635,67.0300,100
53610637876588,14:53:30.637,67.0300,100
53610637876588,14:53:30.637,67.0300,100
53611642691612,14:53:31.642,67.0400,5
53621021213804,14:53:41.021,67.0500,1
53621021213804,14:53:41.021,67.0500,9
53621021554831,14:53:41.021,67.0600,5
53625623162582,14:53:45.623,67.0700,5
53639839559676,14:53:59.839,67.0900,1
53653600006729,14:54:13.600,67.1100,5
53653600006729,14:54:13.600,67.1100,25
53653600006729,14:54:13.600,67.1100,27
53653602266804,14:54:13.602,67.1200,2
53659727595096,14:54:19.727,67.1300,10
53660761767914,14:54:20.761,67.1400,2
53660761767914,14:54:20.761,67.1400,5
53689083454267,14:54:49.083,67.1200,1
53689083454267,14:54:49.083,67.1200,100
53689083454267,14:54:49.083,67.1200,100
53689091125335,14:54:49.091,67.1000,300
53695278645779,14:54:55.278,67.0900,24
53695278645779,14:54:55.278,67.0800,49
53701625349547,14:55:01.625,67.1200,2
53701625408485,14:55:01.625,67.1200,79
53701625408485,14:55:01.625,67.1200,34
53784153734955,14:56:24.153,67.1200,10
53790359009017,14:56:30.359,67.1400,100
53790359048437,14:56:30.359,67.1400,26
53790359048437,14:56:30.359,67.1500,2
53790359048437,14:56:30.359,67.1500,45
53790359255230,14:56:30.359,67.1500,29
53793487549142,14:56:33.487,67.1400,1
53793517817536,14:56:33.517,67.1100,100
53793517841063,14:56:33.517,67.1100,100
53826972834388,14:57:06.972,67.1000,100
53826981173805,14:57:06.981,67.0900,100
53826981197864,14:57:06.981,67.0900,100
53843585854896,14:57:23.585,67.0800,33
53860605341270,14:57:40.605,67.1000,100
53883932562143,14:58:03.932,67.0700,100
53979596216831,14:59:39.596,67.1200,100
53979596216831,14:59:39.596,67.1200,24
53979596216831,14:59:39.596,67.1200,33
53989639547076,14:59:49.639,67.1300,100
54007202174122,15:00:07.202,67.1300,1
54007203110905,15:00:07.203,67.1200,100
54059011200298,15:00:59.011,67.1200,1
54073047981112,15:01:13.047,67.1200,100
54073071076022,15:01:13.071,67.1200,100
54075882730862,15:01:15.882,67.1200,25
54083637138498,15:01:23.637,67.1100,100
54127720296740,15:02:07.720,67.1000,2
54127720296740,15:02:07.720,67.1000,98
54128214794737,15:02:08.214,67.1000,2
54128214794737,15:02:08.214,67.1000,39
54128214828311,15:02:08.214,67.1000,61
54128215322497,15:02:08.215,67.1000,5
54128215322497,15:02:08.215,67.1000,5
54135693248861,15:02:15.693,67.0850,2
54192155426977,15:03:12.155,67.0900,100
54192155426977,15:03:12.155,67.0900,100
54192155426977,15:03:12.155,67.0900,28
54192158515901,15:03:12.158,67.1100,100
54193454187400,15:03:13.454,67.1200,3
54196030781234,15:03:16.030,67.1200,1
54196030807497,15:03:16.030,67.1200,96
54196030807497,15:03:16.030,67.1200,24
54205340772867,15:03:25.340,67.1300,4
54213076320720,15:03:33.076,67.1100,100
54228531696031,15:03:48.531,67.0900,100
54236939774167,15:03:56.939,67.0900,45
54236939774167,15:03:56.939,67.0900,55
54236939804276,15:03:56.939,67.0900,45
54236945608678,15:03:56.945,67.0900,29
54278289154806,15:04:38.289,67.0800,100
54278290262841,15:04:38.290,67.0800,40
54279036591536,15:04:39.036,67.0600,5
54306475897503,15:05:06.475,67.1000,100
54307071967408,15:05:07.071,67.1000,25
54324209101959,15:05:24.209,67.1000,5
54365297060265,15:06:05.297,67.0700,27
54365297060265,15:06:05.297,67.0700,37
54375369665589,15:06:15.369,67.0700,75
54382458596362,15:06:22.458,67.0600,1
54382458596362,15:06:22.458,67.0600,38
54382485471218,15:06:22.485,67.0400,32
54390649021124,15:06:30.649,67.0200,100
54445625551986,15:07:25.625,67.0500,100
54445625551986,15:07:25.625,67.0500,26
54457675684634,15:07:37.675,67.0400,57
54457676663627,15:07:37.676,67.0200,100
54475479520446,15:07:55.479,67.0000,2
54512305430385,15:08:32.305,67.0200,1
54546085402930,15:09:06.085,67.0100,100
54551114668264,15:09:11.114,67.0000,100
54551114668264,15:09:11.114,67.0000,100
54597080881908,15:09:57.080,66.9700,76
54597081040877,15:09:57.081,66.9700,24
54601892893406,15:10:01.892,66.9500,1
54601894038521,15:10:01.894,66.9500,2
54638680714760,15:10:38.680,66.9200,72
54638680781471,15:10:38.680,66.9200,28
54638680781471,15:10:38.680,66.9200,100
54654864514688,15:10:54.864,66.8800,1
54654864585252,15:10:54.864,66.8800,99
54667890109128,15:11:07.890,66.8900,29
54667890109128,15:11:07.890,66.8900,100
54688817372750,15:11:28.817,66.9000,26
54688817372750,15:11:28.817,66.9000,74
54688817430558,15:11:28.817,66.9000,100
54688817530887,15:11:28.817,66.9000,26
54688817530887,15:11:28.817,66.9000,30
54688818728352,15:11:28.818,66.9100,100
54732922812515,15:12:12.922,66.8900,100
54732926892624,15:12:12.926,66.8900,25
54732931218658,15:12:12.931,66.8800,100
54732931218658,15:12:12.931,66.8800,100
54733099341287,15:12:13.099,66.8900,80
54733099341287,15:12:13.099,66.8800,100
54743056885777,15:12:23.056,66.8900,27
54891565199954,15:14:51.565,66.8900,27
54891565199954,15:14:51.565,66.8900,73
54891565242220,15:14:51.565,66.8900,52
54891565242220,15:14:51.565,66.8900,100
54891565692484,15:14:51.565,66.8900,100
54911476970062,15:15:11.476,66.8900,100
54926101563503,15:15:26.101,66.9000,69
54926105058770,15:15:26.105,66.9000,31
54926105058770,15:15:26.105,66.9000,42
54926105263057,15:15:26.105,66.9000,58
54926105263057,15:15:26.105,66.9000,31
54943072581086,15:15:43.072,66.9100,5
54947319299583,15:15:47.319,66.9100,22
54961816535819,15:16:01.816,66.9000,1
54961816535819,15:16:01.816,66.9000,10
54966718155333,15:16:06.718,66.8800,200
54966724218777,15:16:06.724,66.8800,25
54991788327716,15:16:31.788,66.8900,100
55029838315356,15:17:09.838,66.8900,100
55074184053640,15:17:54.184,66.9100,100
55074184080604,15:17:54.184,66.9100,25
55074189098543,15:17:54.189,66.9200,30
55076246594888,15:17:56.246,66.9400,5
55076246594888,15:17:56.246,66.9400,100
55098787919234,15:18:18.787,66.9400,85
55098787943335,15:18:18.787,66.9400,15
55108886766593,15:18:28.886,66.9500,3
55108886766593,15:18:28.886,66.9500,2
55108886766593,15:18:28.886,66.9500,26
55173003809930,15:19:33.003,66.9700,10
55175514160835,15:19:35.514,66.9800,1
55175514160835,15:19:35.514,66.9800,100
55197582031079,15:19:57.582,66.9600,35
55202658749949,15:20:02.658,66.9800,28
55206478053190,15:20:06.478,66.9900,100
55206478053190,15:20:06.478,66.9900,26
55206478053190,15:20:06.478,66.9900,100
55210263057033,15:20:10.263,67.0000,10
55210263057033,15:20:10.263,67.0000,90
55210263090789,15:20:10.263,67.0000,10
55215655907144,15:20:15.655,67.0000,100
55215655907144,15:20:15.655,67.0000,100
55266118247468,15:21:06.118,66.9800,100
55271113188175,15:21:11.113,66.9700,100
55285855650801,15:21:25.855,66.9600,95
55285855650801,15:21:25.855,66.9600,53
55285855652682,15:21:25.855,66.9600,47
55285855652682,15:21:25.855,66.9600,26
55285855853024,15:21:25.855,66.9600,15
55285855854558,15:21:25.855,66.9600,59
55285855854558,15:21:25.855,66.9600,14
55285856516317,15:21:25.856,66.9600,10
55285864884636,15:21:25.864,66.9500,114
55286858508373,15:21:26.858,66.9600,100
55296694898978,15:21:36.694,66.9600,100
55296694898978,15:21:36.694,66.9600,200
55381081332086,15:23:01.081,66.9400,100
55386709737164,15:23:06.709,66.9300,100
55442679081393,15:24:02.679,66.9400,100
55505302241958,15:25:05.302,66.9400,100
55561456807568,15:26:01.456,66.9200,104
55561474093173,15:26:01.474,66.9200,25
55561474093173,15:26:01.474,66.9100,1
55561474093173,15:26:01.474,66.9100,60
55561481309611,15:26:01.481,66.9100,25
55561703738812,15:26:01.703,66.9000,100
55578647114890,15:26:18.647,66.9300,26
55578647114890,15:26:18.647,66.9300,100
55578647114890,15:26:18.647,66.9300,74
55578647157891,15:26:18.647,66.9300,26
55578647157891,15:26:18.647,66.9300,100
55579270877844,15:26:19.270,66.9300,100
55579659788129,15:26:19.659,66.9300,100
55654018825940,15:27:34.018,66.9300,100
55654018825940,15:27:34.018,66.9300,100
55654032465947,15:27:34.032,66.9200,20
55659783756297,15:27:39.783,66.9400,30
55659783756297,15:27:39.783,66.9400,100
55659785093604,15:27:39.785,66.9500,10
55659798866270,15:27:39.798,66.9500,100
55676973051809,15:27:56.973,66.9600,29
55717108130244,15:28:37.108,66.9700,100
55724188297128,15:28:44.188,66.9800,29
55724209339190,15:28:44.209,66.9800,100
55735764734148,15:28:55.764,66.9700,100
55735796754940,15:28:55.796,66.9500,32
55741027238456,15:29:01.027,66.9600,100
55741078300958,15:29:01.078,66.9600,100
55741935102268,15:29:01.935,66.9500,100
55743401487147,15:29:03.401,66.9500,1
55746909255093,15:29:06.909,66.9500,4
55751245023009,15:29:11.245,66.9400,8
55751245622396,15:29:11.245,66.9400,192
55752248207475,15:29:12.248,66.9400,77
55752248237670,15:29:12.248,66.9400,23
55766587932745,15:29:26.587,66.9300,100
55802020071951,15:30:02.020,66.9200,100
55802020144361,15:30:02.020,66.9200,100
55802559873128,15:30:02.559,66.9200,100
55802559905095,15:30:02.559,66.9200,100
55852662870216,15:30:52.662,66.8800,200
55852662870216,15:30:52.662,66.8800,26
55852687858400,15:30:52.687,66.8800,24
55852706006123,15:30:52.706,66.8600,14
55868358119009,15:31:08.358,66.8700,100
55872335956260,15:31:12.335,66.8800,100
55872335966086,15:31:12.335,66.8800,100
55872335966086,15:31:12.335,66.8800,24
55872336109716,15:31:12.336,66.8800,76
55872336109716,15:31:12.336,66.8800,24
55872894301463,15:31:12.894,66.8800,5
55879876196191,15:31:19.876,66.8800,100
55887838533273,15:31:27.838,66.8700,100
55894663791535,15:31:34.663,66.8400,100
55894663791535,15:31:34.663,66.8400,100
55894663791535,15:31:34.663,66.8400,100
55920891461493,15:32:00.891,66.8400,100
55968069073784,15:32:48.069,66.8300,100
55968069473463,15:32:48.069,66.8200,114
55981011443935,15:33:01.011,66.8200,100
55981907206927,15:33:01.907,66.8100,1
55983888232376,15:33:03.888,66.8100,39
55987541684855,15:33:07.541,66.8100,10
55990601674653,15:33:10.601,66.8100,20
55990637309044,15:33:10.637,66.8100,30
56000659083973,15:33:20.659,66.8000,34
56000659083973,15:33:20.659,66.8000,104
56029427243197,15:33:49.427,66.7800,100
56040063604925,15:34:00.063,66.7800,49
56040064004816,15:34:00.064,66.7800,51
56043236369263,15:34:03.236,66.7600,100
56093319543884,15:34:53.319,66.7300,55
56095035314193,15:34:55.035,66.7200,29
56123392232897,15:35:23.392,66.7300,100
56123392232897,15:35:23.392,66.7300,95
56123392261604,15:35:23.392,66.7300,5
56123756580389,15:35:23.756,66.7300,100
56173183382052,15:36:13.183,66.7200,100
56173183382052,15:36:13.183,66.7200,100
56173184422214,15:36:13.184,66.7200,100
56206802031897,15:36:46.802,66.7100,100
56206802525842,15:36:46.802,66.7100,32
56206803530910,15:36:46.803,66.7000,100
56252504626644,15:37:32.504,66.7200,149
56252504658153,15:37:32.504,66.7200,51
56252504658153,15:37:32.504,66.7200,29
56252504658153,15:37:32.504,66.7200,100
56252506310675,15:37:32.506,66.7300,65
56255231379928,15:37:35.231,66.7400,100
56255231379928,15:37:35.231,66.7400,100
56314932552940,15:38:34.932,66.7400,4
56314932552940,15:38:34.932,66.7400,96
56314932983305,15:38:34.932,66.7400,4
56323483845100,15:38:43.483,66.7500,100
56323532618687,15:38:43.532,66.7600,22
56323533592764,15:38:43.533,66.7600,40
56323534037649,15:38:43.534,66.7600,38
56323534037649,15:38:43.534,66.7600,100
56323534037649,15:38:43.534,66.7600,62
56323535723177,15:38:43.535,66.7600,38
56324852365002,15:38:44.852,66.7700,1
56350635627048,15:39:10.635,66.7800,100
56350636640700,15:39:10.636,66.7700,100
56350636640700,15:39:10.636,66.7700,100
56350636712181,15:39:10.636,66.7700,28
56370348435377,15:39:30.348,66.7600,100
56371431944360,15:39:31.431,66.7800,100
56381354887978,15:39:41.354,66.7900,1
56397107887007,15:39:57.107,66.7800,100
56397109901705,15:39:57.109,66.7700,100
56402350387169,15:40:02.350,66.7800,100
56406701515655,15:40:06.701,66.7800,50
56406701545156,15:40:06.701,66.7800,50
56461127707195,15:41:01.127,66.7700,100
56461127915096,15:41:01.127,66.7700,100
56494332307699,15:41:34.332,66.7700,66
56499853442897,15:41:39.853,66.7700,100
56509166396318,15:41:49.166,66.7800,28
56509318666543,15:41:49.318,66.7900,100
56517811346821,15:41:57.811,66.7800,100
56523016806978,15:42:03.016,66.7900,100
56523412897681,15:42:03.412,66.8000,5
56561508016872,15:42:41.508,66.8100,2
56561508016872,15:42:41.508,66.8100,34
56561508016872,15:42:41.508,66.8100,64
56561508085157,15:42:41.508,66.8100,36
56561508085157,15:42:41.508,66.8100,49
56561508164775,15:42:41.508,66.8100,100
56561508214015,15:42:41.508,66.8100,51
56566053261089,15:42:46.053,66.8200,1
56566053261089,15:42:46.053,66.8200,4
56572105281721,15:42:52.105,66.8300,2
56572105281721,15:42:52.105,66.8300,2
56572105281721,15:42:52.105,66.8300,1
56583917959343,15:43:03.917,66.8500,18
56593205881399,15:43:13.205,66.8400,100
56602634253782,15:43:22.634,66.8200,34
56652249141930,15:44:12.249,66.8200,100
56667817475084,15:44:27.817,66.8100,100
56668820314025,15:44:28.820,66.8100,5
56668820314025,15:44:28.820,66.8100,30
56668820314025,15:44:28.820,66.8100,65
56668820412081,15:44:28.820,66.8100,35
56700008783235,15:45:00.008,66.8100,100
56700008783235,15:45:00.008,66.8100,100
56717645722676,15:45:17.645,66.8200,50
56717645735628,15:45:17.645,66.8200,50
56717729505783,15:45:17.729,66.8300,100
56717729529652,15:45:17.729,66.8300,100
56731318743201,15:45:31.318,66.8600,8
56731318743201,15:45:31.318,66.8600,1
56731318743201,15:45:31.318,66.8600,1
56731318743201,15:45:31.318,66.8600,30
56737387964264,15:45:37.387,66.8700,3
56737387964264,15:45:37.387,66.8700,7
56737387964264,15:45:37.387,66.8700,49
56737388022138,15:45:37.388,66.8700,51
56761570003376,15:46:01.570,66.8600,100
56761570003376,15:46:01.570,66.8600,100
56761927534507,15:46:01.927,66.8600,100
56817190226966,15:46:57.190,66.8600,100
56817190287466,15:46:57.190,66.8600,100
56834857534088,15:47:14.857,66.8700,100
56857982142445,15:47:37.982,66.8600,100
56857982142445,15:47:37.982,66.8600,100
56857982199984,15:47:37.982,66.8600,100
56857982199984,15:47:37.982,66.8600,24
56857985129987,15:47:37.985,66.8600,25
56873737907846,15:47:53.737,66.8500,100
56901360851472,15:48:21.360,66.8500,100
56904168323914,15:48:24.168,66.8500,24
56904168323914,15:48:24.168,66.8500,76
56904169099280,15:48:24.169,66.8500,49
56904169154045,15:48:24.169,66.8500,75
56904169154045,15:48:24.169,66.8500,20
56904169154045,15:48:24.169,66.8500,5
56904169663140,15:48:24.169,66.8500,11
56916271065893,15:48:36.271,66.8300,100
56917539591920,15:48:37.539,66.8200,4
56963709820338,15:49:23.709,66.8100,100
56963709820338,15:49:23.709,66.8100,100
56963709820338,15:49:23.709,66.8100,300
56964711809923,15:49:24.711,66.8100,5
56983910905432,15:49:43.910,66.8200,100
56983910905432,15:49:43.910,66.8200,100
56983910905432,15:49:43.910,66.8200,100
56983910905432,15:49:43.910,66.8200,29
56983910941293,15:49:43.910,66.8200,71
56983910941293,15:49:43.910,66.8200,100
56983913737175,15:49:43.913,66.8300,100
56983913737175,15:49:43.913,66.8300,50
56991202923504,15:49:51.202,66.8400,100
56991202924105,15:49:51.202,66.8400,100
57032179186270,15:50:32.179,66.8600,75
57040024103112,15:50:40.024,66.8600,15
57067683783610,15:51:07.683,66.8600,100
57068252354115,15:51:08.252,66.8600,100
57068252354115,15:51:08.252,66.8600,200
57068259261217,15:51:08.259,66.8600,16
57125366940222,15:52:05.366,66.8400,100
57135533038578,15:52:15.533,66.8400,1
57135533038578,15:52:15.533,66.8400,99
57135533077613,15:52:15.533,66.8400,1
57135533077613,15:52:15.533,66.8400,1
57137907722273,15:52:17.907,66.8400,100
57138159611882,15:52:18.159,66.8400,16
57160067372287,15:52:40.067,66.8200,100
57160067372287,15:52:40.067,66.8200,100
57160069103285,15:52:40.069,66.8100,100
57168060787304,15:52:48.060,66.7800,100
57186250644726,15:53:06.250,66.7800,100
57215260427032,15:53:35.260,66.7700,5
57215260427032,15:53:35.260,66.7700,15
57215260427032,15:53:35.260,66.7700,80
57215260588515,15:53:35.260,66.7700,20
57215262285534,15:53:35.262,66.7800,31
57215262376740,15:53:35.262,66.7800,69
57221604039984,15:53:41.604,66.7800,100
57252015350748,15:54:12.015,66.7900,100
57252015350748,15:54:12.015,66.7900,89
57252015763603,15:54:12.015,66.7900,11
57252015763603,15:54:12.015,66.7900,100
57252015763603,15:54:12.015,66.7900,50
57254049864439,15:54:14.049,66.7900,36
57256548583122,15:54:16.548,66.7900,16
57256548583122,15:54:16.548,66.7800,84
57270714398219,15:54:30.714,66.8100,20
57270714398219,15:54:30.714,66.8100,100
57291417723487,15:54:51.417,66.8200,100
57291417723487,15:54:51.417,66.8300,100
57291417723487,15:54:51.417,66.8300,74
57298020600375,15:54:58.020,66.8400,100
57298020600375,15:54:58.020,66.8400,100
57298020600375,15:54:58.020,66.8400,75
57300938110199,15:55:00.938,66.8500,99
57300940028068,15:55:00.940,66.8500,1
57300940028068,15:55:00.940,66.8500,99
57300940176259,15:55:00.940,66.8500,1
57310136321084,15:55:10.136,66.8800,100
57310136321084,15:55:10.136,66.8800,27
57320432336096,15:55:20.432,66.8900,10
57320432336096,15:55:20.432,66.8900,39
57320432681042,15:55:20.432,66.8900,61
57320607972668,15:55:20.607,66.8900,100
57323523507906,15:55:23.523,66.9000,100
57329818084158,15:55:29.818,66.9100,100
57344066705243,15:55:44.066,66.9200,7
57344066705243,15:55:44.066,66.9200,3
57344066705243,15:55:44.066,66.9200,100
57344066705243,15:55:44.066,66.9200,90
57345621666706,15:55:45.621,66.9300,5
57345621666706,15:55:45.621,66.9300,75
57345621666706,15:55:45.621,66.9400,100
57345621666706,15:55:45.621,66.9400,100
57345621666706,15:55:45.621,66.9400,5
57345621666706,15:55:45.621,66.9500,8
57345621666706,15:55:45.621,66.9500,2
57363410276891,15:56:03.410,66.9600,167
57363410276891,15:56:03.410,66.9600,75
57375066654540,15:56:15.066,66.9600,100
57375066654540,15:56:15.066,66.9600,100
57375068796829,15:56:15.068,66.9500,100
57375068823721,15:56:15.068,66.9500,12
57385611404277,15:56:25.611,66.9600,100
57393812268090,15:56:33.812,66.9700,28
57393812268090,15:56:33.812,66.9700,36
57401165044372,15:56:41.165,66.9700,54
57401165044372,15:56:41.165,66.9700,100
57401424389470,15:56:41.424,66.9700,25
57405612535927,15:56:45.612,66.9700,15
57405612972770,15:56:45.612,66.9700,85
57411842989423,15:56:51.842,66.9700,100
57411844470940,15:56:51.844,66.9700,100
57412212864368,15:56:52.212,66.9700,100
57421009962199,15:57:01.009,66.9700,51
57421009962199,15:57:01.009,66.9700,33
57430939702746,15:57:10.939,66.9700,300
57430942519843,15:57:10.942,66.9600,50
57431381508393,15:57:11.381,66.9600,100
57431381558998,15:57:11.381,66.9600,16
57432884839715,15:57:12.884,66.9500,100
57449207281965,15:57:29.207,66.9500,16
57449207311962,15:57:29.207,66.9500,84
57449207316619,15:57:29.207,66.9500,84
57449207368116,15:57:29.207,66.9500,16
57451193465904,15:57:31.193,66.9600,4
57458031983533,15:57:38.031,66.9400,100
57458031983533,15:57:38.031,66.9400,100
57458031983533,15:57:38.031,66.9400,6
57458032969977,15:57:38.032,66.9400,33
57469622017066,15:57:49.622,66.9100,100
57481004299395,15:58:01.004,66.9000,100
57481004299395,15:58:01.004,66.9000,100
57481207618037,15:58:01.207,66.8900,100
57481511503063,15:58:01.511,66.8800,100
57483707350931,15:58:03.707,66.8800,24
57488018643250,15:58:08.018,66.9000,66
57488018657372,15:58:08.018,66.9000,9
57501633478054,15:58:21.633,66.9000,55
57501633572531,15:58:21.633,66.9000,45
57501633572531,15:58:21.633,66.9000,10
57508820228138,15:58:28.820,66.9000,10
57513230661420,15:58:33.230,66.9100,24
57514992756338,15:58:34.992,66.9100,100
57522630975760,15:58:42.630,66.9100,22
57522631177506,15:58:42.631,66.9100,78
57526116131434,15:58:46.116,66.9200,100
57542539457695,15:59:02.539,66.9400,38
57549230957485,15:59:09.230,66.9600,36
57549230957485,15:59:09.230,66.9600,64
57549231012406,15:59:09.231,66.9600,11
57550114068084,15:59:10.114,66.9600,6
57550114068084,15:59:10.114,66.9600,36
57550114068084,15:59:10.114,66.9600,58
57550114097934,15:59:10.114,66.9600,6
57550114097934,15:59:10.114,66.9600,100
57550114630783,15:59:10.114,66.9600,11
57555002689545,15:59:15.002,66.9700,48
57555002689545,15:59:15.002,66.9700,24
57563780307485,15:59:23.780,66.9800,21
57570976492200,15:59:30.976,66.9700,34
57583886511006,15:59:43.886,66.9800,10
57583886511006,15:59:43.886,66.9800,100
57583886511006,15:59:43.886,66.9800,100
57591043987955,15:59:51.043,67.0000,28
57591422097794,15:59:51.422,66.9900,4
57594425873266,15:59:54.425,67.0200,100
57600264456150,16:00:00.264,0.0000,0
