timestamp,time,price,volume
34200937161347,09:30:00.937,0.0000,0
34209688009008,09:30:09.688,26.3600,8
34278664175450,09:31:18.664,26.3800,100
34278664175450,09:31:18.664,26.3800,100
34322311374524,09:32:02.311,26.3800,4
34419453066019,09:33:39.453,26.4500,100
34419483512584,09:33:39.483,26.4500,100
34419483578062,09:33:39.483,26.4500,100
34419483578062,09:33:39.483,26.4500,100
34425526257161,09:33:45.526,26.4900,100
34434767284552,09:33:54.767,26.4800,100
34442967762639,09:34:02.967,26.4800,100
34442967762639,09:34:02.967,26.4800,100
34443019144457,09:34:03.019,26.4800,100
34443019144457,09:34:03.019,26.4800,100
34445932138440,09:34:05.932,26.4700,100
34449679758283,09:34:09.679,26.4900,100
34467157587470,09:34:27.157,26.4900,1
34467158957793,09:34:27.158,26.5000,100
34467158957793,09:34:27.158,26.5000,100
34467206551886,09:34:27.206,26.5000,100
34467206551886,09:34:27.206,26.5000,100
34467471458973,09:34:27.471,26.5000,100
34467479597224,09:34:27.479,26.5000,100
34467479597224,09:34:27.479,26.5000,100
34469809777608,09:34:29.809,26.5000,100
34469809777608,09:34:29.809,26.5000,100
34495663345067,09:34:55.663,26.4900,100
34497168695259,09:34:57.168,26.4800,6
34502866337471,09:35:02.866,26.4900,100
34517122087383,09:35:17.122,26.5000,200
34548462234734,09:35:48.462,26.4900,100
34576690074038,09:36:16.690,26.5000,100
34628220464141,09:37:08.220,26.5000,100
34628220464141,09:37:08.220,26.5000,100
34628238606594,09:37:08.238,26.5000,100
34628238606594,09:37:08.238,26.5000,100
34628238606594,09:37:08.238,26.5000,500
34628240496184,09:37:08.240,26.5000,100
34628241971006,09:37:08.241,26.5000,100
34628251434086,09:37:08.251,26.5000,100
34628302304629,09:37:08.302,26.5000,100
34628304815075,09:37:08.304,26.5000,100
34628308911729,09:37:08.308,26.5000,100
34628498660991,09:37:08.498,26.5000,100
34628539008364,09:37:08.539,26.5000,100
34628638577712,09:37:08.638,26.5000,100
34629028315341,09:37:09.028,26.5000,100
34629028315341,09:37:09.028,26.5000,100
34629038549582,09:37:09.038,26.5000,100
34629038549582,09:37:09.038,26.5000,100
34629039147856,09:37:09.039,26.5000,100
34629039836769,09:37:09.039,26.5000,100
34629039836769,09:37:09.039,26.5000,100
34629040556228,09:37:09.040,26.5000,100
34629040556228,09:37:09.040,26.5000,100
34629040556228,09:37:09.040,26.5000,100
34629040612589,09:37:09.040,26.5000,100
34629040612589,09:37:09.040,26.5000,100
34629041686269,09:37:09.041,26.5000,100
34629041686269,09:37:09.041,26.5000,100
34629073919641,09:37:09.073,26.5000,100
34629338460244,09:37:09.338,26.5000,100
34629338460244,09:37:09.338,26.5000,100
34629341070750,09:37:09.341,26.5000,200
34629341084257,09:37:09.341,26.5000,100
34629341084257,09:37:09.341,26.5000,100
34629341084257,09:37:09.341,26.5000,100
34629619788820,09:37:09.619,26.5000,100
34629635158409,09:37:09.635,26.5000,100
34629635158409,09:37:09.635,26.5100,100
34629635158409,09:37:09.635,26.5100,100
34629635158409,09:37:09.635,26.5100,100
34629635158409,09:37:09.635,26.5100,100
34629635158409,09:37:09.635,26.5100,100
34629635380980,09:37:09.635,26.5100,22
34629635380980,09:37:09.635,26.5100,78
34629635453826,09:37:09.635,26.5100,22
34637623345691,09:37:17.623,26.5200,200
34637623345691,09:37:17.623,26.5200,100
34663846634089,09:37:43.846,26.5300,22
34663846634089,09:37:43.846,26.5300,222
34672643799646,09:37:52.643,26.5100,24
34732657587681,09:38:52.657,26.5100,100
34732657644954,09:38:52.657,26.5100,100
34738322199208,09:38:58.322,26.4900,100
34761150653269,09:39:21.150,26.4600,100
34761150705801,09:39:21.150,26.4600,26
34761153693914,09:39:21.153,26.4700,100
34761153693914,09:39:21.153,26.4700,35
34761153693914,09:39:21.153,26.4700,65
34761311377005,09:39:21.311,26.4800,100
34761790771278,09:39:21.790,26.4900,100
34761790771278,09:39:21.790,26.4900,100
34762668866188,09:39:22.668,26.5100,100
34762668866188,09:39:22.668,26.5100,100
34823997904141,09:40:23.997,26.4800,100
34838631650229,09:40:38.631,26.5000,100
34838631650229,09:40:38.631,26.5000,100
34838631650229,09:40:38.631,26.5000,100
34844926717298,09:40:44.926,26.5000,200
34861328085014,09:41:01.328,26.5000,100
34861328085014,09:41:01.328,26.5000,100
34931467876817,09:42:11.467,26.5200,38
34931467903755,09:42:11.467,26.5200,62
34953046265599,09:42:33.046,26.5400,100
35040546281037,09:44:00.546,26.5400,24
35040546639532,09:44:00.546,26.5400,76
35131431191727,09:45:31.431,26.5200,100
35131431191727,09:45:31.431,26.5200,100
35131447343922,09:45:31.447,26.5100,100
35131447343922,09:45:31.447,26.5100,100
35131447343922,09:45:31.447,26.5100,100
35131449537966,09:45:31.449,26.5100,100
35131472982922,09:45:31.472,26.5100,100
35131473033699,09:45:31.473,26.5100,30
35131473072592,09:45:31.473,26.5100,11
35131473191756,09:45:31.473,26.5100,89
35133423370070,09:45:33.423,26.5200,100
35133423396378,09:45:33.423,26.5200,100
35190272885114,09:46:30.272,26.4850,200
35190274024035,09:46:30.274,26.4900,100
35190274024035,09:46:30.274,26.4900,100
35201366287898,09:46:41.366,26.4850,100
35201367645285,09:46:41.367,26.4900,100
35201396433309,09:46:41.396,26.4900,100
35201396433309,09:46:41.396,26.4900,100
35201396433309,09:46:41.396,26.4900,100
35201396433309,09:46:41.396,26.4850,400
35201644206018,09:46:41.644,26.4900,100
35202220759907,09:46:42.220,26.4950,100
35202220759907,09:46:42.220,26.5000,100
35202220759907,09:46:42.220,26.5000,100
35202220759907,09:46:42.220,26.5000,200
35202222280978,09:46:42.222,26.5000,100
35202501785355,09:46:42.501,26.5000,100
35253597781873,09:47:33.597,26.5100,100
35269124522967,09:47:49.124,26.5000,100
35269124522967,09:47:49.124,26.5000,100
35269125089705,09:47:49.125,26.5000,30
35269125645744,09:47:49.125,26.5000,70
35269125645744,09:47:49.125,26.5000,30
35291994336197,09:48:11.994,26.5100,200
35291994336197,09:48:11.994,26.5100,100
35291994336197,09:48:11.994,26.5100,100
35354722340046,09:49:14.722,26.5100,100
35371660435580,09:49:31.660,26.5000,10
35371660435580,09:49:31.660,26.5000,590
35371660512958,09:49:31.660,26.5000,10
35390772445589,09:49:50.772,26.5100,200
35390773321716,09:49:50.773,26.5100,200
35404980876659,09:50:04.980,26.5200,10
35435091700898,09:50:35.091,26.5000,100
35435091738716,09:50:35.091,26.5000,100
35468054595028,09:51:08.054,26.4800,100
35487931454565,09:51:27.931,26.4900,58
35487932466225,09:51:27.932,26.4900,42
35487933215849,09:51:27.933,26.5000,100
35487933215849,09:51:27.933,26.5000,100
35487933215849,09:51:27.933,26.5000,100
35487933215849,09:51:27.933,26.5000,100
35500158278870,09:51:40.158,26.5100,100
35521021979986,09:52:01.021,26.5100,100
35521022009776,09:52:01.022,26.5100,100
35521022253443,09:52:01.022,26.5100,100
35521028370065,09:52:01.028,26.5100,100
35521028370065,09:52:01.028,26.5100,100
35521028370065,09:52:01.028,26.5100,100
35553508911438,09:52:33.508,26.5200,100
35594886302125,09:53:14.886,26.5100,100
35672540832324,09:54:32.540,26.5000,600
35717725151563,09:55:17.725,26.5100,300
35717730542866,09:55:17.730,26.5100,100
35717730542866,09:55:17.730,26.5100,100
35717730542866,09:55:17.730,26.5100,100
35717730542866,09:55:17.730,26.5100,100
35717730542866,09:55:17.730,26.5100,100
35786713141708,09:56:26.713,26.5100,100
35786713174098,09:56:26.713,26.5100,93
35786713461923,09:56:26.713,26.5100,7
35786713461923,09:56:26.713,26.5100,93
35786713558662,09:56:26.713,26.5100,7
35821892786071,09:57:01.892,26.5100,100
35823534515632,09:57:03.534,26.5000,100
35841235768833,09:57:21.235,26.4900,100
35879528853929,09:57:59.528,26.5000,100
35879529473897,09:57:59.529,26.5000,87
35879529495977,09:57:59.529,26.5000,20
35879530245191,09:57:59.530,26.5000,93
35880515196601,09:58:00.515,26.5100,200
35880515196601,09:58:00.515,26.5100,300
35880515196601,09:58:00.515,26.5100,100
35880515196601,09:58:00.515,26.5100,100
35950619447755,09:59:10.619,26.5100,100
35950619661460,09:59:10.619,26.5100,100
35950619661460,09:59:10.619,26.5100,100
35978667804121,09:59:38.667,26.5000,100
35978667804121,09:59:38.667,26.5000,300
35978667804121,09:59:38.667,26.5000,100
35978667804121,09:59:38.667,26.5000,100
35979121799102,09:59:39.121,26.5000,100
36070166359587,10:01:10.166,26.5000,37
36070166359587,10:01:10.166,26.5000,100
36070166359587,10:01:10.166,26.5000,63
36070166388404,10:01:10.166,26.5000,37
36071115559807,10:01:11.115,26.4800,45
36071666523867,10:01:11.666,26.4800,100
36071666523867,10:01:11.666,26.4800,100
36082130543168,10:01:22.130,26.4900,100
36082131525220,10:01:22.131,26.5000,600
36082131525220,10:01:22.131,26.5000,100
36102847747293,10:01:42.847,26.5100,100
36102847747293,10:01:42.847,26.5100,100
36102847756356,10:01:42.847,26.5100,100
36102853151710,10:01:42.853,26.5100,200
36102853151710,10:01:42.853,26.5100,100
36102853151710,10:01:42.853,26.5100,100
36102853151710,10:01:42.853,26.5100,100
36102853151710,10:01:42.853,26.5100,100
36117259915800,10:01:57.259,26.5100,100
36122040845230,10:02:02.040,26.5000,200
36122040845230,10:02:02.040,26.5000,19
36122040845230,10:02:02.040,26.5000,100
36126763868965,10:02:06.763,26.5100,2
36146919219506,10:02:26.919,26.5100,100
36196383123920,10:03:16.383,26.4800,30
36217680261546,10:03:37.680,26.4900,100
36291568426664,10:04:51.568,26.4900,14
36291568426664,10:04:51.568,26.4900,100
36305462266766,10:05:05.462,26.4900,100
36305462888759,10:05:05.462,26.4900,100
36356391257653,10:05:56.391,26.5000,100
36356391257653,10:05:56.391,26.5000,100
36356391257653,10:05:56.391,26.5000,2
36356391257653,10:05:56.391,26.5000,93
36356391292334,10:05:56.391,26.5000,7
36367443000091,10:06:07.443,26.5000,2
36368049668268,10:06:08.049,26.5000,100
36381120762271,10:06:21.120,26.5000,200
36440511445618,10:07:20.511,26.4900,25
36475325842622,10:07:55.325,26.4900,9
36490330852183,10:08:10.330,26.4900,100
36490330876315,10:08:10.330,26.4900,66
36523342790611,10:08:43.342,26.4800,200
36523342790611,10:08:43.342,26.4800,49
36556712887497,10:09:16.712,26.4900,100
36556712887497,10:09:16.712,26.4900,100
36556712887497,10:09:16.712,26.4900,1
36557100445707,10:09:17.100,26.5000,200
36557100445707,10:09:17.100,26.5000,300
36557100445707,10:09:17.100,26.5000,100
36640455265094,10:10:40.455,26.5200,130
36732511638941,10:12:12.511,26.5100,100
36735035162795,10:12:15.035,26.5000,200
36741430879482,10:12:21.430,26.4900,2
36741430879482,10:12:21.430,26.4900,53
36995340937952,10:16:35.340,26.4900,100
36995340937952,10:16:35.340,26.4900,100
36995340937952,10:16:35.340,26.4900,100
36995340937952,10:16:35.340,26.4900,100
36995475320833,10:16:35.475,26.5000,100
36995475320833,10:16:35.475,26.5000,100
36995475320833,10:16:35.475,26.5000,100
36995476519880,10:16:35.476,26.5100,66
36995476549413,10:16:35.476,26.5100,34
36995476549413,10:16:35.476,26.5100,100
37025056894655,10:17:05.056,26.5100,100
37025056920343,10:17:05.056,26.5100,100
37025056920343,10:17:05.056,26.5100,4
37134112216700,10:18:54.112,26.4900,100
37134154086857,10:18:54.154,26.4900,100
37134154086857,10:18:54.154,26.4900,39
37134154086857,10:18:54.154,26.4900,100
37148457633099,10:19:08.457,26.4900,38
37148458558802,10:19:08.458,26.4900,75
37148458755808,10:19:08.458,26.4900,25
37148458755808,10:19:08.458,26.4900,1
37148566831174,10:19:08.566,26.4900,100
37148566831174,10:19:08.566,26.4900,42
37148566831174,10:19:08.566,26.4900,43
37148566831174,10:19:08.566,26.4900,100
37148570474462,10:19:08.570,26.4800,100
37148570474462,10:19:08.570,26.4800,43
37149166969838,10:19:09.166,26.4750,100
37225590893628,10:20:25.590,26.4800,100
37225595091520,10:20:25.595,26.4800,200
37225595091520,10:20:25.595,26.4800,100
37225595091520,10:20:25.595,26.4800,100
37225595091520,10:20:25.595,26.4800,100
37225595091520,10:20:25.595,26.4800,39
37225595091520,10:20:25.595,26.4800,100
37225595091520,10:20:25.595,26.4800,100
37225595091520,10:20:25.595,26.4800,61
37328001569682,10:22:08.001,26.4800,35
37328001634056,10:22:08.001,26.4800,65
37328001634056,10:22:08.001,26.4800,18
37328001654615,10:22:08.001,26.4800,82
37334926698731,10:22:14.926,26.4900,100
37378233775832,10:22:58.233,26.4900,100
37378233805583,10:22:58.233,26.4900,100
37431367493356,10:23:51.367,26.4800,100
37440072964118,10:24:00.072,26.4700,100
37440072964118,10:24:00.072,26.4700,100
37451837080023,10:24:11.837,26.4800,100
37507450476989,10:25:07.450,26.4900,100
37566478772909,10:26:06.478,26.5000,45
37698362272497,10:28:18.362,26.5000,255
37698362272497,10:28:18.362,26.5000,100
37698362272497,10:28:18.362,26.5000,8
37698362272497,10:28:18.362,26.5000,2
37699450117830,10:28:19.450,26.5100,100
37793032764720,10:29:53.032,26.4900,200
37793032806571,10:29:53.032,26.4900,100
37893464808593,10:31:33.464,26.5000,22
37893464808593,10:31:33.464,26.5000,100
37893464808593,10:31:33.464,26.5000,1
37893464808593,10:31:33.464,26.5000,100
37893464950707,10:31:33.464,26.5000,100
37951095878868,10:32:31.095,26.4900,100
37984831131731,10:33:04.831,26.5000,600
37984831131731,10:33:04.831,26.5000,1
37984831131731,10:33:04.831,26.5000,99
37984831159434,10:33:04.831,26.5000,1
38032273057134,10:33:52.273,26.5000,100
38032273057134,10:33:52.273,26.5000,28
38187590892721,10:36:27.590,26.4900,200
38187699283435,10:36:27.699,26.4900,300
38187699344137,10:36:27.699,26.4900,50
38188709101192,10:36:28.709,26.4900,100
38198091804318,10:36:38.091,26.4900,100
38198091804318,10:36:38.091,26.4900,100
38198091804318,10:36:38.091,26.4900,100
38198091804318,10:36:38.091,26.4900,100
38198091804318,10:36:38.091,26.4900,3
38198091804318,10:36:38.091,26.4900,97
38221712281204,10:37:01.712,26.5000,200
38432192789934,10:40:32.192,26.5100,600
38432192789934,10:40:32.192,26.5100,1
38432192789934,10:40:32.192,26.5100,100
38474401887606,10:41:14.401,26.5000,98
38474402517051,10:41:14.402,26.5000,2
38679630111119,10:44:39.630,26.5100,100
38679630111119,10:44:39.630,26.5100,100
38679630111119,10:44:39.630,26.5100,100
38679630111119,10:44:39.630,26.5100,100
38679630111119,10:44:39.630,26.5100,1
38679630111119,10:44:39.630,26.5100,300
38679630111119,10:44:39.630,26.5100,199
38679630616409,10:44:39.630,26.5100,1
38679636949959,10:44:39.636,26.5100,100
38679636949959,10:44:39.636,26.5100,100
38679636949959,10:44:39.636,26.5100,100
38679636949959,10:44:39.636,26.5100,100
38679636949959,10:44:39.636,26.5100,60
38679636949959,10:44:39.636,26.5100,100
38679636949959,10:44:39.636,26.5100,100
38679636949959,10:44:39.636,26.5100,100
38679636949959,10:44:39.636,26.5100,40
38681601975162,10:44:41.601,26.5100,10
38681602747027,10:44:41.602,26.5000,100
38682163786116,10:44:42.163,26.5000,200
38682163786116,10:44:42.163,26.5000,100
38695719821713,10:44:55.719,26.5100,100
38695719821713,10:44:55.719,26.5100,200
38695719920044,10:44:55.719,26.5100,200
38695719920044,10:44:55.719,26.5100,100
38803867852356,10:46:43.867,26.5100,200
38803867852356,10:46:43.867,26.5100,150
38803867852356,10:46:43.867,26.5100,100
38804154618126,10:46:44.154,26.5100,100
38804154618126,10:46:44.154,26.5100,100
38804154618126,10:46:44.154,26.5100,57
38804154618126,10:46:44.154,26.5100,100
38804154618126,10:46:44.154,26.5100,100
38804154618126,10:46:44.154,26.5100,100
38804154618126,10:46:44.154,26.5100,100
38804154618126,10:46:44.154,26.5100,100
38804154618126,10:46:44.154,26.5100,100
38804154618126,10:46:44.154,26.5100,43
38804154839182,10:46:44.154,26.5100,57
38804166760616,10:46:44.166,26.5200,100
38804166760616,10:46:44.166,26.5200,100
38804166927536,10:46:44.166,26.5200,60
38804253335948,10:46:44.253,26.5300,22
38804357595953,10:46:44.357,26.5300,1
38828657495251,10:47:08.657,26.5300,1
38828657521227,10:47:08.657,26.5300,99
38828657521227,10:47:08.657,26.5300,2
38831956974974,10:47:11.956,26.5400,100
38847584056920,10:47:27.584,26.5600,100
38847584056920,10:47:27.584,26.5600,100
38849772172847,10:47:29.772,26.5800,12
38849772172847,10:47:29.772,26.5800,100
38849772172847,10:47:29.772,26.5800,100
38850131302966,10:47:30.131,26.5900,12
38850131302966,10:47:30.131,26.5900,100
38850131302966,10:47:30.131,26.5900,100
38850133948835,10:47:30.133,26.6000,10
38850329802610,10:47:30.329,26.6100,59
38850329802610,10:47:30.329,26.6100,100
38850329802610,10:47:30.329,26.6100,12
38850329802610,10:47:30.329,26.6100,100
38850747934317,10:47:30.747,26.6200,100
38850747934317,10:47:30.747,26.6200,12
38850747934317,10:47:30.747,26.6200,100
38850756643838,10:47:30.756,26.6200,100
38850756643838,10:47:30.756,26.6200,100
38850756643838,10:47:30.756,26.6200,100
38850756643838,10:47:30.756,26.6200,36
38850756674200,10:47:30.756,26.6200,28
38850757051046,10:47:30.757,26.6200,100
38850757595391,10:47:30.757,26.6100,100
38850999056987,10:47:30.999,26.6000,100
38850999056987,10:47:30.999,26.6000,100
38850999056987,10:47:30.999,26.6000,100
38850999056987,10:47:30.999,26.6000,100
38850999056987,10:47:30.999,26.6000,100
38851336446344,10:47:31.336,26.6100,100
38851336446344,10:47:31.336,26.6100,100
38851336446344,10:47:31.336,26.6100,100
38851336446344,10:47:31.336,26.6100,100
38851386084738,10:47:31.386,26.6200,100
38851386084738,10:47:31.386,26.6200,100
38851386084738,10:47:31.386,26.6200,100
38851386084738,10:47:31.386,26.6200,28
38851386084738,10:47:31.386,26.6200,100
38851386084738,10:47:31.386,26.6200,12
38851386084738,10:47:31.386,26.6200,100
38851386084738,10:47:31.386,26.6200,200
38851487516835,10:47:31.487,26.6300,100
38851487516835,10:47:31.487,26.6300,100
38851487516835,10:47:31.487,26.6300,100
38851487516835,10:47:31.487,26.6300,100
38851487516835,10:47:31.487,26.6300,12
38851589735233,10:47:31.589,26.6400,12
38851589735233,10:47:31.589,26.6400,100
38851714209119,10:47:31.714,26.6500,100
38851714209119,10:47:31.714,26.6500,1
38852117893524,10:47:32.117,26.6600,100
38852118665511,10:47:32.118,26.6600,86
38852136679977,10:47:32.136,26.6600,200
38852137246678,10:47:32.137,26.6600,100
38852137271552,10:47:32.137,26.6600,200
38852137271552,10:47:32.137,26.6600,100
38853408122950,10:47:33.408,26.6550,200
38853408229618,10:47:33.408,26.6550,200
38853408319351,10:47:33.408,26.6500,200
38854776378029,10:47:34.776,26.6400,100
38854853791456,10:47:34.853,26.6200,148
38854853791456,10:47:34.853,26.6200,57
38854853791456,10:47:34.853,26.6200,100
38854853791456,10:47:34.853,26.6200,59
38854871751832,10:47:34.871,26.6200,100
38854871751832,10:47:34.871,26.6200,56
38854871751832,10:47:34.871,26.6200,100
38855537909017,10:47:35.537,26.6000,32
38872243349930,10:47:52.243,26.5700,100
38897437540504,10:48:17.437,26.5800,6
38897437540504,10:48:17.437,26.5800,100
38933641650340,10:48:53.641,26.5900,100
38933641650340,10:48:53.641,26.5900,58
38967640317008,10:49:27.640,26.5600,43
38967640508494,10:49:27.640,26.5600,57
38967640508494,10:49:27.640,26.5600,100
38969525017074,10:49:29.525,26.5600,200
38969528577187,10:49:29.528,26.5600,100
38969528577187,10:49:29.528,26.5600,100
38969528577187,10:49:29.528,26.5600,100
38969528577187,10:49:29.528,26.5600,55
38969528577187,10:49:29.528,26.5600,100
38969528577187,10:49:29.528,26.5600,100
38969528577187,10:49:29.528,26.5600,45
39008542531384,10:50:08.542,26.5500,100
39008542531384,10:50:08.542,26.5500,100
39011693149143,10:50:11.693,26.5500,400
39011693177954,10:50:11.693,26.5500,100
39039749078210,10:50:39.749,26.5600,100
39039749078210,10:50:39.749,26.5600,4
39039749078210,10:50:39.749,26.5600,500
39039749854426,10:50:39.749,26.5600,100
39039749854426,10:50:39.749,26.5600,100
39039749854426,10:50:39.749,26.5600,100
39039749854426,10:50:39.749,26.5600,52
39039749854426,10:50:39.749,26.5600,100
39129603423992,10:52:09.603,26.5400,100
39129603423992,10:52:09.603,26.5400,3
39129603591792,10:52:09.603,26.5400,97
39129603591792,10:52:09.603,26.5400,3
39129819709952,10:52:09.819,26.5500,100
39129819709952,10:52:09.819,26.5500,100
39186229593047,10:53:06.229,26.5200,100
39210622155982,10:53:30.622,26.5300,500
39210987761843,10:53:30.987,26.5400,100
39210987761843,10:53:30.987,26.5400,100
39316966532677,10:55:16.966,26.5400,600
39316966568949,10:55:16.966,26.5400,2
39442187560189,10:57:22.187,26.5400,191
39442188021405,10:57:22.188,26.5400,73
39442188022776,10:57:22.188,26.5400,236
39494517710213,10:58:14.517,26.5300,300
39663433481680,11:01:03.433,26.5200,600
39663433481680,11:01:03.433,26.5200,100
39663433513879,11:01:03.433,26.5200,62
39663462942973,11:01:03.462,26.5300,63
39663465057793,11:01:03.465,26.5300,37
39663465057793,11:01:03.465,26.5300,83
39663465240320,11:01:03.465,26.5300,17
39663465240320,11:01:03.465,26.5300,100
39663475327013,11:01:03.475,26.5300,100
39760256158698,11:02:40.256,26.5300,38
39760256186754,11:02:40.256,26.5300,262
39760262455679,11:02:40.262,26.5200,66
39760263808883,11:02:40.263,26.5200,100
39760263808883,11:02:40.263,26.5200,100
39760339151001,11:02:40.339,26.5200,100
39760339151001,11:02:40.339,26.5200,100
39795662132553,11:03:15.662,26.5100,12
39795662132553,11:03:15.662,26.5100,88
39827172781148,11:03:47.172,26.5100,11
39827172781148,11:03:47.172,26.5100,6
39829110133286,11:03:49.110,26.5000,10
39891553420843,11:04:51.553,26.4900,10
39891562347640,11:04:51.562,26.4900,100
39891562347640,11:04:51.562,26.4900,52
39891562347640,11:04:51.562,26.4900,100
39891562347640,11:04:51.562,26.4900,100
39891562347640,11:04:51.562,26.4900,100
39891562347640,11:04:51.562,26.4900,48
39891563112605,11:04:51.563,26.4900,52
39891751440483,11:04:51.751,26.4900,100
39891751440483,11:04:51.751,26.4900,100
39891751440483,11:04:51.751,26.4900,75
39891751473714,11:04:51.751,26.4900,100
39891751473714,11:04:51.751,26.4900,9
39891756180942,11:04:51.756,26.4850,100
39891970784504,11:04:51.970,26.4900,100
39911076685221,11:05:11.076,26.4850,1
39915377259686,11:05:15.377,26.4900,200
39915377942159,11:05:15.377,26.4900,100
39915852416236,11:05:15.852,26.4900,100
39915852416236,11:05:15.852,26.4900,59
39915852416236,11:05:15.852,26.4900,8
40175202496086,11:09:35.202,26.4900,10
40175202496086,11:09:35.202,26.4900,100
40175202496086,11:09:35.202,26.4900,90
40175202682016,11:09:35.202,26.4900,10
40175208193426,11:09:35.208,26.4950,100
40210827156199,11:10:10.827,26.5000,100
40210827156199,11:10:10.827,26.5000,100
40211349718891,11:10:11.349,26.5050,100
40225727883249,11:10:25.727,26.5100,500
40230817217537,11:10:30.817,26.5100,1
40331158714471,11:12:11.158,26.5000,8
40331158714471,11:12:11.158,26.5000,392
40331158758671,11:12:11.158,26.5000,8
40331158758671,11:12:11.158,26.5000,2
40387720395741,11:13:07.720,26.5000,84
40387720958201,11:13:07.720,26.5000,16
40387798453008,11:13:07.798,26.5050,100
40389501042576,11:13:09.501,26.5000,100
40389501328589,11:13:09.501,26.5000,100
40389501328589,11:13:09.501,26.5000,100
40395914694998,11:13:15.914,26.5000,100
40397902127651,11:13:17.902,26.5000,76
40397902152597,11:13:17.902,26.5000,24
40557216127083,11:15:57.216,26.5000,7
40557216127083,11:15:57.216,26.5000,2
40557216127083,11:15:57.216,26.5000,2
40559460432906,11:15:59.460,26.5000,100
40562134769837,11:16:02.134,26.5100,100
40599930306506,11:16:39.930,26.5200,1
40631235069105,11:17:11.235,26.5200,100
40652108734525,11:17:32.108,26.5300,100
40738373557628,11:18:58.373,26.5200,1
40750284734776,11:19:10.284,26.5100,3
40773287785437,11:19:33.287,26.5100,100
40773287827521,11:19:33.287,26.5100,297
40794418358073,11:19:54.418,26.5000,400
40794489403952,11:19:54.489,26.5000,57
40794489403952,11:19:54.489,26.5000,100
40799038902073,11:19:59.038,26.5100,100
40799038902073,11:19:59.038,26.5100,200
40827618578791,11:20:27.618,26.5200,2
40827618578791,11:20:27.618,26.5200,7
40827618578791,11:20:27.618,26.5200,1
40844186299197,11:20:44.186,26.5100,1
40848331161455,11:20:48.331,26.5100,100
40876154381750,11:21:16.154,26.5100,100
40876154381750,11:21:16.154,26.5100,100
40881015524720,11:21:21.015,26.5100,2
40915991618800,11:21:55.991,26.5100,38
40982886646174,11:23:02.886,26.5100,1
41016651712603,11:23:36.651,26.5000,100
41018283588026,11:23:38.283,26.5000,400
41018283619043,11:23:38.283,26.5000,1
41039488768806,11:23:59.488,26.5000,74
41039488778708,11:23:59.488,26.5000,26
41039488778708,11:23:59.488,26.5000,100
41039489564493,11:23:59.489,26.5000,100
41056073570601,11:24:16.073,26.5100,100
41056073570601,11:24:16.073,26.5100,100
41181278984223,11:26:21.278,26.5000,5
41181278984223,11:26:21.278,26.5000,100
41181278984223,11:26:21.278,26.5000,100
41181278984223,11:26:21.278,26.5000,95
41181279744905,11:26:21.279,26.5000,5
41333954308608,11:28:53.954,26.5000,200
41333954308608,11:28:53.954,26.5000,2
41333954308608,11:28:53.954,26.5000,200
41365526084355,11:29:25.526,26.5000,38
41365526112160,11:29:25.526,26.5000,62
41421426949119,11:30:21.426,26.5000,8
41421426949119,11:30:21.426,26.5000,3
41421430236059,11:30:21.430,26.5000,100
41421430241390,11:30:21.430,26.5000,9
41421430241390,11:30:21.430,26.5000,54
41421430241390,11:30:21.430,26.5000,37
41421430267140,11:30:21.430,26.5000,63
41421430267140,11:30:21.430,26.5000,37
41421430426877,11:30:21.430,26.5000,5
41421431333964,11:30:21.431,26.5000,58
41428356951943,11:30:28.356,26.5100,100
41428356951943,11:30:28.356,26.5100,80
41428358001051,11:30:28.358,26.5100,120
41428358001051,11:30:28.358,26.5100,100
41428358001051,11:30:28.358,26.5100,100
41428358001051,11:30:28.358,26.5100,100
41477449129331,11:31:17.449,26.5100,400
41477449129331,11:31:17.449,26.5100,31
41546710537781,11:32:26.710,26.5100,100
41546710537781,11:32:26.710,26.5100,100
41546710733410,11:32:26.710,26.5100,100
41546710761891,11:32:26.710,26.5100,100
41547522686315,11:32:27.522,26.5200,100
41547702658302,11:32:27.702,26.5300,100
41547702658302,11:32:27.702,26.5300,100
41548580014541,11:32:28.580,26.5300,300
41548580014541,11:32:28.580,26.5300,3
41625238285400,11:33:45.238,26.5200,200
41625238588752,11:33:45.238,26.5200,55
41625238588752,11:33:45.238,26.5200,13
41657595372279,11:34:17.595,26.5200,45
41690419174830,11:34:50.419,26.5200,100
41690420187518,11:34:50.420,26.5200,100
41690420187518,11:34:50.420,26.5200,57
41690707664327,11:34:50.707,26.5200,2
41690835824573,11:34:50.835,26.5200,41
41769120917841,11:36:09.120,26.5200,259
41769120917841,11:36:09.120,26.5200,200
41769120917841,11:36:09.120,26.5200,2
41786787964641,11:36:26.787,26.5100,200
41786788001754,11:36:26.788,26.5100,100
41787157962957,11:36:27.157,26.5100,100
41883178865836,11:38:03.178,26.5100,100
41887664951453,11:38:07.664,26.5100,100
41887664951453,11:38:07.664,26.5100,14
42077929892100,11:41:17.929,26.5100,100
42077929892100,11:41:17.929,26.5100,26
42077929892100,11:41:17.929,26.5100,100
42077929892100,11:41:17.929,26.5100,274
42077930059291,11:41:17.930,26.5100,26
42077930158833,11:41:17.930,26.5100,11
42077930158833,11:41:17.930,26.5100,24
42079422616826,11:41:19.422,26.5150,400
42079428640655,11:41:19.428,26.5100,4
42079428944419,11:41:19.428,26.5100,2
42079428944419,11:41:19.428,26.5100,100
42079428944419,11:41:19.428,26.5100,100
42162117800005,11:42:42.117,26.5000,9
42162117800005,11:42:42.117,26.5000,191
42162117830222,11:42:42.117,26.5000,109
42162117830222,11:42:42.117,26.5000,4
42167181614337,11:42:47.181,26.5000,100
42241103257156,11:44:01.103,26.5000,9
42334350940913,11:45:34.350,26.5000,8
42334350940913,11:45:34.350,26.5000,200
42334350940913,11:45:34.350,26.5000,4
42356079428240,11:45:56.079,26.5000,100
42356079428240,11:45:56.079,26.5000,100
42356079770493,11:45:56.079,26.5000,77
42356080232752,11:45:56.080,26.5000,23
42399053941269,11:46:39.053,26.5100,2700
42399053968176,11:46:39.053,26.5100,200
42399053968176,11:46:39.053,26.5100,1
42399053968176,11:46:39.053,26.5100,100
42399061471018,11:46:39.061,26.5150,36
42417876693867,11:46:57.876,26.5200,100
42420628428526,11:47:00.628,26.5200,100
42439906072876,11:47:19.906,26.5100,10
42457164411387,11:47:37.164,26.5000,8
42467871697284,11:47:47.871,26.5000,100
42472294298608,11:47:52.294,26.5100,100
42472294298608,11:47:52.294,26.5100,100
42595756880475,11:49:55.756,26.5100,1
43096083523688,11:58:16.083,26.5100,300
43096083523688,11:58:16.083,26.5100,5
43096852921903,11:58:16.852,26.5100,400
43096852921903,11:58:16.852,26.5100,100
43096852921903,11:58:16.852,26.5100,100
43096852921903,11:58:16.852,26.5100,100
43096853247010,11:58:16.853,26.5100,200
43140268521413,11:59:00.268,26.5100,2
43198676700069,11:59:58.676,26.5100,60
43198678994612,11:59:58.678,26.5100,40
43210004150093,12:00:10.004,26.5100,3
43211733388455,12:00:11.733,26.5100,100
43312169306932,12:01:52.169,26.5200,100
43312169306932,12:01:52.169,26.5200,100
43312169306932,12:01:52.169,26.5200,100
43312182292780,12:01:52.182,26.5300,100
43312182292780,12:01:52.182,26.5300,100
43314918928695,12:01:54.918,26.5500,100
43334864299831,12:02:14.864,26.5300,400
43334864299831,12:02:14.864,26.5300,3
43334870274234,12:02:14.870,26.5300,200
43334870274234,12:02:14.870,26.5300,100
43334870274234,12:02:14.870,26.5300,100
43334870274234,12:02:14.870,26.5300,20
43334870274234,12:02:14.870,26.5300,100
43334870274234,12:02:14.870,26.5300,88
43335790388187,12:02:15.790,26.5300,100
43429099876850,12:03:49.099,26.5300,10
43429173346362,12:03:49.173,26.5300,100
43429173346362,12:03:49.173,26.5300,100
43429173346362,12:03:49.173,26.5300,100
43625191624096,12:07:05.191,26.5300,100
43625192003073,12:07:05.192,26.5300,2
43626065460116,12:07:06.065,26.5200,400
43628919623936,12:07:08.919,26.5200,100
43681013791000,12:08:01.013,26.5300,100
43681013791000,12:08:01.013,26.5300,1
43681013818729,12:08:01.013,26.5300,99
43681013818729,12:08:01.013,26.5300,100
43681013818729,12:08:01.013,26.5300,100
43681014303914,12:08:01.014,26.5300,100
43681014303914,12:08:01.014,26.5300,100
43681014303914,12:08:01.014,26.5300,100
43681014303914,12:08:01.014,26.5300,100
43681015138412,12:08:01.015,26.5300,100
43681015138412,12:08:01.015,26.5300,20
43681015138412,12:08:01.015,26.5300,280
43681019436801,12:08:01.019,26.5300,271
43816229781809,12:10:16.229,26.5300,100
43816233052447,12:10:16.233,26.5300,100
43816233052447,12:10:16.233,26.5300,300
43816233708344,12:10:16.233,26.5300,100
43823202258593,12:10:23.202,26.5300,99
43823202374310,12:10:23.202,26.5300,1
43823202374310,12:10:23.202,26.5300,100
43823202374310,12:10:23.202,26.5300,1
43834200597709,12:10:34.200,26.5400,200
43834200597709,12:10:34.200,26.5400,100
43834200597709,12:10:34.200,26.5400,100
43834200914950,12:10:34.200,26.5400,47
43891426829631,12:11:31.426,26.5450,100
43899039490481,12:11:39.039,26.5500,100
43899039490481,12:11:39.039,26.5500,100
43899039490481,12:11:39.039,26.5500,100
43899039490481,12:11:39.039,26.5500,100
43899039490481,12:11:39.039,26.5500,100
43925436613308,12:12:05.436,26.5600,1
43925448631315,12:12:05.448,26.5600,45
43937611270096,12:12:17.611,26.5600,100
43937611270096,12:12:17.611,26.5600,38
43939245008366,12:12:19.245,26.5700,100
43948244102272,12:12:28.244,26.5800,100
43958911546475,12:12:38.911,26.5900,99
43958911585262,12:12:38.911,26.5900,1
43958911585262,12:12:38.911,26.5900,9
43960244059037,12:12:40.244,26.6000,9
43960244059037,12:12:40.244,26.6000,91
44042306563397,12:14:02.306,26.5900,300
44136619654451,12:15:36.619,26.5800,50
44136619654451,12:15:36.619,26.5800,2
44139859315792,12:15:39.859,26.5800,200
44139859315792,12:15:39.859,26.5800,100
44139868403879,12:15:39.868,26.5900,8
44139868403879,12:15:39.868,26.5900,92
44139868472034,12:15:39.868,26.5900,8
44139868472034,12:15:39.868,26.5900,10
44155015869164,12:15:55.015,26.6000,8
44155015869164,12:15:55.015,26.6000,5
44222830773496,12:17:02.830,26.6100,8
44222830773496,12:17:02.830,26.6100,6
44222830773496,12:17:02.830,26.6100,65
44222830814786,12:17:02.830,26.6100,35
44236483199556,12:17:16.483,26.6200,7
44320974931711,12:18:40.974,26.6200,200
44375680499649,12:19:35.680,26.6200,100
44468243180334,12:21:08.243,26.6100,200
44468243180334,12:21:08.243,26.6100,200
44468243231914,12:21:08.243,26.6100,84
44530133659954,12:22:10.133,26.6000,1
44530133659954,12:22:10.133,26.6000,99
44588478524958,12:23:08.478,26.6000,2
44592259671097,12:23:12.259,26.5900,100
44600370458688,12:23:20.370,26.5900,111
44628261422717,12:23:48.261,26.5800,100
44630629059096,12:23:50.629,26.5800,7
44647200074571,12:24:07.200,26.5900,100
44647200074571,12:24:07.200,26.5900,3
44647228245266,12:24:07.228,26.5900,100
44753616234503,12:25:53.616,26.5900,100
44829421106318,12:27:09.421,26.6000,7
44829421106318,12:27:09.421,26.6000,100
44831882368761,12:27:11.882,26.6000,91
44831882540843,12:27:11.882,26.6000,9
44832846851565,12:27:12.846,26.6000,100
44886461480204,12:28:06.461,26.5900,100
44886461480204,12:28:06.461,26.5900,13
45045738688742,12:30:45.738,26.5900,10
45045740180160,12:30:45.740,26.5900,10
45145167134603,12:32:25.167,26.5800,300
45292302614694,12:34:52.302,26.5700,100
45314721407310,12:35:14.721,26.5700,33
45314721407310,12:35:14.721,26.5700,167
45314721522272,12:35:14.721,26.5700,33
45314733561385,12:35:14.733,26.5700,100
45314733561385,12:35:14.733,26.5700,100
45314733561385,12:35:14.733,26.5700,100
45314733561385,12:35:14.733,26.5700,11
45314733561385,12:35:14.733,26.5700,100
45314733561385,12:35:14.733,26.5700,100
45315502733828,12:35:15.502,26.5700,100
45315502733828,12:35:15.502,26.5700,100
45372177699414,12:36:12.177,26.5700,100
45374491520593,12:36:14.491,26.5700,200
45504157978485,12:38:24.157,26.5700,100
45504157978485,12:38:24.157,26.5700,100
45504157978485,12:38:24.157,26.5700,100
45504157978485,12:38:24.157,26.5700,200
45504157978485,12:38:24.157,26.5700,100
45504157978485,12:38:24.157,26.5700,3
45504601652575,12:38:24.601,26.5800,13
45504601678164,12:38:24.601,26.5800,87
45504601678164,12:38:24.601,26.5800,1100
45504601678164,12:38:24.601,26.5800,100
45505671062924,12:38:25.671,26.6000,100
45509271934282,12:38:29.271,26.6000,200
45548114007642,12:39:08.114,26.5900,300
45637574733408,12:40:37.574,26.5800,100
45637576112274,12:40:37.576,26.5800,100
45638835207873,12:40:38.835,26.5800,100
45641308832055,12:40:41.308,26.5800,100
45641308832055,12:40:41.308,26.5800,4
45667076090921,12:41:07.076,26.6000,70
45667077066083,12:41:07.077,26.6000,30
45721926261355,12:42:01.926,26.6000,25
45721926287587,12:42:01.926,26.6000,75
45727307805798,12:42:07.307,26.6100,4
45756776561603,12:42:36.776,26.6200,55
45757336299816,12:42:37.336,26.6200,45
45810274491093,12:43:30.274,26.6100,100
45810274491093,12:43:30.274,26.6100,100
45810274491093,12:43:30.274,26.6100,100
45810277360805,12:43:30.277,26.6100,100
45810277360805,12:43:30.277,26.6100,100
45840222944818,12:44:00.222,26.6100,100
45959317137241,12:45:59.317,26.6100,100
45959317137241,12:45:59.317,26.6100,200
45959317381494,12:45:59.317,26.6100,100
45959317381494,12:45:59.317,26.6100,100
45959317469039,12:45:59.317,26.6100,100
46016005264397,12:46:56.005,26.6100,3
46016005264397,12:46:56.005,26.6100,4
46016005264397,12:46:56.005,26.6100,100
46016005264397,12:46:56.005,26.6100,68
46016005299243,12:46:56.005,26.6100,32
46023047780840,12:47:03.047,26.6100,30
46023253459278,12:47:03.253,26.6100,1
46097647239678,12:48:17.647,26.6200,7
46130414905303,12:48:50.414,26.6200,100
46245273288718,12:50:45.273,26.6200,200
46245276778101,12:50:45.276,26.6200,200
46262153288247,12:51:02.153,26.6300,100
46262153288247,12:51:02.153,26.6300,100
46262153288247,12:51:02.153,26.6300,73
46262153288247,12:51:02.153,26.6300,7
46262153288247,12:51:02.153,26.6300,100
46262153288247,12:51:02.153,26.6300,100
46262153288247,12:51:02.153,26.6300,100
46262153288247,12:51:02.153,26.6300,64
46483342874656,12:54:43.342,26.6300,2
46483364875013,12:54:43.364,26.6300,400
46483364875013,12:54:43.364,26.6300,100
46483364875013,12:54:43.364,26.6300,100
46483364875013,12:54:43.364,26.6300,100
46483364875013,12:54:43.364,26.6300,100
46483364875013,12:54:43.364,26.6300,10
46483364875013,12:54:43.364,26.6300,100
46483364875013,12:54:43.364,26.6300,100
46483364875013,12:54:43.364,26.6300,500
46483364875013,12:54:43.364,26.6300,100
46483364875013,12:54:43.364,26.6300,24
46483364875013,12:54:43.364,26.6300,100
46486294111564,12:54:46.294,26.6400,33
46486294111564,12:54:46.294,26.6400,100
46486294111564,12:54:46.294,26.6400,10
46486294111564,12:54:46.294,26.6400,61
46486301278705,12:54:46.301,26.6500,100
46500770124543,12:55:00.770,26.6500,100
46535030641837,12:55:35.030,26.6600,100
46535030641837,12:55:35.030,26.6600,500
46535030641837,12:55:35.030,26.6600,100
46535030641837,12:55:35.030,26.6600,100
46535030752851,12:55:35.030,26.6600,100
46535047902602,12:55:35.047,26.6600,100
46535077571855,12:55:35.077,26.6700,100
46535077571855,12:55:35.077,26.6700,100
46535098823421,12:55:35.098,26.6700,100
46535098823421,12:55:35.098,26.6700,10
46650092196025,12:57:30.092,26.6600,100
46650092196025,12:57:30.092,26.6600,400
46702224779592,12:58:22.224,26.6500,200
46702246956840,12:58:22.246,26.6500,200
46702246956840,12:58:22.246,26.6500,10
46702246956840,12:58:22.246,26.6500,200
46702246956840,12:58:22.246,26.6500,100
46722910699389,12:58:42.910,26.6600,100
46722910699389,12:58:42.910,26.6600,152
46722910699389,12:58:42.910,26.6600,13
46722910699389,12:58:42.910,26.6600,35
46722910705292,12:58:42.910,26.6600,5
46722918310413,12:58:42.918,26.6700,200
46722929767314,12:58:42.929,26.6700,30
46778076799204,12:59:38.076,26.6700,99
46778076799204,12:59:38.076,26.6700,100
46778076799204,12:59:38.076,26.6700,200
46778076799204,12:59:38.076,26.6700,200
46878248667582,13:01:18.248,26.6500,2
46910881474866,13:01:50.881,26.6500,100
46988522304098,13:03:08.522,26.6500,200
46988522304098,13:03:08.522,26.6500,100
46988525175053,13:03:08.525,26.6500,100
46994282192220,13:03:14.282,26.6500,200
46994282192220,13:03:14.282,26.6500,100
46994282192220,13:03:14.282,26.6500,100
46994282192220,13:03:14.282,26.6500,100
46994282192220,13:03:14.282,26.6500,100
46994282192220,13:03:14.282,26.6500,37
46994282192220,13:03:14.282,26.6500,100
46994282350646,13:03:14.282,26.6500,100
46994282350646,13:03:14.282,26.6500,100
46994282350646,13:03:14.282,26.6500,100
46996922314215,13:03:16.922,26.6500,24
46996922314215,13:03:16.922,26.6500,29
46996922314215,13:03:16.922,26.6500,200
47000061166731,13:03:20.061,26.6500,69
47000061575835,13:03:20.061,26.6500,31
47005035638739,13:03:25.035,26.6450,1
47033184066121,13:03:53.184,26.6500,100
47061105863745,13:04:21.105,26.6550,1
47063690067053,13:04:23.690,26.6600,44
47063690067053,13:04:23.690,26.6600,12
47063690067053,13:04:23.690,26.6600,100
47113257121212,13:05:13.257,26.6600,2
47113257121212,13:05:13.257,26.6600,100
47199164191614,13:06:39.164,26.6600,700
47199164191614,13:06:39.164,26.6600,100
47199164191614,13:06:39.164,26.6600,13
47199164191614,13:06:39.164,26.6600,100
47309811014611,13:08:29.811,26.6600,100
47354540932029,13:09:14.540,26.6600,100
47354541295088,13:09:14.541,26.6600,12
47354541346612,13:09:14.541,26.6600,100
47357398162352,13:09:17.398,26.6700,77
47357398926649,13:09:17.398,26.6700,23
47357398926649,13:09:17.398,26.6700,100
47357398926649,13:09:17.398,26.6700,13
47357398926649,13:09:17.398,26.6700,10
47357398926649,13:09:17.398,26.6700,100
47357398926649,13:09:17.398,26.6700,100
47357398926649,13:09:17.398,26.6700,100
47357398926649,13:09:17.398,26.6700,84
47357398926649,13:09:17.398,26.6700,200
47405814076435,13:10:05.814,26.6700,100
47405814076435,13:10:05.814,26.6700,88
47405814076435,13:10:05.814,26.6700,112
47405814105184,13:10:05.814,26.6700,388
47405814105184,13:10:05.814,26.6700,100
47405814105184,13:10:05.814,26.6700,100
47408158966643,13:10:08.158,26.6550,100
47408158966643,13:10:08.158,26.6500,130
47408159209191,13:10:08.159,26.6500,170
47410479493910,13:10:10.479,26.6400,100
47415165315379,13:10:15.165,26.6300,100
47415959153876,13:10:15.959,26.6300,26
47415959650657,13:10:15.959,26.6300,74
47440892012291,13:10:40.892,26.6300,100
47440892012291,13:10:40.892,26.6300,100
47507287707063,13:11:47.287,26.6200,100
47507287733080,13:11:47.287,26.6200,100
47509323335178,13:11:49.323,26.6100,100
47510723889853,13:11:50.723,26.6000,100
47512651125798,13:11:52.651,26.6000,100
47512651125798,13:11:52.651,26.6000,100
47512651156245,13:11:52.651,26.6000,58
47513474979334,13:11:53.474,26.6000,100
47513474979334,13:11:53.474,26.6000,100
47513474979334,13:11:53.474,26.6000,100
47513474979334,13:11:53.474,26.6000,100
47513474979334,13:11:53.474,26.6000,12
47513474979334,13:11:53.474,26.6000,100
47513474979334,13:11:53.474,26.6000,88
47663825568561,13:14:23.825,26.6000,200
47663826020619,13:14:23.826,26.6000,1
47663826020619,13:14:23.826,26.6000,9
47663826051584,13:14:23.826,26.6000,91
47697905126653,13:14:57.905,26.5900,7
47697905126653,13:14:57.905,26.5900,293
47709105487048,13:15:09.105,26.5900,7
47861623285001,13:17:41.623,26.5900,100
47861623285001,13:17:41.623,26.5900,2
47861623285001,13:17:41.623,26.5900,25
47861623285001,13:17:41.623,26.5900,100
47861623285001,13:17:41.623,26.5900,28
47861630769855,13:17:41.630,26.6000,100
47861630795837,13:17:41.630,26.6000,55
47955236970786,13:19:15.236,26.6000,400
47955237511530,13:19:15.237,26.6000,20
47955237549408,13:19:15.237,26.6000,80
47966107089601,13:19:26.107,26.5900,6
47966107089601,13:19:26.107,26.5900,100
48017531874412,13:20:17.531,26.5900,100
48176169874231,13:22:56.169,26.5700,400
48176316932324,13:22:56.316,26.5700,1
48176578211156,13:22:56.578,26.5700,6
48241259288619,13:24:01.259,26.5650,4
48526525445035,13:28:46.525,26.5600,6
48526525445035,13:28:46.525,26.5600,200
48526525445035,13:28:46.525,26.5600,94
48526525472279,13:28:46.525,26.5600,6
48526545737340,13:28:46.545,26.5600,200
48526545737340,13:28:46.545,26.5600,100
48526545737340,13:28:46.545,26.5600,100
48526545737340,13:28:46.545,26.5600,100
48526545737340,13:28:46.545,26.5600,100
48526559329739,13:28:46.559,26.5700,100
48526559329739,13:28:46.559,26.5700,100
48526559329739,13:28:46.559,26.5700,5
48526559329739,13:28:46.559,26.5700,56
48526559329739,13:28:46.559,26.5700,100
48526559329739,13:28:46.559,26.5700,39
48550750567049,13:29:10.750,26.5650,1
48596035571317,13:29:56.035,26.5600,100
48667388204293,13:31:07.388,26.5700,1
48667388204293,13:31:07.388,26.5700,8
48845345977383,13:34:05.345,26.5600,500
48845345977383,13:34:05.345,26.5600,100
48845345977383,13:34:05.345,26.5600,100
48845347260637,13:34:05.347,26.5600,28
48845347260637,13:34:05.347,26.5600,100
48956038291314,13:35:56.038,26.5600,27
48956038291314,13:35:56.038,26.5600,100
48956038291314,13:35:56.038,26.5600,73
48956038320593,13:35:56.038,26.5600,127
48956038320593,13:35:56.038,26.5600,10
48956038320593,13:35:56.038,26.5600,21
49045013521968,13:37:25.013,26.5650,1
49080806488759,13:38:00.806,26.5700,47
49080806488759,13:38:00.806,26.5700,10
49080806488759,13:38:00.806,26.5700,100
49080837456995,13:38:00.837,26.5700,100
49090900792177,13:38:10.900,26.5750,1
49348252185721,13:42:28.252,26.5700,500
49348252185721,13:42:28.252,26.5700,100
49348252185721,13:42:28.252,26.5700,100
49348252662929,13:42:28.252,26.5700,51
49348263135575,13:42:28.263,26.5700,40
49619667282345,13:46:59.667,26.5700,109
49619667282345,13:46:59.667,26.5700,291
49619667310447,13:46:59.667,26.5700,9
49620178917030,13:47:00.178,26.5600,100
49620178917030,13:47:00.178,26.5600,200
49620178917030,13:47:00.178,26.5600,100
49766075355727,13:49:26.075,26.5600,700
49766076429645,13:49:26.076,26.5600,100
50008989900089,13:53:28.989,26.5600,100
50008989900089,13:53:28.989,26.5600,400
50008989900089,13:53:28.989,26.5600,200
50008989900089,13:53:28.989,26.5600,12
50008989900089,13:53:28.989,26.5600,88
50008989913153,13:53:28.989,26.5600,12
50037061626269,13:53:57.061,26.5650,1
50100009076706,13:55:00.009,26.5700,100
50100009076706,13:55:00.009,26.5700,100
50100009076706,13:55:00.009,26.5700,100
50100009076706,13:55:00.009,26.5700,12
50100009076706,13:55:00.009,26.5700,100
50103217881849,13:55:03.217,26.5800,100
50103287895797,13:55:03.287,26.5800,39
50104099521293,13:55:04.099,26.5800,61
50133605820460,13:55:33.605,26.5800,39
50133605820460,13:55:33.605,26.5800,100
50146103223464,13:55:46.103,26.5900,100
50199026816751,13:56:39.026,26.5850,400
50199026816751,13:56:39.026,26.5800,200
50199046034369,13:56:39.046,26.5800,300
50199046034369,13:56:39.046,26.5800,100
50199066591714,13:56:39.066,26.5800,99
50238801845217,13:57:18.801,26.5800,100
50238801845217,13:57:18.801,26.5800,105
50238801845217,13:57:18.801,26.5800,100
50244840099316,13:57:24.840,26.5900,50
50281346739988,13:58:01.346,26.5850,15
50336128454880,13:58:56.128,26.5800,220
50343246983683,13:59:03.246,26.5800,100
50343248496676,13:59:03.248,26.5800,51
50343248496676,13:59:03.248,26.5800,100
50391930450544,13:59:51.930,26.5700,1
50402686261545,14:00:02.686,26.5700,174
50402698290534,14:00:02.698,26.5700,500
50402762886254,14:00:02.762,26.5800,53
50405955774155,14:00:05.955,26.5700,35
50409751544951,14:00:09.751,26.5700,100
50409751544951,14:00:09.751,26.5700,100
50409751544951,14:00:09.751,26.5700,100
50412264529022,14:00:12.264,26.5800,100
50412264529022,14:00:12.264,26.5800,14
50647573622701,14:04:07.573,26.5900,100
50647573622701,14:04:07.573,26.5900,100
50647573785571,14:04:07.573,26.5900,4
50648041043991,14:04:08.041,26.5900,71
50648041043991,14:04:08.041,26.5900,30
50648092963540,14:04:08.092,26.5900,100
50648418189162,14:04:08.418,26.5900,100
50666176722729,14:04:26.176,26.6000,100
50666176722729,14:04:26.176,26.6000,100
50666176958138,14:04:26.176,26.6000,45
50666177338321,14:04:26.177,26.6000,55
50666187561261,14:04:26.187,26.6000,100
50666187561261,14:04:26.187,26.6000,200
50666187561261,14:04:26.187,26.6000,71
50711135395795,14:05:11.135,26.5900,100
50716048456917,14:05:16.048,26.5900,700
50736061836537,14:05:36.061,26.5900,6
50736061836537,14:05:36.061,26.5900,200
50787251899491,14:06:27.251,26.5800,5
50787251899491,14:06:27.251,26.5800,95
50873424448077,14:07:53.424,26.5800,105
50873424448077,14:07:53.424,26.5800,5
50873424448077,14:07:53.424,26.5800,100
50873424448077,14:07:53.424,26.5800,100
50873425606893,14:07:53.425,26.5750,100
50873425606893,14:07:53.425,26.5700,100
50873425606893,14:07:53.425,26.5700,1000
50873498643989,14:07:53.498,26.5600,100
50874012159691,14:07:54.012,26.5700,100
50874012159691,14:07:54.012,26.5700,100
50881204901725,14:08:01.204,26.5800,100
50885078604834,14:08:05.078,26.5900,100
50885078604834,14:08:05.078,26.5900,100
50885078629868,14:08:05.078,26.5900,6
50885078631057,14:08:05.078,26.5900,6
50885079509119,14:08:05.079,26.5900,285
50886815209874,14:08:06.815,26.5900,100
50886815681201,14:08:06.815,26.6000,100
50886815681201,14:08:06.815,26.6000,100
50886815681201,14:08:06.815,26.6000,100
50886815681201,14:08:06.815,26.6000,100
50893189460079,14:08:13.189,26.6000,100
50925827547490,14:08:45.827,26.6050,8
50928095827387,14:08:48.095,26.6100,100
50928095827387,14:08:48.095,26.6100,100
51013427373138,14:10:13.427,26.6200,100
51013427376380,14:10:13.427,26.6200,10
51013427427582,14:10:13.427,26.6300,64
51013427440271,14:10:13.427,26.6300,36
51013573605495,14:10:13.573,26.6600,38
51014581113280,14:10:14.581,26.6400,100
51014581236537,14:10:14.581,26.6400,40
51018366393402,14:10:18.366,26.6400,100
51081093799122,14:11:21.093,26.6300,200
51084511346273,14:11:24.511,26.6400,100
51135368059929,14:12:15.368,26.6500,100
51135368059929,14:12:15.368,26.6500,9
51135368059929,14:12:15.368,26.6500,76
51135368086292,14:12:15.368,26.6500,24
51135369846864,14:12:15.369,26.6600,100
51156085905144,14:12:36.085,26.6600,100
51156086229455,14:12:36.086,26.6600,100
51216025561044,14:13:36.025,26.6700,100
51216025561044,14:13:36.025,26.6700,100
51229341739951,14:13:49.341,26.6700,400
51229342285503,14:13:49.342,26.6700,200
51229345478677,14:13:49.345,26.6700,100
51229345551576,14:13:49.345,26.6700,55
51256409256586,14:14:16.409,26.6800,100
51256409282758,14:14:16.409,26.6800,13
51256409651115,14:14:16.409,26.6800,100
51256409651115,14:14:16.409,26.6800,13
51256425807053,14:14:16.425,26.6800,100
51256425807053,14:14:16.425,26.6800,100
51256426947861,14:14:16.426,26.6800,87
51259046781185,14:14:19.046,26.6800,100
51300173322071,14:15:00.173,26.6800,100
51309277790356,14:15:09.277,26.6900,100
51309277790356,14:15:09.277,26.6900,100
51400233618716,14:16:40.233,26.7000,11
51400233618716,14:16:40.233,26.7000,12
51400233618716,14:16:40.233,26.7000,77
51400233652085,14:16:40.233,26.7000,23
51411042603910,14:16:51.042,26.7000,100
51429655611279,14:17:09.655,26.7100,13
51429655611279,14:17:09.655,26.7100,100
51429655611279,14:17:09.655,26.7100,100
51433271581560,14:17:13.271,26.7100,13
51433271725013,14:17:13.271,26.7100,100
51514811582070,14:18:34.811,26.7000,100
51514811582070,14:18:34.811,26.7000,100
51514811582070,14:18:34.811,26.7000,100
51557006010237,14:19:17.006,26.7000,200
51557006010237,14:19:17.006,26.7000,100
51557006010237,14:19:17.006,26.7000,100
51557006040773,14:19:17.006,26.7000,12
51654790081319,14:20:54.790,26.7000,11
51654790081319,14:20:54.790,26.7000,100
51654790081319,14:20:54.790,26.7000,100
51654790081319,14:20:54.790,26.7000,89
51654790089178,14:20:54.790,26.7000,11
51660640024391,14:21:00.640,26.7050,100
51668535030844,14:21:08.535,26.7050,100
51678465439691,14:21:18.465,26.7100,100
51678465439691,14:21:18.465,26.7100,100
51678465439691,14:21:18.465,26.7100,100
51678466121628,14:21:18.466,26.7100,1
51750410893612,14:22:30.410,26.7100,400
51750471388076,14:22:30.471,26.7100,100
51759619806674,14:22:39.619,26.7100,100
51759619806674,14:22:39.619,26.7100,100
51759619806674,14:22:39.619,26.7100,100
51834703876645,14:23:54.703,26.7000,100
51854498409242,14:24:14.498,26.6900,200
51854498409242,14:24:14.498,26.6900,200
51854498439268,14:24:14.498,26.6900,10
51885085389627,14:24:45.085,26.6900,100
51910832225753,14:25:10.832,26.7000,100
51910832301140,14:25:10.832,26.7000,100
51931268891740,14:25:31.268,26.7000,300
51931268891740,14:25:31.268,26.7000,100
52011036052878,14:26:51.036,26.6900,100
52012200620280,14:26:52.200,26.6800,100
52012200620280,14:26:52.200,26.6800,200
52016727220504,14:26:56.727,26.6700,100
52066477467932,14:27:46.477,26.6700,100
52137381849058,14:28:57.381,26.6700,100
52137567716400,14:28:57.567,26.6800,81
52142699335832,14:29:02.699,26.6800,119
52142699335832,14:29:02.699,26.6800,274
52142699335832,14:29:02.699,26.6800,9
52142699335832,14:29:02.699,26.6800,163
52152999836962,14:29:12.999,26.6800,100
52220363487907,14:30:20.363,26.6700,100
52220363487907,14:30:20.363,26.6700,100
52230792343352,14:30:30.792,26.6700,100
52230792343352,14:30:30.792,26.6700,100
52230792343352,14:30:30.792,26.6700,100
52233078938180,14:30:33.078,26.6750,100
52284232564781,14:31:24.232,26.6700,100
52293103923563,14:31:33.103,26.6600,100
52348174471544,14:32:28.174,26.6500,100
52348395380419,14:32:28.395,26.6500,100
52348395380419,14:32:28.395,26.6500,100
52348395380419,14:32:28.395,26.6500,100
52348395380419,14:32:28.395,26.6500,100
52348395380419,14:32:28.395,26.6500,100
52348395380419,14:32:28.395,26.6500,100
52348395591775,14:32:28.395,26.6500,100
52348395591775,14:32:28.395,26.6500,100
52348395591775,14:32:28.395,26.6500,100
52374678182135,14:32:54.678,26.6400,100
52405261083118,14:33:25.261,26.6300,26
52405261083118,14:33:25.261,26.6300,60
52440374855094,14:34:00.374,26.6300,9
52440374855094,14:34:00.374,26.6300,27
52440523584404,14:34:00.523,26.6300,100
52440523584404,14:34:00.523,26.6300,100
52440523584404,14:34:00.523,26.6300,100
52454720798389,14:34:14.720,26.6400,100
52454720823861,14:34:14.720,26.6400,3
52454720823861,14:34:14.720,26.6400,33
52496906950350,14:34:56.906,26.6500,100
52496906955791,14:34:56.906,26.6500,100
52496906955791,14:34:56.906,26.6500,100
52496928707451,14:34:56.928,26.6500,100
52496946219494,14:34:56.946,26.6500,100
52496946219494,14:34:56.946,26.6500,100
52496946219494,14:34:56.946,26.6500,18
52496946219494,14:34:56.946,26.6500,100
52496946219494,14:34:56.946,26.6500,100
52501964220580,14:35:01.964,26.6400,200
52501964220580,14:35:01.964,26.6400,100
52501964246678,14:35:01.964,26.6400,27
52530252503560,14:35:30.252,26.6300,26
52530252503560,14:35:30.252,26.6300,74
52530252530439,14:35:30.252,26.6300,26
52565561743424,14:36:05.561,26.6200,26
52565561743424,14:36:05.561,26.6200,74
52565561781635,14:36:05.561,26.6200,26
52607489809198,14:36:47.489,26.6200,100
52607489809198,14:36:47.489,26.6200,100
52607489809198,14:36:47.489,26.6200,4
52627807631573,14:37:07.807,26.6200,26
52627807631573,14:37:07.807,26.6200,12
52629372079745,14:37:09.372,26.6200,188
52629372079745,14:37:09.372,26.6200,26
52642477332799,14:37:22.477,26.6300,100
52642477332799,14:37:22.477,26.6300,100
52642477332799,14:37:22.477,26.6300,100
52710007962863,14:38:30.007,26.6300,100
52710007962863,14:38:30.007,26.6300,100
52710007962863,14:38:30.007,26.6300,400
52710007962863,14:38:30.007,26.6300,26
52720454686195,14:38:40.454,26.6300,64
52720547500746,14:38:40.547,26.6300,36
52720547500746,14:38:40.547,26.6300,100
52720547500746,14:38:40.547,26.6300,100
52720547500746,14:38:40.547,26.6300,100
52758250804365,14:39:18.250,26.6300,26
52758250804365,14:39:18.250,26.6300,74
52758250831318,14:39:18.250,26.6300,26
52758583226755,14:39:18.583,26.6200,58
52792602400728,14:39:52.602,26.6300,4
52792602400728,14:39:52.602,26.6300,96
52792602432564,14:39:52.602,26.6300,4
52792602837740,14:39:52.602,26.6300,15
52792603012531,14:39:52.603,26.6300,3
52792603050603,14:39:52.603,26.6300,37
52849028618621,14:40:49.028,26.6300,11
52853648418063,14:40:53.648,26.6200,26
52853648418063,14:40:53.648,26.6200,4
52853648418063,14:40:53.648,26.6200,70
52866262694887,14:41:06.262,26.6200,100
52867828521973,14:41:07.828,26.6200,100
52867830090771,14:41:07.830,26.6200,100
52918431419220,14:41:58.431,26.6300,9
52918431419220,14:41:58.431,26.6300,100
52918431419220,14:41:58.431,26.6300,100
52918431419220,14:41:58.431,26.6300,91
52918431462551,14:41:58.431,26.6300,9
52918877128268,14:41:58.877,26.6300,100
52920428076960,14:42:00.428,26.6300,100
52920428076960,14:42:00.428,26.6300,100
52963576349303,14:42:43.576,26.6200,110
52963576366807,14:42:43.576,26.6200,90
52964883295648,14:42:44.883,26.6100,100
52966932070921,14:42:46.932,26.6100,1
52970324544656,14:42:50.324,26.6100,1
52976843044387,14:42:56.843,26.6100,1
52976843088520,14:42:56.843,26.6100,23
53017057371042,14:43:37.057,26.6100,100
53017057371042,14:43:37.057,26.6100,100
53017057371042,14:43:37.057,26.6100,6
53017057371042,14:43:37.057,26.6100,94
53017057406412,14:43:37.057,26.6100,6
53017057945843,14:43:37.057,26.6100,45
53017057945843,14:43:37.057,26.6100,45
53017057945843,14:43:37.057,26.6100,100
53032026136283,14:43:52.026,26.6100,100
53032026136283,14:43:52.026,26.6100,200
53032026136283,14:43:52.026,26.6100,200
53036033501668,14:43:56.033,26.6100,26
53036033501668,14:43:56.033,26.6100,74
53168931055931,14:46:08.931,26.6100,100
53190178565134,14:46:30.178,26.6100,100
53190178565134,14:46:30.178,26.6100,100
53190178605494,14:46:30.178,26.6100,2
53220057361121,14:47:00.057,26.6200,100
53220057361121,14:47:00.057,26.6200,100
53220758957163,14:47:00.758,26.6300,60
53225438532011,14:47:05.438,26.6300,100
53225438532011,14:47:05.438,26.6300,100
53243016427897,14:47:23.016,26.6400,1
53245326830771,14:47:25.326,26.6300,100
53245326830771,14:47:25.326,26.6300,100
53245326830771,14:47:25.326,26.6300,100
53245326830771,14:47:25.326,26.6300,100
53276424638513,14:47:56.424,26.6300,94
53276424663162,14:47:56.424,26.6300,6
53280188900779,14:48:00.188,26.6300,20
53280188900779,14:48:00.188,26.6300,280
53280188933023,14:48:00.188,26.6300,20
53448153365144,14:50:48.153,26.6300,4
53448155157166,14:50:48.155,26.6300,96
53448155157166,14:50:48.155,26.6300,100
53460210688383,14:51:00.210,26.6200,200
53460211174942,14:51:00.211,26.6200,272
53460211194197,14:51:00.211,26.6200,128
53460213304374,14:51:00.213,26.6000,31
53460213329120,14:51:00.213,26.6000,69
53460213956393,14:51:00.213,26.6000,24
53460243636477,14:51:00.243,26.6000,100
53460243636477,14:51:00.243,26.6000,100
53460243636477,14:51:00.243,26.6000,100
53460929074168,14:51:00.929,26.6100,100
53511143884170,14:51:51.143,26.6200,100
53511143884170,14:51:51.143,26.6200,6
53511143884170,14:51:51.143,26.6200,100
53511143953484,14:51:51.143,26.6200,261
53511143953484,14:51:51.143,26.6300,100
53511143953484,14:51:51.143,26.6300,100
53511143953484,14:51:51.143,26.6300,100
53511143953484,14:51:51.143,26.6300,100
53511143953484,14:51:51.143,26.6300,399
53511143965602,14:51:51.143,26.6300,372
53511143980047,14:51:51.143,26.6300,151
53511144007903,14:51:51.144,26.6300,178
53511144007903,14:51:51.144,26.6300,100
53511144007903,14:51:51.144,26.6300,85
53511144574247,14:51:51.144,26.6300,15
53511285079896,14:51:51.285,26.6400,100
53517367012969,14:51:57.367,26.6300,100
53517367012969,14:51:57.367,26.6300,100
53517367012969,14:51:57.367,26.6300,100
53522959869135,14:52:02.959,26.6200,57
53526678713177,14:52:06.678,26.6300,10
53540739879371,14:52:20.739,26.6400,49
53540740714859,14:52:20.740,26.6400,51
53542163360453,14:52:22.163,26.6500,100
53542163360453,14:52:22.163,26.6500,100
53542163822781,14:52:22.163,26.6400,100
53542163822781,14:52:22.163,26.6400,100
53542163822781,14:52:22.163,26.6400,100
53542163822781,14:52:22.163,26.6400,100
53542163822781,14:52:22.163,26.6400,100
53542163822781,14:52:22.163,26.6400,15
53542163830498,14:52:22.163,26.6400,85
53542164431750,14:52:22.164,26.6300,100
53542164431750,14:52:22.164,26.6300,100
53542164431750,14:52:22.164,26.6300,40
53542164443266,14:52:22.164,26.6300,60
53542164443266,14:52:22.164,26.6300,100
53542164443266,14:52:22.164,26.6300,100
53542164443266,14:52:22.164,26.6300,56
53545959742362,14:52:25.959,26.6500,100
53545995041912,14:52:25.995,26.6500,100
53545995041912,14:52:25.995,26.6500,100
53545995041912,14:52:25.995,26.6500,400
53545995041912,14:52:25.995,26.6500,100
53545995041912,14:52:25.995,26.6500,100
53545995041912,14:52:25.995,26.6500,100
53545995041912,14:52:25.995,26.6500,100
53545995041912,14:52:25.995,26.6500,100
53545995041912,14:52:25.995,26.6500,56
53545995191106,14:52:25.995,26.6500,100
53545995191106,14:52:25.995,26.6500,100
53546015149223,14:52:26.015,26.6500,100
53546015149223,14:52:26.015,26.6500,100
53546015149223,14:52:26.015,26.6500,141
53546657704736,14:52:26.657,26.6500,69
53546657704736,14:52:26.657,26.6500,100
53546660279147,14:52:26.660,26.6500,200
53546660279147,14:52:26.660,26.6500,400
53546660279147,14:52:26.660,26.6500,100
53546660279147,14:52:26.660,26.6500,100
53546660279147,14:52:26.660,26.6500,100
53546660279147,14:52:26.660,26.6500,100
53546660279147,14:52:26.660,26.6500,100
53546660279147,14:52:26.660,26.6500,100
53546660516810,14:52:26.660,26.6500,900
53546660516810,14:52:26.660,26.6500,600
53547108821310,14:52:27.108,26.6500,100
53547108821310,14:52:27.108,26.6500,100
53547108821310,14:52:27.108,26.6500,62
53547108821310,14:52:27.108,26.6500,100
53547108821310,14:52:27.108,26.6500,100
53547109572758,14:52:27.109,26.6600,100
53547114104888,14:52:27.114,26.6700,100
53547114104888,14:52:27.114,26.6700,100
53547114104888,14:52:27.114,26.6700,100
53547117112180,14:52:27.117,26.6700,100
53547117654407,14:52:27.117,26.6700,100
53547124814337,14:52:27.124,26.6700,59
53547124814337,14:52:27.124,26.6700,56
53547124814337,14:52:27.124,26.6700,100
53547130417007,14:52:27.130,26.6600,100
53547133146775,14:52:27.133,26.6500,100
53547133146775,14:52:27.133,26.6500,100
53547133146775,14:52:27.133,26.6500,100
53547140283612,14:52:27.140,26.6500,100
53547140283612,14:52:27.140,26.6500,100
53547146232092,14:52:27.146,26.6500,100
53547146232092,14:52:27.146,26.6500,100
53625632001709,14:53:45.632,26.6500,100
53625632001709,14:53:45.632,26.6500,100
53625632001709,14:53:45.632,26.6500,100
53625632001709,14:53:45.632,26.6500,100
53625711631483,14:53:45.711,26.6500,100
53625711631483,14:53:45.711,26.6500,100
53626193271034,14:53:46.193,26.6400,100
53626193271034,14:53:46.193,26.6400,100
53626193271034,14:53:46.193,26.6400,100
53633351112059,14:53:53.351,26.6400,100
53633351112059,14:53:53.351,26.6400,100
53633351112059,14:53:53.351,26.6400,100
53654418770760,14:54:14.418,26.6400,100
53710289559896,14:55:10.289,26.6400,3
53769424045309,14:56:09.424,26.6300,100
53770448305794,14:56:10.448,26.6200,62
53770448305794,14:56:10.448,26.6200,38
53771183197226,14:56:11.183,26.6200,100
53771183378205,14:56:11.183,26.6200,62
53789703040101,14:56:29.703,26.6200,100
53789703040101,14:56:29.703,26.6200,100
53789703040101,14:56:29.703,26.6200,7
53789711401584,14:56:29.711,26.6200,100
53794928766144,14:56:34.928,26.6200,100
53794928766144,14:56:34.928,26.6200,100
53804582676268,14:56:44.582,26.6300,68
53804583620027,14:56:44.583,26.6300,32
53804583620027,14:56:44.583,26.6300,100
53804583620027,14:56:44.583,26.6300,100
53804585918656,14:56:44.585,26.6300,100
53845309659069,14:57:25.309,26.6300,100
53845309659069,14:57:25.309,26.6300,100
53975438526871,14:59:35.438,26.6300,100
54049585578044,15:00:49.585,26.6200,23
54049585578044,15:00:49.585,26.6200,100
54054407855874,15:00:54.407,26.6200,100
54054407855874,15:00:54.407,26.6200,100
54054407855874,15:00:54.407,26.6200,100
54054407855874,15:00:54.407,26.6200,200
54054418890230,15:00:54.418,26.6300,100
54054418890230,15:00:54.418,26.6300,100
54117624046138,15:01:57.624,26.6200,100
54125783733555,15:02:05.783,26.6200,100
54125783733555,15:02:05.783,26.6200,12
54186797860399,15:03:06.797,26.6200,100
54201929139974,15:03:21.929,26.6100,100
54232226724413,15:03:52.226,26.6100,100
54232227487637,15:03:52.227,26.6100,31
54308540066233,15:05:08.540,26.6000,100
54310271636328,15:05:10.271,26.6000,4
54316357356028,15:05:16.357,26.6000,100
54317466767119,15:05:17.466,26.6000,1
54335218009525,15:05:35.218,26.5900,100
54335218009525,15:05:35.218,26.5900,100
54335218009525,15:05:35.218,26.5900,100
54361211496979,15:06:01.211,26.5850,11
54375361145304,15:06:15.361,26.5900,100
54375361145304,15:06:15.361,26.5900,9
54381628401729,15:06:21.628,26.5950,1
54388306206966,15:06:28.306,26.6000,200
54388306675103,15:06:28.306,26.6000,30
54388307134473,15:06:28.307,26.6000,70
54424310423852,15:07:04.310,26.6000,100
54480672278817,15:08:00.672,26.6000,100
54480672278817,15:08:00.672,26.6000,100
54480672278817,15:08:00.672,26.6000,100
54514568592905,15:08:34.568,26.6000,38
54514568673210,15:08:34.568,26.6000,200
54514568900529,15:08:34.568,26.6000,262
54591846101086,15:09:51.846,26.5900,100
54592249415334,15:09:52.249,26.5800,100
54592781002989,15:09:52.781,26.5800,100
54641626502797,15:10:41.626,26.5700,1
54708765902672,15:11:48.765,26.5700,2
54708765902672,15:11:48.765,26.5700,100
54715726092565,15:11:55.726,26.5700,100
54715726092565,15:11:55.726,26.5700,100
54715726092565,15:11:55.726,26.5700,100
54715726092565,15:11:55.726,26.5700,18
54715726092565,15:11:55.726,26.5700,82
54715726790718,15:11:55.726,26.5700,18
54715726790718,15:11:55.726,26.5700,3
54715726811232,15:11:55.726,26.5700,97
54732632708679,15:12:12.632,26.5700,100
54739122675288,15:12:19.122,26.5700,300
54763814498005,15:12:43.814,26.5600,200
54763814498005,15:12:43.814,26.5600,100
54763816455508,15:12:43.816,26.5600,100
54766061531311,15:12:46.061,26.5500,100
54767297559149,15:12:47.297,26.5500,100
54804024883497,15:13:24.024,26.5450,2
54808639476767,15:13:28.639,26.5450,1
54850012162258,15:14:10.012,26.5500,500
54911301218049,15:15:11.301,26.5500,100
54911301218049,15:15:11.301,26.5500,100
54911301218049,15:15:11.301,26.5500,100
54911301460480,15:15:11.301,26.5500,100
54921905002567,15:15:21.905,26.5600,100
54983701221821,15:16:23.701,26.5500,100
55040810389918,15:17:20.810,26.5400,3
55040810414545,15:17:20.810,26.5400,97
55058989089879,15:17:38.989,26.5300,100
55144717141707,15:19:04.717,26.5250,2
55181293175094,15:19:41.293,26.5300,100
55181293175094,15:19:41.293,26.5300,100
55181293175094,15:19:41.293,26.5300,100
55181293175094,15:19:41.293,26.5300,100
55196893548552,15:19:56.893,26.5350,1
55249340042659,15:20:49.340,26.5350,1
55279307977833,15:21:19.307,26.5300,100
55279307977833,15:21:19.307,26.5300,200
55279307977833,15:21:19.307,26.5300,100
55279308365122,15:21:19.308,26.5300,20
55287300956899,15:21:27.300,26.5200,100
55287301476881,15:21:27.301,26.5200,100
55332214918850,15:22:12.214,26.5100,100
55332214918850,15:22:12.214,26.5100,8
55333931813970,15:22:13.931,26.5100,100
55357971114401,15:22:37.971,26.5150,2
55393699213371,15:23:13.699,26.5100,72
55405646744270,15:23:25.646,26.5050,1
55418382245273,15:23:38.382,26.5100,200
55418403688291,15:23:38.403,26.5100,229
55418403688291,15:23:38.403,26.5100,31
55420477961975,15:23:40.477,26.5100,100
55457306645932,15:24:17.306,26.5050,1
55503835322507,15:25:03.835,26.5000,31
55503835347500,15:25:03.835,26.5000,61
55503835380470,15:25:03.835,26.5000,8
55503835380470,15:25:03.835,26.5000,92
55503835575507,15:25:03.835,26.5000,8
55503835575507,15:25:03.835,26.5000,13
55506454992564,15:25:06.454,26.4850,1
55569996800331,15:26:09.996,26.4900,100
55569996800331,15:26:09.996,26.4900,100
55569996800331,15:26:09.996,26.4900,100
55569999525572,15:26:09.999,26.5000,100
55569999525572,15:26:09.999,26.5000,100
55569999525572,15:26:09.999,26.5000,100
55569999525572,15:26:09.999,26.5000,100
55569999525572,15:26:09.999,26.5000,100
55569999525572,15:26:09.999,26.5000,100
55569999525572,15:26:09.999,26.5000,100
55569999525572,15:26:09.999,26.5000,1100
55569999525572,15:26:09.999,26.5000,100
55627884143897,15:27:07.884,26.5000,7
55627884171405,15:27:07.884,26.5000,93
55627884171405,15:27:07.884,26.5000,100
55627884171405,15:27:07.884,26.5000,13
55655292152774,15:27:35.292,26.4900,200
55655292183057,15:27:35.292,26.4900,4
55655292195168,15:27:35.292,26.4900,96
55655292195168,15:27:35.292,26.4900,4
55655292394401,15:27:35.292,26.4900,55
55665240156729,15:27:45.240,26.4900,100
55668974093475,15:27:48.974,26.4900,100
55668974465452,15:27:48.974,26.4900,41
55673168418762,15:27:53.168,26.4900,100
55673168418762,15:27:53.168,26.4900,100
55673339469983,15:27:53.339,26.5000,74
55673339715951,15:27:53.339,26.5000,26
55673339715951,15:27:53.339,26.5000,44
55673875077440,15:27:53.875,26.5000,56
55673875077440,15:27:53.875,26.5000,25
55685015029647,15:28:05.015,26.5050,1
55702840414162,15:28:22.840,26.5050,1
55763156155146,15:29:23.156,26.5000,9
55763156155146,15:29:23.156,26.5000,100
55797493364375,15:29:57.493,26.4900,100
55797493364375,15:29:57.493,26.4900,100
55809715066214,15:30:09.715,26.5000,1
55811021912725,15:30:11.021,26.5000,10
55811574671238,15:30:11.574,26.4950,100
55862489630051,15:31:02.489,26.5000,8
55868808313743,15:31:08.808,26.5000,100
55868808313743,15:31:08.808,26.5000,100
55878013768197,15:31:18.013,26.5050,1
55888998606820,15:31:28.998,26.5050,1
55897112622638,15:31:37.112,26.5100,200
55897112622638,15:31:37.112,26.5100,100
55897112622638,15:31:37.112,26.5100,200
55897112622638,15:31:37.112,26.5100,100
55973960146354,15:32:53.960,26.5100,100
55973960146354,15:32:53.960,26.5100,100
55973960146354,15:32:53.960,26.5100,500
55973960146354,15:32:53.960,26.5100,20
55973960146354,15:32:53.960,26.5100,3
55973960146354,15:32:53.960,26.5100,200
55973960146354,15:32:53.960,26.5100,100
55984955854008,15:33:04.955,26.5100,300
56040451012047,15:34:00.451,26.5100,23
56060743828852,15:34:20.743,26.5000,100
56060745195360,15:34:20.745,26.5000,14
56089024163186,15:34:49.024,26.5000,100
56094296641880,15:34:54.296,26.4900,100
56094296684431,15:34:54.296,26.4900,70
56103887441699,15:35:03.887,26.5100,100
56103887441699,15:35:03.887,26.5100,100
56103887441699,15:35:03.887,26.5100,600
56103887905042,15:35:03.887,26.5100,427
56103887910986,15:35:03.887,26.5100,573
56103887910986,15:35:03.887,26.5100,100
56103887910986,15:35:03.887,26.5100,100
56103887910986,15:35:03.887,26.5100,100
56105012349210,15:35:05.012,26.5150,2
56113289373809,15:35:13.289,26.5150,1
56124231211560,15:35:24.231,26.5200,100
56124232501793,15:35:24.232,26.5300,100
56124232501793,15:35:24.232,26.5300,100
56124232501793,15:35:24.232,26.5300,100
56124232501793,15:35:24.232,26.5300,1100
56124232501793,15:35:24.232,26.5300,32
56124232501793,15:35:24.232,26.5300,100
56170088398208,15:36:10.088,26.5300,200
56170088423929,15:36:10.088,26.5300,300
56170088423929,15:36:10.088,26.5300,100
56175394178767,15:36:15.394,26.5200,100
56175394178767,15:36:15.394,26.5200,50
56214014517752,15:36:54.014,26.5150,1
56242799016307,15:37:22.799,26.5150,1
56256191677674,15:37:36.191,26.5200,25
56323584441902,15:38:43.584,26.5300,100
56328765217746,15:38:48.765,26.5350,2
56367338428838,15:39:27.338,26.5400,100
56368777039709,15:39:28.777,26.5450,1
56373768503975,15:39:33.768,26.5500,100
56394517076403,15:39:54.517,26.5400,186
56394518878480,15:39:54.518,26.5400,34
56394520085947,15:39:54.520,26.5400,180
56394520085947,15:39:54.520,26.5400,6
56463181187084,15:41:03.181,26.5300,100
56463181461387,15:41:03.181,26.5300,3
56485681130957,15:41:25.681,26.5200,100
56503166584338,15:41:43.166,26.5150,1
56507378620935,15:41:47.378,26.5200,100
56523715572414,15:42:03.715,26.5300,7
56534092752983,15:42:14.092,26.5300,1
56557232546386,15:42:37.232,26.5400,100
56560448580639,15:42:40.448,26.5400,4
56588954070383,15:43:08.954,26.5400,2
56588954097667,15:43:08.954,26.5400,98
56588954097667,15:43:08.954,26.5400,100
56615726876774,15:43:35.726,26.5500,100
56615727388529,15:43:35.727,26.5500,30
56615727470880,15:43:35.727,26.5500,100
56615727470880,15:43:35.727,26.5500,100
56615727478283,15:43:35.727,26.5500,5
56646465597050,15:44:06.465,26.5500,9
56700113861373,15:45:00.113,26.5500,500
56700113861373,15:45:00.113,26.5500,100
56700113861373,15:45:00.113,26.5500,100
56700113861373,15:45:00.113,26.5500,100
56700114240493,15:45:00.114,26.5500,100
56700114240493,15:45:00.114,26.5500,100
56730814034275,15:45:30.814,26.5500,100
56730814158759,15:45:30.814,26.5500,100
56730814158759,15:45:30.814,26.5500,100
56730814158759,15:45:30.814,26.5500,300
56730814441800,15:45:30.814,26.5500,21
56730815768320,15:45:30.815,26.5500,79
56730815768320,15:45:30.815,26.5500,100
56730815768320,15:45:30.815,26.5500,21
56730816237218,15:45:30.816,26.5500,79
56730816237218,15:45:30.816,26.5500,21
56765205924912,15:46:05.205,26.5600,100
56765205924912,15:46:05.205,26.5600,100
56765205924912,15:46:05.205,26.5600,100
56765205924912,15:46:05.205,26.5600,100
56765205924912,15:46:05.205,26.5600,100
56765205924912,15:46:05.205,26.5600,14
56765950810802,15:46:05.950,26.5650,1
56769917120799,15:46:09.917,26.5600,100
56769917120799,15:46:09.917,26.5600,300
56769924192523,15:46:09.924,26.5600,100
56910398725438,15:48:30.398,26.5500,100
56910398725438,15:48:30.398,26.5500,22
56910398725438,15:48:30.398,26.5500,77
56910398760547,15:48:30.398,26.5500,23
56910398760547,15:48:30.398,26.5500,2
56945323381247,15:49:05.323,26.5500,100
56992023667422,15:49:52.023,26.5400,99
57003010573623,15:50:03.010,26.5400,1
57003010573623,15:50:03.010,26.5400,199
57003010574814,15:50:03.010,26.5400,301
57019116845958,15:50:19.116,26.5350,32
57041232008728,15:50:41.232,26.5300,45
57041232008728,15:50:41.232,26.5300,13
57042614305771,15:50:42.614,26.5250,100
57043119935626,15:50:43.119,26.5250,100
57071592000867,15:51:11.592,26.5250,100
57079501424202,15:51:19.501,26.5200,100
57079501424202,15:51:19.501,26.5200,100
57104019846778,15:51:44.019,26.5200,13
57104019846778,15:51:44.019,26.5200,86
57104022720338,15:51:44.022,26.5200,2
57155947225343,15:52:35.947,26.5100,27
57156716288147,15:52:36.716,26.5100,73
57156716288147,15:52:36.716,26.5100,97
57156716357078,15:52:36.716,26.5100,103
57156716357078,15:52:36.716,26.5100,21
57156716361469,15:52:36.716,26.5100,79
57193438845147,15:53:13.438,26.5000,222
57193438845147,15:53:13.438,26.5000,100
57193438845147,15:53:13.438,26.5000,100
57193438845147,15:53:13.438,26.5000,1400
57201201982013,15:53:21.201,26.5050,1
57212956874881,15:53:32.956,26.5050,100
57215255691422,15:53:35.255,26.5100,100
57215255691422,15:53:35.255,26.5100,100
57215255691422,15:53:35.255,26.5100,128
57215255691422,15:53:35.255,26.5100,1
57215255691422,15:53:35.255,26.5100,71
57225662014669,15:53:45.662,26.5100,37
57226016052221,15:53:46.016,26.5100,500
57240523390613,15:54:00.523,26.5100,63
57240523390613,15:54:00.523,26.5100,37
57242937559323,15:54:02.937,26.5050,1
57248315719019,15:54:08.315,26.5100,4
57248315719019,15:54:08.315,26.5100,100
57274122767126,15:54:34.122,26.5050,50
57274123216524,15:54:34.123,26.5000,23
57274123216524,15:54:34.123,26.5000,13
57274123216524,15:54:34.123,26.5000,84
57274123298517,15:54:34.123,26.5000,16
57274123298517,15:54:34.123,26.5000,88
57274123298517,15:54:34.123,26.5000,86
57282688384053,15:54:42.688,26.5100,85
57282688403317,15:54:42.688,26.5100,15
57282688403317,15:54:42.688,26.5100,100
57282688403317,15:54:42.688,26.5100,100
57282688403317,15:54:42.688,26.5100,84
57282688407778,15:54:42.688,26.5100,16
57282688407778,15:54:42.688,26.5100,16
57289844695759,15:54:49.844,26.5200,100
57289844695759,15:54:49.844,26.5200,235
57289844695759,15:54:49.844,26.5200,700
57296220517113,15:54:56.220,26.5300,100
57296220517113,15:54:56.220,26.5300,100
57296220517113,15:54:56.220,26.5300,100
57296220517113,15:54:56.220,26.5300,200
57296220517113,15:54:56.220,26.5300,300
57296220517113,15:54:56.220,26.5300,200
57296220517113,15:54:56.220,26.5300,235
57296220517113,15:54:56.220,26.5300,100
57296221058212,15:54:56.221,26.5300,33
57296221315575,15:54:56.221,26.5300,6
57296221337901,15:54:56.221,26.5300,94
57296221337901,15:54:56.221,26.5300,100
57310119509001,15:55:10.119,26.5400,86
57310119509001,15:55:10.119,26.5400,14
57311046106983,15:55:11.046,26.5500,100
57312288457170,15:55:12.288,26.5400,100
57312288457170,15:55:12.288,26.5400,100
57312288457170,15:55:12.288,26.5400,148
57312288457170,15:55:12.288,26.5400,152
57315221124516,15:55:15.221,26.5400,100
57315221124516,15:55:15.221,26.5400,100
57315221124516,15:55:15.221,26.5400,100
57318983312760,15:55:18.983,26.5400,87
57321674903636,15:55:21.674,26.5400,100
57326010939929,15:55:26.010,26.5400,99
57327118628543,15:55:27.118,26.5400,100
57330514802154,15:55:30.514,26.5500,100
57330514802154,15:55:30.514,26.5500,100
57330514802154,15:55:30.514,26.5500,100
57330514802154,15:55:30.514,26.5500,18
57330515874223,15:55:30.515,26.5500,88
57330516092409,15:55:30.516,26.5500,12
57330516092409,15:55:30.516,26.5500,88
57330520428197,15:55:30.520,26.5500,12
57330520428197,15:55:30.520,26.5500,100
57335072833610,15:55:35.072,26.5550,200
57335072833610,15:55:35.072,26.5600,100
57335072833610,15:55:35.072,26.5600,100
57335072833610,15:55:35.072,26.5600,100
57335072833610,15:55:35.072,26.5600,100
57335072833610,15:55:35.072,26.5600,100
57335072833610,15:55:35.072,26.5600,100
57358038220972,15:55:58.038,26.5500,148
57358038220972,15:55:58.038,26.5500,100
57358038220972,15:55:58.038,26.5500,100
57358038220972,15:55:58.038,26.5500,100
57372954155145,15:56:12.954,26.5450,1
57405594982864,15:56:45.594,26.5450,1
57418026238126,15:56:58.026,26.5400,81
57418034049944,15:56:58.034,26.5400,33
57418034049944,15:56:58.034,26.5400,4
57418034049944,15:56:58.034,26.5400,63
57423902024625,15:57:03.902,26.5400,37
57423902024625,15:57:03.902,26.5400,100
57423902024625,15:57:03.902,26.5400,600
57447006061299,15:57:27.006,26.5300,100
57447006061299,15:57:27.006,26.5300,100
57447007102955,15:57:27.007,26.5300,100
57447022325884,15:57:27.022,26.5300,8
57447022325884,15:57:27.022,26.5300,92
57447023008958,15:57:27.023,26.5300,8
57447146893026,15:57:27.146,26.5300,99
57447146893026,15:57:27.146,26.5300,100
57447146893026,15:57:27.146,26.5300,400
57453008678649,15:57:33.008,26.5350,100
57453009246361,15:57:33.009,26.5350,10
57453012940616,15:57:33.012,26.5350,45
57467073968610,15:57:47.073,26.5400,100
57467073968610,15:57:47.073,26.5400,22
57467075956393,15:57:47.075,26.5500,100
57467075956393,15:57:47.075,26.5500,100
57467075956393,15:57:47.075,26.5500,100
57501803209643,15:58:21.803,26.5600,100
57501803209643,15:58:21.803,26.5600,100
57501803209643,15:58:21.803,26.5600,132
57501803209643,15:58:21.803,26.5600,80
57501803209643,15:58:21.803,26.5600,100
57501803209643,15:58:21.803,26.5600,100
57501803630558,15:58:21.803,26.5600,100
57507328994027,15:58:27.328,26.5700,100
57511007260268,15:58:31.007,26.5700,100
57526115408179,15:58:46.115,26.5700,76
57540089261481,15:59:00.089,26.5800,100
57540089261481,15:59:00.089,26.5800,100
57540506144057,15:59:00.506,26.5850,100
57557704127351,15:59:17.704,26.5850,100
57557704127351,15:59:17.704,26.5850,100
57557704127351,15:59:17.704,26.5850,100
57557704127351,15:59:17.704,26.5900,100
57557704127351,15:59:17.704,26.5900,100
57557704127351,15:59:17.704,26.5900,100
57557704127351,15:59:17.704,26.5900,100
57557704127351,15:59:17.704,26.5900,100
57557704127351,15:59:17.704,26.5900,87
57557705957798,15:59:17.705,26.5950,100
57557705957798,15:59:17.705,26.6000,100
57557705957798,15:59:17.705,26.6000,96
57557706500491,15:59:17.706,26.6000,4
57557706500491,15:59:17.706,26.6000,38
57565379426851,15:59:25.379,26.5900,100
57585861651589,15:59:45.861,26.5950,100
57585861651589,15:59:45.861,26.5950,100
57585861651589,15:59:45.861,26.5950,100
57585861651589,15:59:45.861,26.5900,200
57585861651589,15:59:45.861,26.5900,200
57585861651589,15:59:45.861,26.5900,100
57585862182821,15:59:45.862,26.5950,100
57585862931318,15:59:45.862,26.5950,100
57600438653708,16:00:00.438,0.0000,0
