timestamp,time,price,volume
15300214407938,04:15:00.214,89.5000,50
15901208978010,04:25:01.208,89.3000,50
15901208978010,04:25:01.208,89.3000,100
15901208978010,04:25:01.208,89.3100,50
16249411510909,04:30:49.411,89.5000,100
17362573940756,04:49:22.573,89.7400,40
17522369416822,04:52:02.369,89.7400,10
17755850082978,04:55:55.850,89.7400,50
17803711638051,04:56:43.711,89.8800,100
19412571174356,05:23:32.571,89.4800,8
20050229076474,05:34:10.229,89.2700,12
20277772868754,05:37:57.772,89.5000,20
20864473828366,05:47:44.473,89.3900,900
20864473828366,05:47:44.473,89.3500,100
20864473828366,05:47:44.473,89.3500,400
21289290257177,05:54:49.290,89.3700,100
21640838630374,06:00:40.838,89.4100,200
21977156346285,06:06:17.156,89.4100,100
22072886852268,06:07:52.886,89.6600,100
22155078101630,06:09:15.078,89.6800,10
22399246885650,06:13:19.246,89.2700,150
24716297575756,06:51:56.297,89.0000,20
25200011124046,07:00:00.011,89.0200,20
25265938444179,07:01:05.938,89.1000,20
25265938444179,07:01:05.938,89.1000,80
25385057174064,07:03:05.057,89.2100,700
25385058483170,07:03:05.058,89.2100,200
25483577874218,07:04:43.577,89.1000,100
25763459564559,07:09:23.459,89.2000,159
25858790788737,07:10:58.790,89.0700,212
26038963375671,07:13:58.963,89.0700,23
26367749780039,07:19:27.749,88.6700,100
26440078244890,07:20:40.078,88.1800,10
26478117505163,07:21:18.117,88.2700,165
26570355062507,07:22:50.355,87.9300,500
26570359675619,07:22:50.359,87.9300,186
26570366149960,07:22:50.366,87.9600,300
26570529377787,07:22:50.529,88.1400,100
26583850963653,07:23:03.850,88.5400,200
26969578150635,07:29:29.578,88.4500,100
27109956893311,07:31:49.956,88.5500,178
27208535880553,07:33:28.535,88.9400,100
27334932908775,07:35:34.932,89.2000,30
27431972106574,07:37:11.972,89.1600,344
27431972106574,07:37:11.972,89.1600,156
27431972131657,07:37:11.972,89.1600,100
27431973774931,07:37:11.973,89.1600,200
27431976428935,07:37:11.976,89.1600,189
28387160738792,07:53:07.160,89.1100,1
28400235599652,07:53:20.235,89.3400,100
28420319507604,07:53:40.319,89.3400,78
28809754028162,08:00:09.754,89.7100,25
28934732129613,08:02:14.732,89.9900,2
28967140236209,08:02:47.140,89.9900,400
28985508787712,08:03:05.508,89.9900,100
28985906372988,08:03:05.906,89.9900,8
28985906372988,08:03:05.906,90.0000,50
29175478114324,08:06:15.478,90.2100,46
29358901957314,08:09:18.901,90.0000,86
30050809440255,08:20:50.809,88.8200,100
30050809440255,08:20:50.809,88.8200,100
30162699519679,08:22:42.699,88.6500,50
30171176412736,08:22:51.176,88.5100,100
30489843521086,08:28:09.843,89.9000,50
30571897654572,08:29:31.897,89.5300,326
30571897654572,08:29:31.897,89.5300,174
30667786835333,08:31:07.786,88.6500,15
30755367548854,08:32:35.367,88.8000,60
30780727990181,08:33:00.727,88.9500,100
31232291297722,08:40:32.291,89.1700,174
31751883385557,08:49:11.883,89.4000,100
31751885630991,08:49:11.885,89.5900,200
31751886181016,08:49:11.886,89.5900,100
31751886181016,08:49:11.886,89.5900,100
31751888410128,08:49:11.888,89.6000,50
31777989519484,08:49:37.989,89.8000,100
31786865442250,08:49:46.865,89.8800,100
31791069938302,08:49:51.069,89.9900,200
31791069942698,08:49:51.069,89.9900,200
31791069986126,08:49:51.069,89.9900,100
31792421651407,08:49:52.421,90.3700,100
31872851352854,08:51:12.851,89.8000,100
31881958980026,08:51:21.958,89.7100,10
31881958984297,08:51:21.958,89.7100,90
31974208547454,08:52:54.208,90.0000,275
31974208886026,08:52:54.208,90.0000,104
32004184412083,08:53:24.184,89.8200,100
32051232959954,08:54:11.232,89.6800,74
32181406671539,08:56:21.406,89.7600,54
32181406676175,08:56:21.406,89.7600,246
32181406865111,08:56:21.406,89.7600,45
32181422216669,08:56:21.422,89.7600,155
32328725897514,08:58:48.725,89.9000,9
32328725897514,08:58:48.725,89.9900,500
32367933010531,08:59:27.933,90.2900,42
32367933018811,08:59:27.933,90.2900,58
32396822711679,08:59:56.822,90.5100,400
32396822714367,08:59:56.822,90.5100,100
32440372322307,09:00:40.372,89.6500,8
32440398174739,09:00:40.398,89.6500,16
32440406893892,09:00:40.406,89.6500,5
32504819778376,09:01:44.819,89.9000,2
32539974370420,09:02:19.974,89.9000,25
32543429465892,09:02:23.429,89.9000,1
32543491011851,09:02:23.491,89.9000,97
32574310662980,09:02:54.310,89.7900,10
32588617768690,09:03:08.617,89.5000,1
32599195564467,09:03:19.195,89.3300,3
32603156854806,09:03:23.156,89.3300,7
32678139722382,09:04:38.139,89.6600,1
32678448992484,09:04:38.448,89.6600,1
32703963852371,09:05:03.963,89.7000,7
32703970003419,09:05:03.970,89.6600,43
32703975908471,09:05:03.975,89.6600,50
32703998095372,09:05:03.998,89.6600,1
32705302397758,09:05:05.302,89.6600,404
32720604223591,09:05:20.604,89.5500,40
32725857706145,09:05:25.857,89.2400,1
32774123532131,09:06:14.123,89.5000,4
32779223450463,09:06:19.223,89.6500,93
32779223461643,09:06:19.223,89.6600,2
32779223461643,09:06:19.223,89.6600,4
32779223461643,09:06:19.223,89.6600,23
32779223461643,09:06:19.223,89.6600,200
32779223461643,09:06:19.223,89.6600,15
32781844494927,09:06:21.844,89.6000,1
32783091335508,09:06:23.091,89.6500,6
32787875921630,09:06:27.875,89.6500,10
32796137918897,09:06:36.137,89.6800,50
32801712464875,09:06:41.712,89.6900,9
32946011783743,09:09:06.011,89.6600,37
32958152643550,09:09:18.152,89.4300,59
33010160427223,09:10:10.160,89.5400,6
33013767350939,09:10:13.767,89.5500,6
33037041593202,09:10:37.041,89.5200,5
33045309527250,09:10:45.309,89.5300,100
33063100130540,09:11:03.100,89.8000,47
33064593185956,09:11:04.593,89.7700,2
33065226140712,09:11:05.226,89.7700,70
33099214125310,09:11:39.214,89.7500,1
33099216797933,09:11:39.216,89.8500,4
33099217740623,09:11:39.217,89.8700,1
33129873831718,09:12:09.873,89.7300,26
33289143155687,09:14:49.143,89.0000,2
33289143155687,09:14:49.143,89.0000,8
33307936482328,09:15:07.936,89.0000,500
33321198628440,09:15:21.198,89.1800,11
33328519773892,09:15:28.519,89.0000,214
33549626498873,09:19:09.626,89.0000,15
33614081289370,09:20:14.081,89.5400,500
33650050453688,09:20:50.050,89.5900,10
33731723603019,09:22:11.723,89.3000,10
33806259189066,09:23:26.259,89.2500,18
33838898096556,09:23:58.898,89.4500,340
33838899878776,09:23:58.899,89.4500,100
33838899881362,09:23:58.899,89.4500,60
33875033969734,09:24:35.033,89.5000,20
33881284404258,09:24:41.284,89.4600,20
34020906033663,09:27:00.906,88.5900,50
34022370975560,09:27:02.370,88.5900,329
34073591765851,09:27:53.591,89.0000,20
34073610893208,09:27:53.610,88.9300,10
34074540478177,09:27:54.540,89.0000,10
34074540478177,09:27:54.540,89.0000,10
34074540478177,09:27:54.540,89.0000,10
34103609935447,09:28:23.609,88.6900,300
34103610020647,09:28:23.610,88.6900,110
34103610023288,09:28:23.610,88.6900,190
34103610106537,09:28:23.610,88.6900,101
34105175517694,09:28:25.175,88.6900,199
34105175641093,09:28:25.175,88.6900,101
34105176352543,09:28:25.176,88.6900,199
34105176352543,09:28:25.176,88.6900,2
34105907639537,09:28:25.907,88.5900,30
34169379031438,09:29:29.379,88.6900,20
34169379031438,09:29:29.379,88.6900,80
34191639496285,09:29:51.639,88.8200,300
34191639500491,09:29:51.639,88.8200,149
34200861196152,09:30:00.861,0.0000,0
34208181613323,09:30:08.181,88.7100,100
34222670162686,09:30:22.670,88.8500,148
34222670165866,09:30:22.670,88.8500,48
34222670181466,09:30:22.670,88.8500,148
34223860963905,09:30:23.860,88.8500,100
34228263814682,09:30:28.263,88.8500,756
34229678062852,09:30:29.678,88.8700,200
34253148507248,09:30:53.148,88.7500,361
34253148889472,09:30:53.148,88.7500,87
34258674463138,09:30:58.674,88.8000,3
34265165543947,09:31:05.165,88.7500,1
34290719635223,09:31:30.719,88.5900,15
34297825298641,09:31:37.825,88.5500,100
34300992993190,09:31:40.992,88.5400,18
34301039378931,09:31:41.039,88.5400,3
34301975870003,09:31:41.975,88.5400,10
34302815773274,09:31:42.815,88.5400,69
34302823253288,09:31:42.823,88.5100,31
34307685382202,09:31:47.685,88.5800,100
34313006016636,09:31:53.006,88.5500,90
34313006460699,09:31:53.006,88.6000,7
34333738317115,09:32:13.738,88.6000,8
34333738359041,09:32:13.738,88.6000,22
34333738402387,09:32:13.738,88.6100,7
34335372253057,09:32:15.372,88.7400,2
34335372676340,09:32:15.372,88.7100,70
34340085938281,09:32:20.085,88.6800,100
34340086014233,09:32:20.086,88.6800,70
34377742240568,09:32:57.742,88.6500,130
34377750681818,09:32:57.750,88.5400,100
34377759624284,09:32:57.759,88.5200,270
34385994155166,09:33:05.994,88.5000,24
34399288711226,09:33:19.288,88.4500,6
34416030321670,09:33:36.030,88.1500,1
34420891806154,09:33:40.891,88.2300,140
34428100921321,09:33:48.100,88.4300,23
34434221669494,09:33:54.221,88.2500,100
34472047516897,09:34:32.047,88.3400,5
34482928164934,09:34:42.928,88.2500,2
34502033575776,09:35:02.033,88.2800,10
34544690936836,09:35:44.690,88.5000,10
34544690956765,09:35:44.690,88.5100,5
34549364632781,09:35:49.364,88.5500,21
34557830856561,09:35:57.830,88.6200,18
34566719319239,09:36:06.719,88.8000,29
34593021700543,09:36:33.021,88.6300,15
34606750214692,09:36:46.750,88.6800,50
34609749285067,09:36:49.749,88.6700,35
34609749330594,09:36:49.749,88.6700,30
34609749363706,09:36:49.749,88.6700,5
34609749723272,09:36:49.749,88.6700,30
34615056061232,09:36:55.056,88.5000,200
34646543197607,09:37:26.543,88.6500,20
34647260620462,09:37:27.260,88.6700,45
34682457501948,09:38:02.457,88.6500,57
34682457539777,09:38:02.457,88.6500,11
34689809556433,09:38:09.809,88.6300,35
34690112368618,09:38:10.112,88.6300,65
34692736863659,09:38:12.736,88.6300,66
34694075006059,09:38:14.075,88.7900,1
34698572670846,09:38:18.572,88.8000,65
34698572730551,09:38:18.572,88.8400,49
34752112902880,09:39:12.112,88.8000,2
34792407907954,09:39:52.407,88.8800,39
34792407907954,09:39:52.407,88.8800,19
34797841814156,09:39:57.841,88.9000,60
34797842221965,09:39:57.842,88.9200,77
34804538240031,09:40:04.538,88.8500,200
34814585552199,09:40:14.585,88.9500,7
34818653012558,09:40:18.653,88.8800,46
34818653030218,09:40:18.653,88.8800,46
34818695403422,09:40:18.695,88.8300,46
34818696596014,09:40:18.696,88.8300,46
34818774144989,09:40:18.774,88.8300,8
34841332101512,09:40:41.332,88.7400,3
34841332101512,09:40:41.332,88.7400,10
34841332585196,09:40:41.332,88.7400,84
34841358141303,09:40:41.358,88.7000,1
34844597690496,09:40:44.597,88.7800,100
34844597692746,09:40:44.597,88.7800,100
34856790173880,09:40:56.790,88.6900,18
34870761238341,09:41:10.761,89.0000,70
34870761242149,09:41:10.761,89.0000,5
34870761242149,09:41:10.761,89.0000,72
34870761251349,09:41:10.761,89.0000,48
34870761960316,09:41:10.761,89.0500,5
34870767969040,09:41:10.767,89.0600,21
34879577204578,09:41:19.577,89.1500,50
34882526275478,09:41:22.526,89.1000,100
34882526279000,09:41:22.526,89.1000,100
34882527268102,09:41:22.527,89.1000,100
34882538339545,09:41:22.538,89.1000,200
34894055377359,09:41:34.055,89.0800,37
34912371357772,09:41:52.371,89.0000,1
34949330153971,09:42:29.330,89.2400,100
34953808731289,09:42:33.808,89.2400,200
34988523261360,09:43:08.523,89.4000,97
34988523282252,09:43:08.523,89.4000,76
34988523557574,09:43:08.523,89.4000,127
34992974746860,09:43:12.974,89.4000,6
35006379119807,09:43:26.379,89.4900,2
35007427253447,09:43:27.427,89.5000,200
35012106790942,09:43:32.106,89.6600,100
35012106792911,09:43:32.106,89.6600,100
35040135074464,09:44:00.135,89.5800,100
35040223298150,09:44:00.223,89.6900,400
35040223299916,09:44:00.223,89.6900,300
35040223600220,09:44:00.223,89.7100,1
35040223968023,09:44:00.223,89.8100,19
35040223968023,09:44:00.223,89.8100,9
35040233571875,09:44:00.233,89.8400,100
35041573637333,09:44:01.573,89.7800,100
35052870888127,09:44:12.870,89.8000,100
35053501459948,09:44:13.501,89.8600,100
35053501554799,09:44:13.501,89.8800,43
35056914262264,09:44:16.914,89.8400,40
35062566438370,09:44:22.566,89.8100,100
35062566554331,09:44:22.566,89.8100,100
35062569226994,09:44:22.569,89.8000,100
35062569226994,09:44:22.569,89.8000,300
35062569912239,09:44:22.569,89.8000,10
35065946371153,09:44:25.946,89.7500,28
35068831492351,09:44:28.831,89.8000,60
35068831529740,09:44:28.831,89.8000,40
35078340178410,09:44:38.340,89.8000,4
35089997517492,09:44:49.997,89.7500,108
35089997517492,09:44:49.997,89.7500,10
35089997517492,09:44:49.997,89.7500,3
35089997547786,09:44:49.997,89.7300,479
35090016817293,09:44:50.016,89.6100,15
35090711041063,09:44:50.711,89.6100,10
35091530062722,09:44:51.530,89.6000,2
35095797314630,09:44:55.797,89.7600,2
35113737126832,09:45:13.737,89.6000,3
35115803442842,09:45:15.803,89.5100,5
35115804197064,09:45:15.804,89.4700,16
35115804197064,09:45:15.804,89.4700,7
35138210163025,09:45:38.210,89.5200,100
35138212015018,09:45:38.212,89.6600,18
35138237199522,09:45:38.237,89.7400,100
35159663079895,09:45:59.663,89.5000,1
35159663445624,09:45:59.663,89.4600,84
35161707633448,09:46:01.707,89.5300,12
35161707776170,09:46:01.707,89.5300,18
35161711951791,09:46:01.711,89.5300,4
35161712575610,09:46:01.712,89.5300,80
35161713150159,09:46:01.713,89.5400,300
35161713151625,09:46:01.713,89.5400,300
35161713581330,09:46:01.713,89.5400,120
35161713587332,09:46:01.713,89.5400,67
35161713920013,09:46:01.713,89.5400,213
35161713962018,09:46:01.713,89.5500,1
35200372107231,09:46:40.372,89.6900,130
35200372107231,09:46:40.372,89.7400,100
35200380362333,09:46:40.380,89.7700,37
35200380615630,09:46:40.380,89.7700,63
35209684941523,09:46:49.684,89.9000,9
35209684980961,09:46:49.684,89.9000,11
35209685511809,09:46:49.685,89.9200,100
35209685516717,09:46:49.685,89.9200,100
35209687209212,09:46:49.687,89.9200,80
35209690465265,09:46:49.690,89.9500,44
35209690518825,09:46:49.690,89.9600,48
35209690699034,09:46:49.690,89.9500,100
35209701434044,09:46:49.701,89.9900,83
35209701460504,09:46:49.701,89.9900,134
35209702065165,09:46:49.702,89.9900,69
35224425241022,09:47:04.425,89.8000,600
35224425305890,09:47:04.425,89.8000,239
35224425311840,09:47:04.425,89.8000,13
35224425523666,09:47:04.425,89.8000,148
35231091930127,09:47:11.091,89.8200,46
35239046254439,09:47:19.046,89.8200,18
35239046294070,09:47:19.046,89.8200,82
35241356396904,09:47:21.356,89.9200,81
35241359356943,09:47:21.359,89.9200,18
35241360325573,09:47:21.360,89.9200,101
35251324655012,09:47:31.324,89.9900,700
35251324786204,09:47:31.324,89.9900,14
35251324786204,09:47:31.324,89.9900,200
35251324866870,09:47:31.324,89.9700,100
35256773718220,09:47:36.773,89.9200,7
35257688273665,09:47:37.688,89.8500,100
35257688278214,09:47:37.688,89.8500,100
35260338818468,09:47:40.338,89.7400,30
35260338867258,09:47:40.338,89.7400,20
35263922123513,09:47:43.922,89.7400,100
35307872338970,09:48:27.872,89.7400,18
35307872403811,09:48:27.872,89.7400,72
35307872414078,09:48:27.872,89.7400,10
35307898944974,09:48:27.898,89.6700,17
35335443279773,09:48:55.443,89.8000,100
35346380500663,09:49:06.380,89.6000,20
35348750632558,09:49:08.750,89.7000,77
35348750641577,09:49:08.750,89.7000,20
35348750659144,09:49:08.750,89.7000,3
35355478625667,09:49:15.478,89.6000,5
35397579235451,09:49:57.579,89.7000,100
35473733438785,09:51:13.733,89.6500,5
35520796894843,09:52:00.796,89.8100,100
35529099734981,09:52:09.099,89.8000,5
35532697531484,09:52:12.697,89.8000,160
35532739598021,09:52:12.739,89.8000,100
35547225064944,09:52:27.225,89.8000,62
35547225090970,09:52:27.225,89.8000,77
35547226259680,09:52:27.226,89.8000,300
35547226266254,09:52:27.226,89.8000,296
35547277325572,09:52:27.277,89.8100,77
35554600334026,09:52:34.600,89.7700,5
35556797893960,09:52:36.797,89.8000,30
35562300291699,09:52:42.300,89.8800,25
35562311501430,09:52:42.311,89.8900,10
35562311563120,09:52:42.311,89.9000,59
35562311584103,09:52:42.311,89.8800,15
35562311613697,09:52:42.311,89.8800,77
35562312376719,09:52:42.312,89.9000,494
35562312376719,09:52:42.312,89.9000,3
35564164602599,09:52:44.164,89.9200,31
35572680654601,09:52:52.680,89.9400,6
35572698039194,09:52:52.698,89.9200,30
35572698047353,09:52:52.698,89.9200,16
35572698057739,09:52:52.698,89.9200,77
35645849827572,09:54:05.849,89.9000,64
35647113391192,09:54:07.113,89.9000,100
35653226485426,09:54:13.226,89.9000,136
35653226485426,09:54:13.226,89.9000,164
35653226492345,09:54:13.226,89.9000,136
35653226492345,09:54:13.226,89.9000,5
35664546923247,09:54:24.546,89.9800,3
35664546923247,09:54:24.546,89.9800,17
35664546923247,09:54:24.546,89.9800,180
35665148379654,09:54:25.148,89.9900,100
35665148379654,09:54:25.148,89.9900,10
35665148379654,09:54:25.148,89.9900,1000
35666098036025,09:54:26.098,90.0000,25
35666098036025,09:54:26.098,90.0000,4
35666098036025,09:54:26.098,90.0000,171
35666098039277,09:54:26.098,90.0000,200
35667879343709,09:54:27.879,89.9600,83
35667879343709,09:54:27.879,89.9600,217
35668094960864,09:54:28.094,90.0000,200
35668094962382,09:54:28.094,90.0000,122
35668094962382,09:54:28.094,90.0000,78
35668095220124,09:54:28.095,90.0000,38
35668095220124,09:54:28.095,90.0000,84
35670828550874,09:54:30.828,90.0000,216
35670828550874,09:54:30.828,90.0000,30
35670828550874,09:54:30.828,90.0000,20
35670828550874,09:54:30.828,90.0000,10
35670828550874,09:54:30.828,90.0000,6
35670828550874,09:54:30.828,90.0000,18
35670828567090,09:54:30.828,90.0000,300
35670828687097,09:54:30.828,90.0000,22
35670828687097,09:54:30.828,90.0000,35
35670828687097,09:54:30.828,90.0000,150
35670838953930,09:54:30.838,90.0500,10
35676779131022,09:54:36.779,90.0300,20
35680333793907,09:54:40.333,90.0600,16
35697941244502,09:54:57.941,90.0000,1
35697942790712,09:54:57.942,89.9900,100
35704988218448,09:55:04.988,90.0000,12
35714095188154,09:55:14.095,90.1300,16
35716697790696,09:55:16.697,90.1300,31
35717471931696,09:55:17.471,90.2000,100
35717485264108,09:55:17.485,90.2500,11
35725953157322,09:55:25.953,90.3000,10
35725953157322,09:55:25.953,90.3000,1
35739757320380,09:55:39.757,90.3800,20
35748432512598,09:55:48.432,90.4100,40
35765104982141,09:56:05.104,90.4000,100
35771082187984,09:56:11.082,90.3000,2
35773489126916,09:56:13.489,90.2900,5
35785714747870,09:56:25.714,90.2900,5
35788114505422,09:56:28.114,90.3800,7
35790401058518,09:56:30.401,90.4100,18
35790401142485,09:56:30.401,90.4100,42
35790401142485,09:56:30.401,90.4100,5
35790414639121,09:56:30.414,90.5000,2
35790414639121,09:56:30.414,90.5000,50
35790414639121,09:56:30.414,90.5000,10
35790414639121,09:56:30.414,90.5000,138
35790414640343,09:56:30.414,90.5000,200
35790428814796,09:56:30.428,90.5000,41
35790428867615,09:56:30.428,90.5000,100
35790428890255,09:56:30.428,90.5000,17
35790428890255,09:56:30.428,90.5000,50
35792083282363,09:56:32.083,90.5500,50
35792083282363,09:56:32.083,90.5500,7
35799430597543,09:56:39.430,90.5000,190
35799430605556,09:56:39.430,90.5000,147
35799430646760,09:56:39.430,90.5000,77
35799463966658,09:56:39.463,90.5000,77
35799463971324,09:56:39.463,90.5000,77
35799464131941,09:56:39.464,90.5000,148
35799464171950,09:56:39.464,90.5000,77
35804031651224,09:56:44.031,90.4500,35
35804032828990,09:56:44.032,90.4000,50
35814370046649,09:56:54.370,90.2000,75
35825201349331,09:57:05.201,90.0500,30
35825518246009,09:57:05.518,90.0200,100
35825524054466,09:57:05.524,90.0200,10
35825524054466,09:57:05.524,90.0000,300
35825545711364,09:57:05.545,90.0000,300
35834367628347,09:57:14.367,90.0000,100
35834367633615,09:57:14.367,90.0000,5
35850299271117,09:57:30.299,90.0500,11
35861064164460,09:57:41.064,89.9400,100
35861081810513,09:57:41.081,89.9100,92
35870188847446,09:57:50.188,90.0300,46
35870190768655,09:57:50.190,90.0900,100
35927322291454,09:58:47.322,90.0000,18
35927322291454,09:58:47.322,90.0000,2
35927322291454,09:58:47.322,90.0000,1
35952107143901,09:59:12.107,90.0000,200
35952107150439,09:59:12.107,90.0000,100
36017008638101,10:00:17.008,89.8800,6
36019148150882,10:00:19.148,89.8600,5
36046744182921,10:00:46.744,89.6500,20
36046744182921,10:00:46.744,89.6500,100
36048635588796,10:00:48.635,89.6400,5
36076219378945,10:01:16.219,89.6000,42
36077374281022,10:01:17.374,89.6600,1
36102760088341,10:01:42.760,89.6400,25
36105876000543,10:01:45.876,89.6300,1
36120257573433,10:02:00.257,89.6400,2
36124120016379,10:02:04.120,89.5500,27
36124120033358,10:02:04.120,89.5400,8
36124120627845,10:02:04.120,89.5400,4
36124120627845,10:02:04.120,89.5400,47
36124212680745,10:02:04.212,89.5200,10
36124244395034,10:02:04.244,89.5000,5
36139067914811,10:02:19.067,89.3600,100
36139067914811,10:02:19.067,89.3600,100
36140369439278,10:02:20.369,89.4100,100
36140369439930,10:02:20.369,89.4100,100
36140369444698,10:02:20.369,89.4100,100
36149457592168,10:02:29.457,89.3800,17
36160232682506,10:02:40.232,89.5000,20
36191518313179,10:03:11.518,89.5600,3
36204937961533,10:03:24.937,89.6200,7
36214611265284,10:03:34.611,89.5000,5
36236195262365,10:03:56.195,89.4800,100
36236195265299,10:03:56.195,89.4800,30
36240990974992,10:04:00.990,89.5000,7
36240990994320,10:04:00.990,89.5000,32
36240991001149,10:04:00.991,89.5000,11
36240991001149,10:04:00.991,89.5000,66
36240991021346,10:04:00.991,89.5000,81
36258242718847,10:04:18.242,89.6000,4
36266590034730,10:04:26.590,89.6000,46
36266590125036,10:04:26.590,89.5800,77
36266590132926,10:04:26.590,89.5800,23
36266590577326,10:04:26.590,89.5800,66
36271473665225,10:04:31.473,89.5800,11
36271473665225,10:04:31.473,89.5800,11
36271473708460,10:04:31.473,89.5800,12
36287673087955,10:04:47.673,89.5000,5
36289714876538,10:04:49.714,89.4000,5
36289714876538,10:04:49.714,89.4000,2
36294227134780,10:04:54.227,89.4500,5
36298779939355,10:04:58.779,89.4700,100
36309285419173,10:05:09.285,89.4700,1
36328188295791,10:05:28.188,89.5000,100
36339419895248,10:05:39.419,89.5000,46
36372588575332,10:06:12.588,89.6600,13
36372601639332,10:06:12.601,89.6200,44
36372601843248,10:06:12.601,89.6200,47
36372601880826,10:06:12.601,89.6200,9
36379308144809,10:06:19.308,89.5600,1
36379310917214,10:06:19.310,89.5000,11
36428077369409,10:07:08.077,89.7000,3
36451539400845,10:07:31.539,89.9100,17
36456490367230,10:07:36.490,89.8300,100
36462338897856,10:07:42.338,89.9200,40
36503326325960,10:08:23.326,89.9200,4
36526007689200,10:08:46.007,89.8700,10
36564537474674,10:09:24.537,89.8300,98
36564537556191,10:09:24.537,89.8300,140
36564537722433,10:09:24.537,89.8300,262
36576632399139,10:09:36.632,89.7500,300
36578103965402,10:09:38.103,89.7100,15
36578104655377,10:09:38.104,89.7000,15
36579959243821,10:09:39.959,89.6900,20
36610443761904,10:10:10.443,89.8900,20
36654633204622,10:10:54.633,89.9600,44
36654633204622,10:10:54.633,89.9600,31
36700447477825,10:11:40.447,89.9200,200
36700447481409,10:11:40.447,89.9200,100
36700447481409,10:11:40.447,89.9300,100
36700447503147,10:11:40.447,89.9300,50
36700447801035,10:11:40.447,89.8900,30
36702120927421,10:11:42.120,89.7600,2
36702121392805,10:11:42.121,89.7600,30
36773519141945,10:12:53.519,89.8800,8
36779973501464,10:12:59.973,89.8300,10
36779974783507,10:12:59.974,89.8000,283
36779974825102,10:12:59.974,89.8000,57
36822030944320,10:13:42.030,89.9900,15
36822030944901,10:13:42.030,89.9900,140
36822030947864,10:13:42.030,89.9900,141
36822033681509,10:13:42.033,89.9900,76
36822073054183,10:13:42.073,89.9700,80
36822073859710,10:13:42.073,89.9700,20
36825312325396,10:13:45.312,89.9900,100
36838010497699,10:13:58.010,89.9200,77
36838010508834,10:13:58.010,89.9200,23
36838019742086,10:13:58.019,89.9000,18
36838019864277,10:13:58.019,89.9000,32
36840180093501,10:14:00.180,89.7500,5
36840594612433,10:14:00.594,89.7300,5
36844054136833,10:14:04.054,89.7000,5
36844873679137,10:14:04.873,89.7300,100
36844873679731,10:14:04.873,89.7300,100
36844873761095,10:14:04.873,89.7300,100
36849708897753,10:14:09.708,89.7000,100
36849713675295,10:14:09.713,89.6800,17
36851980835602,10:14:11.980,89.6500,7
36851980883290,10:14:11.980,89.6400,46
36851980938110,10:14:11.980,89.6200,56
36851982806277,10:14:11.982,89.6000,1
36851983201726,10:14:11.983,89.6000,24
36889374959858,10:14:49.374,89.9000,7
36904486766151,10:15:04.486,89.9900,25
36910517922703,10:15:10.517,89.9700,50
36911001583785,10:15:11.001,89.9900,200
36911001586897,10:15:11.001,89.9900,200
36911001587638,10:15:11.001,89.9900,103
36911002327479,10:15:11.002,90.0000,1
36911002327479,10:15:11.002,90.0000,45
36911002327479,10:15:11.002,90.0000,8
36911002327479,10:15:11.002,90.0000,200
36911002327479,10:15:11.002,90.0000,2
36911002327479,10:15:11.002,90.0000,2
36911002327479,10:15:11.002,90.0000,7
36911002327479,10:15:11.002,90.0000,1
36911002327479,10:15:11.002,90.0000,13
36911002327479,10:15:11.002,90.0000,500
36912830708124,10:15:12.830,90.0800,8
36912830708124,10:15:12.830,90.0800,9
36923348199120,10:15:23.348,90.1100,100
36923348205328,10:15:23.348,90.1100,100
36930310426625,10:15:30.310,90.1100,280
36930310450181,10:15:30.310,90.1100,77
36930310644453,10:15:30.310,90.1100,140
36930311655649,10:15:30.311,90.1100,1303
36930311655649,10:15:30.311,90.1100,47
36930311700399,10:15:30.311,90.1400,19
36930311700399,10:15:30.311,90.1400,11
36931300507554,10:15:31.300,90.2900,47
36985693224288,10:16:25.693,90.3000,92
36985693224288,10:16:25.693,90.3000,100
36995155825592,10:16:35.155,90.4000,20
37002208022934,10:16:42.208,90.3600,15
37002208027992,10:16:42.208,90.3600,78
37002208062051,10:16:42.208,90.3600,4
37080016698402,10:18:00.016,90.3200,9
37080367971343,10:18:00.367,90.3000,7
37096873278411,10:18:16.873,90.2600,76
37096873289851,10:18:16.873,90.2600,24
37114678636113,10:18:34.678,90.4400,400
37114678636113,10:18:34.678,90.4400,100
37114678718472,10:18:34.678,90.4000,100
37114679177491,10:18:34.679,90.4300,100
37114679177491,10:18:34.679,90.4300,100
37114679177491,10:18:34.679,90.4300,100
37114682898895,10:18:34.682,90.4400,100
37114682979262,10:18:34.682,90.3700,10
37114683002550,10:18:34.683,90.3700,10
37114683429782,10:18:34.683,90.4400,98
37114684189095,10:18:34.684,90.4400,2
37114684189095,10:18:34.684,90.4400,10
37137342288376,10:18:57.342,90.2900,28
37182087985752,10:19:42.087,90.3000,5
37200611124999,10:20:00.611,90.3000,77
37200611132596,10:20:00.611,90.3000,23
37204583168419,10:20:04.583,90.3800,100
37204583170326,10:20:04.583,90.3800,100
37206682906609,10:20:06.682,90.4000,10
37206682906609,10:20:06.682,90.4300,100
37206682906609,10:20:06.682,90.4300,100
37206682922828,10:20:06.682,90.4500,600
37213055915125,10:20:13.055,90.4500,231
37213055920024,10:20:13.055,90.4500,77
37213056022241,10:20:13.056,90.4500,78
37213056128681,10:20:13.056,90.4500,18
37213056349783,10:20:13.056,90.4500,141
37213056464283,10:20:13.056,90.4500,785
37213056464283,10:20:13.056,90.4500,100
37213057993310,10:20:13.057,90.4700,100
37213057998735,10:20:13.057,90.4700,100
37213058006657,10:20:13.058,90.4700,100
37213059031781,10:20:13.059,90.4900,100
37213087039772,10:20:13.087,90.5000,10
37213087269380,10:20:13.087,90.5000,197
37213087335711,10:20:13.087,90.5000,18
37213087359388,10:20:13.087,90.5000,12
37213087359388,10:20:13.087,90.5000,15
37213087359388,10:20:13.087,90.5000,10
37213087359388,10:20:13.087,90.5000,12
37213087359388,10:20:13.087,90.5000,10
37213087359388,10:20:13.087,90.5000,2
37213087359388,10:20:13.087,90.5000,719
37213087595701,10:20:13.087,90.5000,281
37220389976290,10:20:20.389,90.5200,3
37249028018542,10:20:49.028,90.4800,10
37269527170925,10:21:09.527,90.4200,7
37269846766340,10:21:09.846,90.4200,43
37340698671834,10:22:20.698,90.1900,100
37353728407393,10:22:33.728,90.1700,40
37355485945886,10:22:35.485,90.1400,100
37364108535189,10:22:44.108,90.0900,47
37408716717483,10:23:28.716,90.2800,5
37425260614861,10:23:45.260,90.3300,8
37429530517324,10:23:49.530,90.1000,61
37429530524203,10:23:49.530,90.1000,39
37429530524203,10:23:49.530,90.1000,50
37429530524203,10:23:49.530,90.1000,100
37441313508441,10:24:01.313,90.0000,50
37441313508441,10:24:01.313,90.0000,76
37441313530601,10:24:01.313,90.0000,74
37441313530601,10:24:01.313,90.0000,100
37441313969011,10:24:01.313,89.9900,1
37443947742223,10:24:03.947,90.0000,100
37446161920193,10:24:06.161,90.0200,10
37446162392407,10:24:06.162,89.9900,100
37448899104234,10:24:08.899,90.0300,77
37448899203074,10:24:08.899,90.0300,23
37449042143173,10:24:09.042,90.0000,10
37534074289983,10:25:34.074,90.1200,3
37589409157519,10:26:29.409,90.2800,300
37589409245692,10:26:29.409,90.2400,76
37589409255431,10:26:29.409,90.2400,24
37589410381765,10:26:29.410,90.2400,76
37589410381765,10:26:29.410,90.2400,24
37598041159621,10:26:38.041,90.3500,43
37598041159621,10:26:38.041,90.3500,57
37598041784239,10:26:38.041,90.3300,100
37598043014071,10:26:38.043,90.3500,100
37598043014071,10:26:38.043,90.3500,100
37598043014071,10:26:38.043,90.3600,8
37598043559585,10:26:38.043,90.3200,40
37598047801359,10:26:38.047,90.3900,92
37655017963650,10:27:35.017,90.3800,18
37655707901987,10:27:35.707,90.3800,22
37659487826909,10:27:39.487,90.4000,500
37659487949968,10:27:39.487,90.4000,500
37660521451995,10:27:40.521,90.3800,8
37692211392372,10:28:12.211,90.3500,16
37692211405934,10:28:12.211,90.3500,284
37714440352823,10:28:34.440,90.2100,1
37730257468390,10:28:50.257,90.1300,100
37746584968237,10:29:06.584,90.0300,11
37746584968237,10:29:06.584,90.0300,17
37746584968237,10:29:06.584,90.0300,48
37746584978098,10:29:06.584,90.0300,152
37746584978098,10:29:06.584,90.0300,100
37746603591326,10:29:06.603,89.9300,12
37770485043092,10:29:30.485,90.0100,200
37785554238274,10:29:45.554,90.2000,100
37785555296788,10:29:45.555,90.2800,80
37785555296788,10:29:45.555,90.2800,20
37785555432568,10:29:45.555,90.2800,300
37796935270766,10:29:56.935,90.3000,22
37796935282598,10:29:56.935,90.3000,78
37809562827689,10:30:09.562,90.3000,50
37850164008022,10:30:50.164,90.4300,50
37878218886643,10:31:18.218,90.2800,71
37878218886643,10:31:18.218,90.2800,68
37878218931232,10:31:18.218,90.2800,14
37924610537478,10:32:04.610,90.4500,50
37957334074600,10:32:37.334,90.3400,10
37967299869705,10:32:47.299,90.5000,1
37968711824326,10:32:48.711,90.5000,1
37968711824326,10:32:48.711,90.5000,6
37968711824326,10:32:48.711,90.5000,10
37968761117506,10:32:48.761,90.5000,60
37968761117506,10:32:48.761,90.5000,2
37968761117506,10:32:48.761,90.5000,32
37968765676835,10:32:48.765,90.5000,168
37971169925894,10:32:51.169,90.5300,40
37971169925894,10:32:51.169,90.5300,7
37971185259781,10:32:51.185,90.5400,20
37972841102452,10:32:52.841,90.5500,12
37976974373462,10:32:56.974,90.5500,88
37991178397244,10:33:11.178,90.5800,15
38021806261316,10:33:41.806,90.4600,4
38039876003678,10:33:59.876,90.5000,5
38063701876758,10:34:23.701,90.3400,26
38063701876758,10:34:23.701,90.3400,74
38063701876758,10:34:23.701,90.3400,100
38063707836705,10:34:23.707,90.3000,26
38124109399339,10:35:24.109,90.2400,25
38132796946785,10:35:32.796,90.1400,6
38132796979481,10:35:32.796,90.1200,33
38132796990141,10:35:32.796,90.1200,17
38132798519720,10:35:32.798,90.0500,5
38132838440345,10:35:32.838,90.0000,1
38133823626037,10:35:33.823,90.0000,80
38134332474793,10:35:34.332,89.9300,35
38144026554240,10:35:44.026,89.8900,17
38149211185338,10:35:49.211,89.8600,78
38149211185338,10:35:49.211,89.8600,22
38149211207659,10:35:49.211,89.8500,3
38149818036210,10:35:49.818,89.8000,1
38149818036210,10:35:49.818,89.8000,2
38177000356436,10:36:17.000,89.7500,100
38192151209688,10:36:32.151,89.8600,34
38195896397946,10:36:35.896,89.7900,1
38211095577836,10:36:51.095,89.8800,11
38220215457693,10:37:00.215,89.8000,100
38220215570966,10:37:00.215,89.7500,50
38335100390571,10:38:55.100,89.7000,3
38340780741609,10:39:00.780,89.7000,2
38340780742128,10:39:00.780,89.7000,49
38340780842766,10:39:00.780,89.7000,7
38340780921990,10:39:00.780,89.7000,16
38340781009187,10:39:00.781,89.7000,23
38340805338531,10:39:00.805,89.7200,10
38350361570674,10:39:10.361,89.7000,10
38350361570674,10:39:10.361,89.7000,10
38350361570674,10:39:10.361,89.7000,10
38350361570674,10:39:10.361,89.7000,10
38350361570674,10:39:10.361,89.7000,10
38356657272931,10:39:16.657,89.6600,2
38356657272931,10:39:16.657,89.6600,14
38356657283363,10:39:16.657,89.6600,19
38412465318666,10:40:12.465,89.6000,5
38412465655319,10:40:12.465,89.5800,12
38413016708489,10:40:13.016,89.5800,16
38450165097726,10:40:50.165,89.5600,15
38452898776036,10:40:52.898,89.5000,2
38452898776036,10:40:52.898,89.5000,300
38452898776036,10:40:52.898,89.5000,7
38452898776036,10:40:52.898,89.5000,5
38452898831158,10:40:52.898,89.4900,29
38452898831158,10:40:52.898,89.4900,18
38462452571543,10:41:02.452,89.2500,25
38465696289808,10:41:05.696,89.2000,300
38465962730009,10:41:05.962,89.2000,5
38476881637073,10:41:16.881,89.3800,5
38476881637073,10:41:16.881,89.3800,33
38514934206781,10:41:54.934,89.4800,25
38527824604313,10:42:07.824,89.3400,83
38527824610226,10:42:07.824,89.3400,78
38527824629913,10:42:07.824,89.3400,77
38527824639980,10:42:07.824,89.3400,25
38527824671796,10:42:07.824,89.3400,4
38527824965974,10:42:07.824,89.3400,233
38533070867753,10:42:13.070,89.3000,1
38547013029337,10:42:27.013,89.3900,4
38581281182150,10:43:01.281,89.4500,8
38616948245759,10:43:36.948,89.4600,5
38621172665613,10:43:41.172,89.4600,21
38622970026252,10:43:42.970,89.4700,5
38666592789730,10:44:26.592,89.5000,2
38671852073590,10:44:31.852,89.5100,22
38682710766549,10:44:42.710,89.5600,18
38682711510525,10:44:42.711,89.5500,21
38682711537177,10:44:42.711,89.5500,30
38682711547908,10:44:42.711,89.5500,18
38682711580259,10:44:42.711,89.5500,38
38682711609197,10:44:42.711,89.5500,26
38682711636538,10:44:42.711,89.5500,10
38682712242856,10:44:42.712,89.5500,157
38682712242856,10:44:42.712,89.5500,3
38688194428261,10:44:48.194,89.5500,39
38688194439740,10:44:48.194,89.5500,61
38695012943617,10:44:55.012,89.5000,1
38717699979476,10:45:17.699,89.4800,15
38729433765975,10:45:29.433,89.5600,100
38769853550890,10:46:09.853,89.4700,70
38769853634499,10:46:09.853,89.4700,30
38769854177041,10:46:09.854,89.4600,21
38769854214570,10:46:09.854,89.4600,2
38769854216973,10:46:09.854,89.4600,77
38769857464640,10:46:09.857,89.4500,5
38769857464640,10:46:09.857,89.4500,25
38769858082678,10:46:09.858,89.4500,75
38807999097485,10:46:47.999,89.4100,150
38809376927420,10:46:49.376,89.4500,46
38809376944468,10:46:49.376,89.4500,185
38809376970046,10:46:49.376,89.4500,33
38809377002211,10:46:49.377,89.4500,53
38809377387510,10:46:49.377,89.4500,33
38815653479669,10:46:55.653,89.4500,100
38816029217144,10:46:56.029,89.4500,100
38816029255371,10:46:56.029,89.4500,53
38816029290517,10:46:56.029,89.4500,18
38862939738784,10:47:42.939,89.4900,72
38862939800346,10:47:42.939,89.5000,110
38862939822189,10:47:42.939,89.5000,10
38862939893683,10:47:42.939,89.5000,18
38862939932414,10:47:42.939,89.5000,73
38868910169654,10:47:48.910,89.4500,100
38877278127702,10:47:57.278,89.5000,5
38888747015466,10:48:08.747,89.6000,5
38888785585054,10:48:08.785,89.4500,134
38888786031507,10:48:08.786,89.4500,95
38888786031507,10:48:08.786,89.4500,600
38888786031507,10:48:08.786,89.4500,400
38889609621406,10:48:09.609,89.4000,18
38889610578748,10:48:09.610,89.4000,182
38890143048859,10:48:10.143,89.4000,100
38913750098275,10:48:33.750,89.4000,5
38913755297012,10:48:33.755,89.3500,5
38927598961149,10:48:47.598,89.3800,46
38927599045660,10:48:47.599,89.3800,18
38927599087442,10:48:47.599,89.3800,36
38950091678126,10:49:10.091,89.4000,18
38950633538213,10:49:10.633,89.4000,32
38961378228193,10:49:21.378,89.3800,100
38961378578254,10:49:21.378,89.3600,35
38987437895594,10:49:47.437,89.3000,18
38987550933345,10:49:47.550,89.3000,32
38987550933345,10:49:47.550,89.3000,40
38987550933345,10:49:47.550,89.3000,32
38989864547459,10:49:49.864,89.2800,77
38989865167637,10:49:49.865,89.2800,123
38990475675826,10:49:50.475,89.2800,35
38999221657652,10:49:59.221,89.2600,27
38999222090115,10:49:59.222,89.2500,20
38999225272587,10:49:59.225,89.2300,4
38999225272587,10:49:59.225,89.2300,16
38999225272587,10:49:59.225,89.2300,26
38999225272587,10:49:59.225,89.2300,5
38999319763032,10:49:59.319,89.2000,20
39000420649690,10:50:00.420,89.1500,20
39000420649690,10:50:00.420,89.1500,5
39000441718669,10:50:00.441,89.1200,9
39000450051870,10:50:00.450,89.1100,10
39025359132018,10:50:25.359,89.0200,22
39025359132018,10:50:25.359,89.0200,78
39026026885786,10:50:26.026,89.0200,22
39026049360035,10:50:26.049,89.0600,18
39026049516261,10:50:26.049,89.0600,48
39030515542168,10:50:30.515,89.1000,2
39030515755485,10:50:30.515,89.1000,48
39078658135649,10:51:18.658,89.2400,10
39080155021859,10:51:20.155,89.2800,6
39080155021859,10:51:20.155,89.2800,16
39080155543220,10:51:20.155,89.2900,10
39163257390808,10:52:43.257,89.3600,10
39226281368639,10:53:46.281,89.3000,20
39268665724794,10:54:28.665,89.3700,300
39432074011527,10:57:12.074,89.5000,1
39432074381489,10:57:12.074,89.4800,60
39432074402405,10:57:12.074,89.4800,40
39432074532933,10:57:12.074,89.4800,60
39432074565909,10:57:12.074,89.4800,40
39436039242855,10:57:16.039,89.5400,200
39453561945116,10:57:33.561,89.5400,18
39458438787083,10:57:38.438,89.5400,182
39458438805219,10:57:38.438,89.5500,16
39464467561844,10:57:44.467,89.5500,45
39478673512789,10:57:58.673,89.5100,13
39484141412285,10:58:04.141,89.5700,100
39497118595632,10:58:17.118,89.5500,100
39499046042196,10:58:19.046,89.5000,10
39526097076000,10:58:46.097,89.6000,5
39527164128082,10:58:47.164,89.8000,53
39527346965746,10:58:47.346,89.8000,13
39527923610005,10:58:47.923,89.8000,81
39608419532573,11:00:08.419,89.7500,50
39636025895553,11:00:36.025,89.7200,36
39636025895553,11:00:36.025,89.7200,1
39636025895553,11:00:36.025,89.7100,50
39636026146036,11:00:36.026,89.7000,18
39645938549110,11:00:45.938,89.7000,300
39656450970141,11:00:56.450,89.7600,31
39670101755327,11:01:10.101,89.6500,100
39675551321000,11:01:15.551,89.6100,22
39675551321000,11:01:15.551,89.6100,5
39675553519002,11:01:15.553,89.6100,79
39675557515572,11:01:15.557,89.6000,100
39675558428661,11:01:15.558,89.5900,10
39675567437379,11:01:15.567,89.6000,10
39734362852871,11:02:14.362,89.6000,23
39751853375188,11:02:31.853,89.5500,109
39751853381582,11:02:31.853,89.5500,33
39780354242918,11:03:00.354,89.5500,18
39801195866198,11:03:21.195,89.5600,100
39801195874868,11:03:21.195,89.5600,100
39801196181254,11:03:21.196,89.6000,7
39822636465927,11:03:42.636,89.5000,10
39822636492245,11:03:42.636,89.4700,5
39822650820995,11:03:42.650,89.4200,18
39830076679573,11:03:50.076,89.5000,100
39842105080401,11:04:02.105,89.4200,7
39842105181239,11:04:02.105,89.4400,10
39842106743951,11:04:02.106,89.4200,10
39842121611121,11:04:02.121,89.4000,10
39842121617399,11:04:02.121,89.4000,97
39842121622554,11:04:02.121,89.4000,66
39850949924711,11:04:10.949,89.4300,100
39850949924711,11:04:10.949,89.4500,5
39879691119249,11:04:39.691,89.3700,1
39884729893803,11:04:44.729,89.3000,2
39884834967997,11:04:44.834,89.2900,13
39893173058312,11:04:53.173,89.2700,5
39895267837301,11:04:55.267,89.2700,5
39906876492149,11:05:06.876,89.4000,100
39936462752164,11:05:36.462,89.6100,250
39936491418196,11:05:36.491,89.5200,100
39941722719500,11:05:41.722,89.6100,50
39948383258190,11:05:48.383,89.6100,300
39948383258190,11:05:48.383,89.6000,100
39987081616008,11:06:27.081,89.6100,37
39987081660725,11:06:27.081,89.6100,13
40018940451406,11:06:58.940,89.6700,75
40019070278954,11:06:59.070,89.7100,170
40024864862118,11:07:04.864,89.6600,50
40024864916768,11:07:04.864,89.6600,140
40073533119146,11:07:53.533,89.5600,50
40086587163884,11:08:06.587,89.5000,6
40088656144184,11:08:08.656,89.5000,4
40160575003946,11:09:20.575,89.6600,33
40167748788766,11:09:27.748,89.7200,46
40168865841468,11:09:28.865,89.7200,100
40168866279596,11:09:28.866,89.7200,154
40177021920698,11:09:37.021,89.7000,7
40200967616985,11:10:00.967,89.7200,30
40215795139692,11:10:15.795,89.7500,11
40281029370272,11:11:21.029,89.4100,16
40281029370272,11:11:21.029,89.4100,12
40281029370272,11:11:21.029,89.4100,30
40281029670270,11:11:21.029,89.3000,5
40281029675439,11:11:21.029,89.3000,5
40281029675439,11:11:21.029,89.3000,20
40284502636751,11:11:24.502,89.3000,100
40301206485018,11:11:41.206,89.2600,47
40301206485018,11:11:41.206,89.2600,26
40301206485772,11:11:41.206,89.2500,21
40301206541296,11:11:41.206,89.2500,4
40301206559714,11:11:41.206,89.2300,278
40301206564755,11:11:41.206,89.2300,98
40301207377810,11:11:41.207,89.2300,66
40301207452160,11:11:41.207,89.2300,125
40301207454666,11:11:41.207,89.2300,220
40301207623983,11:11:41.207,89.2300,213
40301208098194,11:11:41.208,89.2200,20
40301210648006,11:11:41.210,89.1600,32
40319401838762,11:11:59.401,89.1000,2
40322778745334,11:12:02.778,89.0400,10
40323556328145,11:12:03.556,89.0000,2
40323556328145,11:12:03.556,89.0000,10
40323556328145,11:12:03.556,89.0000,11
40324179254102,11:12:04.179,89.0000,9
40324179254102,11:12:04.179,89.0000,2
40324179254102,11:12:04.179,89.0000,20
40369923333820,11:12:49.923,89.0000,20
40389399754699,11:13:09.399,88.9600,10
40391547614197,11:13:11.547,88.9600,40
40395571372190,11:13:15.571,89.0000,10
40430924357892,11:13:50.924,88.9500,10
40441044867209,11:14:01.044,88.8500,18
40441704979801,11:14:01.704,88.8500,12
40450177789338,11:14:10.177,88.7500,100
40450197408398,11:14:10.197,88.7400,389
40450197527677,11:14:10.197,88.7400,117
40451620631578,11:14:11.620,88.5500,33
40451623957323,11:14:11.623,88.5000,8
40479806076110,11:14:39.806,88.7900,10
40494738968379,11:14:54.738,88.8500,17
40494738983042,11:14:54.738,88.8500,13
40494739059694,11:14:54.739,88.8600,7
40496745739138,11:14:56.745,88.8900,38
40499628652669,11:14:59.628,88.8900,11
40506215777386,11:15:06.215,88.9100,15
40506215777386,11:15:06.215,88.9100,17
40530280678964,11:15:30.280,88.9700,111
40539919751897,11:15:39.919,88.9000,77
40539919781057,11:15:39.919,88.9000,48
40539921036476,11:15:39.921,88.8900,500
40539921036476,11:15:39.921,88.8900,20
40555032408768,11:15:55.032,88.9000,23
40558154083363,11:15:58.154,88.9700,100
40558154135281,11:15:58.154,88.9700,200
40567889485377,11:16:07.889,88.8000,10
40598438125287,11:16:38.438,88.7200,5
40598438315384,11:16:38.438,88.7100,5
40598444263977,11:16:38.444,88.6800,3
40622374303901,11:17:02.374,88.6600,200
40631616170506,11:17:11.616,88.8000,3
40631617263019,11:17:11.617,88.8000,97
40633228785629,11:17:13.228,88.7800,115
40638610037416,11:17:18.610,88.8000,18
40638610080027,11:17:18.610,88.8000,12
40668109624184,11:17:48.109,88.8900,100
40668109633355,11:17:48.109,88.8900,100
40668109644489,11:17:48.109,88.8900,251
40671518717040,11:17:51.518,88.9700,20
40673228285614,11:17:53.228,89.0000,30
40700677540354,11:18:20.677,89.0100,100
40701203361072,11:18:21.203,89.1400,100
40701203443800,11:18:21.203,89.0800,15
40701203445281,11:18:21.203,89.0800,85
40701205936710,11:18:21.205,89.1200,15
40701205936710,11:18:21.205,89.1200,8
40737108056921,11:18:57.108,88.8800,46
40737109807601,11:18:57.109,88.8800,31
40751884412037,11:19:11.884,88.9200,300
40751884412037,11:19:11.884,88.9100,100
40751884412037,11:19:11.884,88.9100,100
40751884494458,11:19:11.884,88.9100,100
40751884498236,11:19:11.884,88.9100,100
40751884619593,11:19:11.884,88.9100,100
40753615535494,11:19:13.615,89.0000,5
40761927809675,11:19:21.927,88.9500,38
40769909246951,11:19:29.909,89.0100,100
40771958238318,11:19:31.958,89.0100,100
40830328022365,11:20:30.328,89.1500,28
40832271275918,11:20:32.271,89.2500,26
40832529500387,11:20:32.529,89.3100,300
40869361723035,11:21:09.361,89.0300,25
40901451099204,11:21:41.451,89.0000,2
40901451099204,11:21:41.451,89.0000,50
40903864462460,11:21:43.864,88.9200,20
40922195326227,11:22:02.195,88.9700,26
40975581529592,11:22:55.581,88.8000,18
40975581569948,11:22:55.581,88.8000,12
40975581569948,11:22:55.581,88.8000,10
40976796850171,11:22:56.796,88.7600,20
40977739211014,11:22:57.739,88.7500,1
40982110879032,11:23:02.110,88.7200,31
40982111339999,11:23:02.111,88.7000,1
40982118293883,11:23:02.118,88.6600,20
40983012403131,11:23:03.012,88.5100,100
40983012403131,11:23:03.012,88.5100,100
40983012436014,11:23:03.012,88.5100,84
40983012454783,11:23:03.012,88.5100,16
41028416168618,11:23:48.416,88.7700,31
41047917627531,11:24:07.917,88.8600,8
41047917669315,11:24:07.917,88.8600,12
41101792153953,11:25:01.792,88.7000,78
41143083842668,11:25:43.083,88.7000,45
41227000652383,11:27:07.000,89.0000,200
41233915890510,11:27:13.915,89.0000,5
41233916018051,11:27:13.916,88.9900,52
41268568396735,11:27:48.568,89.0000,1
41296241815802,11:28:16.241,89.2000,50
41315971223241,11:28:35.971,89.3400,77
41315971223241,11:28:35.971,89.3500,19
41315971223241,11:28:35.971,89.3500,6
41321232491521,11:28:41.232,89.3000,8
41325672108687,11:28:45.672,89.3500,130
41334312497230,11:28:54.312,89.3500,100
41334312497230,11:28:54.312,89.3300,100
41340375924448,11:29:00.375,89.3300,69
41340375925795,11:29:00.375,89.3300,31
41353731648876,11:29:13.731,89.3400,1
41356621747598,11:29:16.621,89.2500,100
41392823731758,11:29:52.823,89.2900,44
41414929438616,11:30:14.929,89.3000,18
41465469206206,11:31:05.469,89.2000,20
41470218682374,11:31:10.218,89.1300,20
41622211154262,11:33:42.211,89.0000,5
41635593860012,11:33:55.593,88.9200,30
41645216342574,11:34:05.216,88.9200,220
41646315532593,11:34:06.315,88.8800,171
41646467213148,11:34:06.467,88.8000,1
41646467213148,11:34:06.467,88.8000,5
41649209739341,11:34:09.209,88.7500,20
41664038030160,11:34:24.038,88.8600,100
41738768379406,11:35:38.768,89.0000,97
41738768804315,11:35:38.768,89.0000,1
41738768859590,11:35:38.768,89.0000,200
41738768900107,11:35:38.768,89.0000,2
41779642654999,11:36:19.642,88.9500,5
41813329917523,11:36:53.329,89.0100,2
41813330001199,11:36:53.330,89.0100,18
41821443985723,11:37:01.443,89.0100,30
41882318512920,11:38:02.318,89.1000,1
41997976188737,11:39:57.976,88.9000,1
41997976188737,11:39:57.976,88.9000,16
41997976397251,11:39:57.976,88.8800,60
42001612426921,11:40:01.612,88.9600,21
42008352877782,11:40:08.352,89.0700,17
42015904885703,11:40:15.904,89.1600,500
42055189062068,11:40:55.189,89.1600,18
42061546616762,11:41:01.546,89.1600,2
42080364230646,11:41:20.364,89.1600,250
42084970681244,11:41:24.970,89.1700,100
42084982753244,11:41:24.982,89.2000,20
42084982753244,11:41:24.982,89.2000,60
42129826135859,11:42:09.826,88.9000,28
42153586703790,11:42:33.586,88.8000,1
42162327736899,11:42:42.327,88.7600,40
42162336424370,11:42:42.336,88.7800,20
42173100127706,11:42:53.100,88.7100,2
42173100127706,11:42:53.100,88.7000,5
42173180625553,11:42:53.180,88.6700,58
42181043981125,11:43:01.043,88.6400,1
42181043981125,11:43:01.043,88.6200,1
42181044077658,11:43:01.044,88.6000,100
42181044345096,11:43:01.044,88.5400,200
42181044508943,11:43:01.044,88.5000,4
42181044508943,11:43:01.044,88.5000,100
42181044508943,11:43:01.044,88.5000,25
42181077054806,11:43:01.077,88.4500,1
42208932287378,11:43:28.932,88.6100,26
42211320997106,11:43:31.320,88.6100,74
42227779307395,11:43:47.779,88.6000,18
42227779604993,11:43:47.779,88.6000,96
42227779893886,11:43:47.779,88.6000,100
42227780329442,11:43:47.780,88.6000,66
42263426904079,11:44:23.426,88.6800,36
42268193500405,11:44:28.193,88.7400,10
42268193545872,11:44:28.193,88.7400,6
42345628347556,11:45:45.628,88.9500,1
42345629938528,11:45:45.629,88.9900,3
42360013667000,11:46:00.013,89.0200,300
42360013749160,11:46:00.013,88.9800,93
42360013767990,11:46:00.013,88.9800,7
42377166919383,11:46:17.166,88.9800,93
42377166919383,11:46:17.166,88.9800,7
42400187333258,11:46:40.187,88.9200,18
42400187373118,11:46:40.187,88.9200,42
42400187459497,11:46:40.187,88.9200,40
42400793979290,11:46:40.793,88.8600,1
42489191555455,11:48:09.191,88.7500,1
42514362697896,11:48:34.362,88.8600,100
42514362702660,11:48:34.362,88.8600,100
42643140293068,11:50:43.140,88.8300,10
42669375546885,11:51:09.375,88.8800,88
42669780397439,11:51:09.780,88.9500,20
42669781582487,11:51:09.781,88.9200,76
42685187040680,11:51:25.187,89.0000,100
42685187088191,11:51:25.187,89.0000,76
42685187101576,11:51:25.187,89.0000,24
42685187101576,11:51:25.187,89.0000,53
42685187103371,11:51:25.187,89.0000,23
42685187154666,11:51:25.187,89.0200,5
42792934080217,11:53:12.934,88.9300,100
42977704295759,11:56:17.704,88.7500,30
43040353922116,11:57:20.353,88.9100,10
43079673816905,11:57:59.673,89.0400,3
43198291339367,11:59:58.291,89.0600,3
43265460403606,12:01:05.460,89.1300,54
43265460412706,12:01:05.460,89.1300,46
43358466766750,12:02:38.466,89.2500,20
43358466766750,12:02:38.466,89.2500,617
43358468502564,12:02:38.468,89.2600,15
43358468502564,12:02:38.468,89.2600,45
43358472822487,12:02:38.472,89.2600,100
43371118919658,12:02:51.118,88.9000,10
43371138116010,12:02:51.138,88.7500,2
43371146287973,12:02:51.146,88.7400,3
43371146324720,12:02:51.146,88.7300,5
43371908805507,12:02:51.908,88.7000,5
43371908805507,12:02:51.908,88.7000,5
43371908805507,12:02:51.908,88.7000,5
43390829061652,12:03:10.829,88.6000,5
43390829061652,12:03:10.829,88.6000,5
43393930927640,12:03:13.930,88.5000,10
43393930927640,12:03:13.930,88.5000,5
43393930927640,12:03:13.930,88.5000,185
43394451527342,12:03:14.451,88.5000,15
43394451527342,12:03:14.451,88.5000,62
43394451619132,12:03:14.451,88.5000,338
43394451619132,12:03:14.451,88.5000,50
43398817035752,12:03:18.817,88.4400,35
43398818080913,12:03:18.818,88.4200,21
43400119809834,12:03:20.119,88.4000,48
43401255505990,12:03:21.255,88.4000,3
43404080249557,12:03:24.080,88.6200,100
43479905866629,12:04:39.905,88.3100,100
43479907326879,12:04:39.907,88.2500,4
43479976435155,12:04:39.976,88.0200,100
43489537973069,12:04:49.537,88.0000,5
43489537973069,12:04:49.537,88.0000,1
43489537992644,12:04:49.537,88.0000,4
43489537992644,12:04:49.537,88.0000,50
43489537992644,12:04:49.537,88.0000,1
43489537992644,12:04:49.537,88.0000,1
43489537992644,12:04:49.537,88.0000,44
43489541855365,12:04:49.541,88.0000,6
43489541909822,12:04:49.541,88.0000,8
43489541909822,12:04:49.541,88.0000,50
43499583135830,12:04:59.583,87.9300,100
43504621688102,12:05:04.621,88.1600,5
43515150488175,12:05:15.150,88.0500,10
43516154598277,12:05:16.154,88.0400,33
43516155033162,12:05:16.155,88.0400,39
43516155784225,12:05:16.155,88.0400,428
43516155784225,12:05:16.155,88.0400,21
43525223946857,12:05:25.223,88.1400,4
43536295521888,12:05:36.295,88.1000,220
43536295536195,12:05:36.295,88.1000,80
43539325039459,12:05:39.325,87.9300,100
43548376680028,12:05:48.376,87.9100,20
43560073746415,12:06:00.073,88.2500,1
43560073746415,12:06:00.073,88.2500,24
43560794090610,12:06:00.794,88.1500,25
43560794104376,12:06:00.794,88.1500,33
43560794127867,12:06:00.794,88.1500,42
43563146678452,12:06:03.146,87.9700,50
43565769718484,12:06:05.769,87.9300,220
43565769722511,12:06:05.769,87.9300,100
43565769726050,12:06:05.769,87.9300,100
43565770605303,12:06:05.770,87.9300,580
43570360343171,12:06:10.360,87.8000,10
43571834760788,12:06:11.834,87.7500,25
43583699615611,12:06:23.699,87.6700,1
43589808289924,12:06:29.808,87.5000,100
43589808307557,12:06:29.808,87.5000,100
43596442087407,12:06:36.442,87.4800,60
43603556414881,12:06:43.556,87.4000,50
43611404386190,12:06:51.404,87.5000,2
43612379798511,12:06:52.379,87.2000,200
43613617728845,12:06:53.617,87.3500,100
43626736279880,12:07:06.736,87.2300,42
43626736292928,12:07:06.736,87.2300,58
43629621603836,12:07:09.621,87.2500,96
43629621673648,12:07:09.621,87.2500,400
43629621996015,12:07:09.621,87.2500,76
43643941182429,12:07:23.941,87.4600,10
43643942100284,12:07:23.942,87.4300,46
43646758054698,12:07:26.758,87.3100,90
43646758069117,12:07:26.758,87.3100,9
43650691601684,12:07:30.691,87.3500,40
43650691643160,12:07:30.691,87.3500,6
43651019017942,12:07:31.019,87.3100,10
43651019021614,12:07:31.019,87.3100,91
43661413955284,12:07:41.413,87.3000,18
43674455464758,12:07:54.455,87.4200,100
43691650060998,12:08:11.650,87.4200,200
43700065249928,12:08:20.065,87.4700,28
43700065273044,12:08:20.065,87.4700,72
43702594873555,12:08:22.594,87.4100,1
43732990942627,12:08:52.990,87.6000,41
43732990982457,12:08:52.990,87.6000,19
43734310941088,12:08:54.310,87.6100,7
43734493020646,12:08:54.493,87.6500,26
43735057867127,12:08:55.057,87.6500,74
43747322756349,12:09:07.322,87.6200,31
43747322756349,12:09:07.322,87.6200,500
43747322756349,12:09:07.322,87.6200,150
43747355690169,12:09:07.355,87.5700,15
43760906975800,12:09:20.906,87.6000,300
43760906975800,12:09:20.906,87.6100,100
43760906975800,12:09:20.906,87.6100,1000
43760906975800,12:09:20.906,87.6100,100
43760906984629,12:09:20.906,87.6200,300
43760906984629,12:09:20.906,87.6600,300
43760906985422,12:09:20.906,87.6800,300
43760906985422,12:09:20.906,87.7100,3
43782977263958,12:09:42.977,87.5600,19
43782978914517,12:09:42.978,87.5200,100
43782978915448,12:09:42.978,87.5200,100
43784019464576,12:09:44.019,87.5000,100
43802893197006,12:10:02.893,87.5000,15
43802893590080,12:10:02.893,87.5000,18
43802893888217,12:10:02.893,87.5000,11
43835770252329,12:10:35.770,87.6500,51
43850770292319,12:10:50.770,87.6200,10
43883562569103,12:11:23.562,87.7500,5
43883840259846,12:11:23.840,87.7200,300
43883840259846,12:11:23.840,87.7100,200
43906639530423,12:11:46.639,87.8300,20
43927276582767,12:12:07.276,88.0000,1
43933722446091,12:12:13.722,88.0800,197
43933722457757,12:12:13.722,88.0800,103
43934863193778,12:12:14.863,88.0900,100
43938749224628,12:12:18.749,88.0700,100
43943383201239,12:12:23.383,88.0500,100
43943383292941,12:12:23.383,88.0800,70
43943383402019,12:12:23.383,88.0800,130
43945112927019,12:12:25.112,88.1800,26
43959247789337,12:12:39.247,88.1800,20
43976872759066,12:12:56.872,88.0700,20
43976873064110,12:12:56.873,88.0500,60
43976879752004,12:12:56.879,88.0200,23
43976879758373,12:12:56.879,88.0200,77
43976879784060,12:12:56.879,88.0200,26
43976879805494,12:12:56.879,88.0200,100
43976879823621,12:12:56.879,88.0200,66
43980536254133,12:13:00.536,88.0000,12
43990075002807,12:13:10.075,88.0000,100
43998870401127,12:13:18.870,87.9000,10
43998870401127,12:13:18.870,87.9000,4
43998870401127,12:13:18.870,87.9000,12
43998870710261,12:13:18.870,87.9000,5
43998870717994,12:13:18.870,87.9000,57
43998870722192,12:13:18.870,87.9000,111
43998870735883,12:13:18.870,87.9000,111
43998871274578,12:13:18.871,87.9000,106
44006786892768,12:13:26.786,88.0000,5
44006794365422,12:13:26.794,88.0200,50
44026379478170,12:13:46.379,87.9000,98
44026379908566,12:13:46.379,87.8600,10
44026934380284,12:13:46.934,87.7700,30
44075280776406,12:14:35.280,87.7000,10
44075280897735,12:14:35.280,87.6600,20
44075281052932,12:14:35.281,87.6400,15
44169362103659,12:16:09.362,88.0000,94
44174465071020,12:16:14.465,88.0900,20
44174465071020,12:16:14.465,88.0900,100
44174465101930,12:16:14.465,88.1000,100
44174465101930,12:16:14.465,88.1000,20
44174465101930,12:16:14.465,88.1000,200
44176897081998,12:16:16.897,88.0000,100
44176897084629,12:16:16.897,88.0000,41
44177293075735,12:16:17.293,87.8500,30
44180892809880,12:16:20.892,87.7600,89
44180892835420,12:16:20.892,87.7600,11
44275158919247,12:17:55.158,87.8000,20
44352389701602,12:19:12.389,87.9500,60
44385595167382,12:19:45.595,87.8600,10
44431061413701,12:20:31.061,87.9800,8
44434495748963,12:20:34.495,87.9200,74
44434495767438,12:20:34.495,87.9200,100
44434496132205,12:20:34.496,87.9200,126
44454078894128,12:20:54.078,87.8800,5
44460246756768,12:21:00.246,87.8800,1
44461549962324,12:21:01.549,87.8800,14
44501020303425,12:21:41.020,87.8700,20
44501039112313,12:21:41.039,87.9200,10
44503022292954,12:21:43.022,88.0000,210
44503022320011,12:21:43.022,88.0000,26
44503022347133,12:21:43.022,88.0000,120
44503022495889,12:21:43.022,88.0000,80
44503022501448,12:21:43.022,88.0000,64
44510351752009,12:21:50.351,87.9800,10
44510351752009,12:21:50.351,87.9300,100
44510378531876,12:21:50.378,87.7600,40
44519477839096,12:21:59.477,87.6000,11
44550376009551,12:22:30.376,87.5500,100
44557616262239,12:22:37.616,87.5500,76
44557616283423,12:22:37.616,87.5500,110
44557616320754,12:22:37.616,87.5500,154
44559935208273,12:22:39.935,87.5700,54
44559935243615,12:22:39.935,87.5700,46
44559954638291,12:22:39.954,87.5000,10
44559954638291,12:22:39.954,87.5000,20
44559954638291,12:22:39.954,87.5000,100
44559954638291,12:22:39.954,87.5000,50
44559954638291,12:22:39.954,87.5000,50
44568029095475,12:22:48.029,87.4500,25
44568029241083,12:22:48.029,87.4200,7
44568029260473,12:22:48.029,87.4000,50
44568029260473,12:22:48.029,87.4000,20
44568029505175,12:22:48.029,87.3900,28
44568031594926,12:22:48.031,87.3500,1
44568031594926,12:22:48.031,87.3200,10
44568031594926,12:22:48.031,87.3200,12
44581398954661,12:23:01.398,87.3000,5
44596270241388,12:23:16.270,87.4000,200
44597051410791,12:23:17.051,87.2600,2
44597051410791,12:23:17.051,87.2500,100
44597055902479,12:23:17.055,87.3100,10
44597787824773,12:23:17.787,87.2500,10
44597787824773,12:23:17.787,87.2500,10
44597787824773,12:23:17.787,87.2500,10
44597787849636,12:23:17.787,87.2400,30
44597788219652,12:23:17.788,87.2400,30
44597789269153,12:23:17.789,87.2000,4
44597793924839,12:23:17.793,87.2700,10
44603445047294,12:23:23.445,87.2200,10
44649644751274,12:24:09.644,87.5000,18
44665262398496,12:24:25.262,87.6200,100
44665262398496,12:24:25.262,87.6200,100
44665262398496,12:24:25.262,87.6200,100
44783835816195,12:26:23.835,87.8600,20
44783835816195,12:26:23.835,87.8600,15
44783840321126,12:26:23.840,87.9000,3
44783856610067,12:26:23.856,87.8800,74
44796151297002,12:26:36.151,87.8800,23
44796151305397,12:26:36.151,87.8800,43
44808283968767,12:26:48.283,87.9300,100
44808284238102,12:26:48.284,87.9400,16
44808284259893,12:26:48.284,87.9400,106
44818620054936,12:26:58.620,87.9400,78
44852813734078,12:27:32.813,87.9600,100
44911715598093,12:28:31.715,87.8500,20
44935724732051,12:28:55.724,87.9400,50
44959802663016,12:29:19.802,87.9000,100
44972965135250,12:29:32.965,87.9000,100
44998580239621,12:29:58.580,87.9400,20
44998580398499,12:29:58.580,87.9400,20
44998581667266,12:29:58.581,87.9400,18
44998585645034,12:29:58.585,87.9400,57
44998585645034,12:29:58.585,87.9500,20
45057918201249,12:30:57.918,87.9000,77
45057918204067,12:30:57.918,87.9000,43
45057918207844,12:30:57.918,87.9000,77
45057918214599,12:30:57.918,87.9000,58
45060796649050,12:31:00.796,87.9500,100
45060796753259,12:31:00.796,87.8900,13
45060797193299,12:31:00.797,87.8900,87
45062081082811,12:31:02.081,87.8900,13
45062081082811,12:31:02.081,87.8900,87
45089885992165,12:31:29.885,87.9000,270
45089886258185,12:31:29.886,87.9000,57
45089886310702,12:31:29.886,87.9000,100
45089886351993,12:31:29.886,87.9000,73
45089886398901,12:31:29.886,87.9000,158
45089886717972,12:31:29.886,87.9000,78
45089887341044,12:31:29.887,87.9000,264
45089889684583,12:31:29.889,87.8800,100
45089889684583,12:31:29.889,87.8800,10
45089903018293,12:31:29.903,87.9000,10
45142712579325,12:32:22.712,87.9500,2
45142714474024,12:32:22.714,88.0000,10
45142714474024,12:32:22.714,88.0000,26
45142714999535,12:32:22.714,88.0000,3
45142714999535,12:32:22.714,88.0000,107
45142715107992,12:32:22.715,88.0000,18
45142715825051,12:32:22.715,88.0000,64
45142716084684,12:32:22.716,88.0000,161
45142716182642,12:32:22.716,88.0000,60
45142716189774,12:32:22.716,88.0000,40
45274537913019,12:34:34.537,88.0000,13
45274537913019,12:34:34.537,88.0100,100
45287565177571,12:34:47.565,88.1200,100
45303122830854,12:35:03.122,88.1700,20
45304064822700,12:35:04.064,88.2000,100
45304598688238,12:35:04.598,88.2000,20
45316258445044,12:35:16.258,88.2400,18
45318862164683,12:35:18.862,88.2400,25
45355375124006,12:35:55.375,88.3500,200
45369582485800,12:36:09.582,88.4000,100
45374336864080,12:36:14.336,88.3500,77
45374337327814,12:36:14.337,88.3500,123
45374337327814,12:36:14.337,88.3500,46
45377625978445,12:36:17.625,88.4200,100
45399185074213,12:36:39.185,88.4500,12
45420216069202,12:37:00.216,88.4500,58
45421693225336,12:37:01.693,88.5000,100
45436196155594,12:37:16.196,88.5000,5
45440738233062,12:37:20.738,88.5800,100
45466381828407,12:37:46.381,88.5000,25
45497113419586,12:38:17.113,88.5100,84
45519014306722,12:38:39.014,88.5300,100
45519051496711,12:38:39.051,88.5300,100
45548130156429,12:39:08.130,88.5500,500
45548130227486,12:39:08.130,88.5600,50
45548131540665,12:39:08.131,88.5700,200
45548214113743,12:39:08.214,88.5900,300
45548873049591,12:39:08.873,88.5600,200
45549158123244,12:39:09.158,88.6000,100
45649449332355,12:40:49.449,88.5500,20
45649449521238,12:40:49.449,88.5500,10
45649449567887,12:40:49.449,88.5500,77
45654107656398,12:40:54.107,88.5500,100
45654107656398,12:40:54.107,88.5500,100
45654107656398,12:40:54.107,88.5900,58
45655953726826,12:40:55.953,88.7200,15
45655953726826,12:40:55.953,88.7200,13
45671764751522,12:41:11.764,88.6500,50
45715754123312,12:41:55.754,88.6500,50
45715754123312,12:41:55.754,88.6700,25
45715754123312,12:41:55.754,88.6800,525
45715754246614,12:41:55.754,88.6800,79
45715754251269,12:41:55.754,88.6800,77
45715754255898,12:41:55.754,88.6800,319
45760768897488,12:42:40.768,88.5000,10
45763312503132,12:42:43.312,88.4600,28
45850722098641,12:44:10.722,88.2700,100
45928342005356,12:45:28.342,88.3500,230
45928342006011,12:45:28.342,88.3500,30
45928342203459,12:45:28.342,88.3500,55
45928342205348,12:45:28.342,88.3500,103
45928342405427,12:45:28.342,88.3500,46
45928342632604,12:45:28.342,88.3500,16
45928342689240,12:45:28.342,88.3500,46
45928342735494,12:45:28.342,88.3500,400
45928342739509,12:45:28.342,88.3500,400
45928342770069,12:45:28.342,88.3500,174
45928949256248,12:45:28.949,88.4900,28
45929378080678,12:45:29.378,88.4700,100
45929390006209,12:45:29.390,88.4700,86
46038913136229,12:47:18.913,88.3500,49
46038913180285,12:47:18.913,88.3500,2
46038913186633,12:47:18.913,88.3500,49
46127826087542,12:48:47.826,88.6400,100
46127860133838,12:48:47.860,88.6400,50
46129100889151,12:48:49.100,88.6300,90
46146744919704,12:49:06.744,88.6300,15
46160256865929,12:49:20.256,88.6400,70
46160256869777,12:49:20.256,88.6400,30
46179861256262,12:49:39.861,88.6800,100
46209555486136,12:50:09.555,88.6500,49
46209555495890,12:50:09.555,88.6500,9
46214305383116,12:50:14.305,88.6700,4
46297063597534,12:51:37.063,88.7000,10
46300768502733,12:51:40.768,88.6800,8
46302589646609,12:51:42.589,88.3900,28
46346199833125,12:52:26.199,88.7000,50
46380191114378,12:53:00.191,88.7700,100
46380204905659,12:53:00.204,88.7500,10
46390685930078,12:53:10.685,88.7700,10
46390685930078,12:53:10.685,88.7700,10
46475156065163,12:54:35.156,88.8000,8
46490885684128,12:54:50.885,88.8200,12
46516105513617,12:55:16.105,88.8400,7
46520780004262,12:55:20.780,88.8700,70
46520780019100,12:55:20.780,88.8700,30
46520780019100,12:55:20.780,88.8700,70
46561621054283,12:56:01.621,88.8000,100
46561621097699,12:56:01.621,88.8000,7
46561621844784,12:56:01.621,88.8000,30
46561622011690,12:56:01.622,88.8000,18
46561622221259,12:56:01.622,88.8000,100
46561622224448,12:56:01.622,88.8000,1500
46561622245328,12:56:01.622,88.8000,170
46561622275782,12:56:01.622,88.8000,41
46561622279290,12:56:01.622,88.8000,34
46561623391396,12:56:01.623,88.8000,41
46561623391396,12:56:01.623,88.8000,100
46565452634765,12:56:05.452,88.8000,100
46582327540284,12:56:22.327,88.8000,45
46610462414317,12:56:50.462,88.8300,110
46697849033678,12:58:17.849,88.7500,20
46699317373724,12:58:19.317,88.8000,7
46699317373724,12:58:19.317,88.8000,50
46699323841688,12:58:19.323,88.8200,58
46711062201867,12:58:31.062,88.8700,130
46711062201867,12:58:31.062,88.8700,10
46725729405954,12:58:45.729,88.9000,140
46725729405954,12:58:45.729,88.9000,28
46740112896084,12:59:00.112,88.9500,80
46740112896084,12:59:00.112,88.9500,120
46740112899135,12:59:00.112,88.9500,103
46769390202733,12:59:29.390,89.0000,18
46769390202733,12:59:29.390,89.0000,11
46810276795726,13:00:10.276,89.0100,7
46810276795726,13:00:10.276,89.0100,100
46810277708156,13:00:10.277,89.0000,18
46810286440101,13:00:10.286,89.0000,43
46810286482102,13:00:10.286,89.0000,39
46828984395824,13:00:28.984,88.9100,200
46828984395824,13:00:28.984,88.9100,100
46828984448798,13:00:28.984,88.9100,100
46828984491188,13:00:28.984,88.9100,200
46897558751400,13:01:37.558,88.9900,48
46897559095843,13:01:37.559,89.0300,7
46898154743891,13:01:38.154,89.0500,20
46924147967598,13:02:04.147,89.0500,7
46966472869122,13:02:46.472,89.0600,100
47032391400712,13:03:52.391,89.0000,42
47032391415422,13:03:52.391,89.0000,8
47032391427645,13:03:52.391,88.9900,100
47117525171557,13:05:17.525,89.0200,18
47162492923712,13:06:02.492,88.9500,58
47204618302879,13:06:44.618,88.9300,100
47280634263931,13:08:00.634,89.1400,7
47349021745919,13:09:09.021,89.1800,100
47362606717497,13:09:22.606,89.1900,40
47380864494946,13:09:40.864,89.1000,20
47398413421900,13:09:58.413,89.0400,7
47444748165735,13:10:44.748,89.0000,7
47549450815985,13:12:29.450,88.9000,7
47572032420653,13:12:52.032,88.8700,17
47572033032447,13:12:52.033,88.8500,5
47572039314452,13:12:52.039,88.8300,1
47572039314452,13:12:52.039,88.8300,29
47572039314452,13:12:52.039,88.8300,1
47572039931933,13:12:52.039,88.8200,32
47583464394415,13:13:03.464,88.8100,12
47583464408447,13:13:03.464,88.8100,138
47591130531967,13:13:11.130,88.9400,11
47591130531967,13:13:11.130,88.9400,7
47690867817350,13:14:50.867,88.8400,21
47736886138672,13:15:36.886,88.8700,7
47739603853602,13:15:39.603,88.9500,14
47744672949450,13:15:44.672,88.9900,30
47772563947401,13:16:12.563,89.0800,5
47772563947401,13:16:12.563,89.0800,10
47783239023617,13:16:23.239,89.1800,1
47783239335125,13:16:23.239,89.1400,77
47783239345618,13:16:23.239,89.1400,23
47783239773915,13:16:23.239,89.1400,77
47783239810824,13:16:23.239,89.1400,23
47809126294894,13:16:49.126,89.2000,19
47809617958672,13:16:49.617,89.1600,120
47835861218549,13:17:15.861,89.1400,10
47872551862886,13:17:52.551,89.2000,29
47872551870402,13:17:52.551,89.2000,71
47899912296991,13:18:19.912,89.1600,82
47899914065075,13:18:19.914,89.1600,98
47963384692766,13:19:23.384,89.2500,84
47974756504234,13:19:34.756,89.2400,26
47974756504234,13:19:34.756,89.2500,74
47974756530382,13:19:34.756,89.2500,4
47974756534125,13:19:34.756,89.2500,22
47979060898800,13:19:39.060,89.3000,5
47979060898800,13:19:39.060,89.3000,95
47979060905765,13:19:39.060,89.3000,100
47979060926620,13:19:39.060,89.3000,187
47980563243008,13:19:40.563,89.2500,5
47980563260101,13:19:40.563,89.2500,6
47981805556472,13:19:41.805,89.3500,100
47981805556472,13:19:41.805,89.3500,86
47982742414686,13:19:42.742,89.3500,14
48017189977961,13:20:17.189,89.3500,4
48056194920316,13:20:56.194,89.4900,151
48056195077551,13:20:56.195,89.4900,49
48061899134853,13:21:01.899,89.5700,100
48102929450486,13:21:42.929,89.5600,7
48147905611316,13:22:27.905,89.5200,7
48147905638614,13:22:27.905,89.5200,68
48157473748396,13:22:37.473,89.5500,300
48176857159025,13:22:56.857,89.5100,103
48176857176729,13:22:56.857,89.5100,47
48303821420156,13:25:03.821,89.5500,100
48303821423382,13:25:03.821,89.5500,100
48327355494467,13:25:27.355,89.5000,100
48413189586523,13:26:53.189,89.5300,2
48422267683174,13:27:02.267,89.5300,18
48425857275802,13:27:05.857,89.5300,6
48425857287601,13:27:05.857,89.5300,34
48512545487133,13:28:32.545,89.4700,100
48545049667304,13:29:05.049,89.6900,93
48545049683497,13:29:05.049,89.6900,7
48582440750727,13:29:42.440,89.6300,100
48606754957652,13:30:06.754,89.6900,58
48638728496127,13:30:38.728,89.5300,66
48638728526055,13:30:38.728,89.5300,82
48638728563637,13:30:38.728,89.5300,52
48647078473027,13:30:47.078,89.4300,100
48647078486186,13:30:47.078,89.4300,100
48763042410984,13:32:43.042,89.5800,6
49032507978246,13:37:12.507,89.6400,7
49053131107023,13:37:33.131,89.5400,10
49053572202215,13:37:33.572,89.5400,10
49071528490999,13:37:51.528,89.5500,3
49071528501041,13:37:51.528,89.5500,7
49119374929196,13:38:39.374,89.6700,10
49222776317717,13:40:22.776,89.7000,158
49222776346976,13:40:22.776,89.7000,42
49263927700040,13:41:03.927,89.7300,98
49263927712355,13:41:03.927,89.7300,100
49276001413798,13:41:16.001,89.6500,22
49276001413798,13:41:16.001,89.6300,10
49285515447601,13:41:25.515,89.7300,100
49285515473896,13:41:25.515,89.7300,46
49285515677682,13:41:25.515,89.7300,56
49285515677682,13:41:25.515,89.7300,46
49285532060002,13:41:25.532,89.7300,54
49285618357244,13:41:25.618,89.7300,76
49294615785418,13:41:34.615,89.7500,35
49304179637393,13:41:44.179,89.7700,111
49315514235118,13:41:55.514,89.7800,14
49350193151667,13:42:30.193,89.7700,9
49350193774964,13:42:30.193,89.7800,10
49350193774964,13:42:30.193,89.7800,76
49350193774964,13:42:30.193,89.7800,77
49350193816544,13:42:30.193,89.7800,23
49350194074794,13:42:30.194,89.7900,100
49350194076354,13:42:30.194,89.7900,100
49350202330641,13:42:30.202,89.8200,2
49381390093142,13:43:01.390,89.8600,3
49381390343831,13:43:01.390,89.8900,27
49381396056133,13:43:01.396,89.8900,73
49381396056133,13:43:01.396,89.8900,18
49381396397046,13:43:01.396,89.8700,2
49381396924318,13:43:01.396,89.8900,10
49381396924318,13:43:01.396,89.8900,3
49381396999329,13:43:01.396,89.8900,7
49381397069049,13:43:01.397,89.8900,77
49381397096970,13:43:01.397,89.8900,23
49381397342402,13:43:01.397,89.9100,10
49381397414446,13:43:01.397,89.8900,44
49381398188479,13:43:01.398,89.8900,56
49381398188479,13:43:01.398,89.8900,10
49411044938290,13:43:31.044,89.7800,7
49459031630050,13:44:19.031,89.8000,10
49485648175215,13:44:45.648,89.7700,10
49528480465235,13:45:28.480,89.8000,10
49540699180532,13:45:40.699,89.7600,5
49540703150802,13:45:40.703,89.7600,34
49540703173654,13:45:40.703,89.7600,61
49544929871409,13:45:44.929,89.8400,61
49546542002489,13:45:46.542,89.8400,39
49558881267841,13:45:58.881,89.8400,7
49558931631585,13:45:58.931,89.8700,163
49558931890439,13:45:58.931,89.8700,100
49558931928472,13:45:58.931,89.8700,37
49565775311434,13:46:05.775,89.9200,35
49565777106333,13:46:05.777,89.9500,100
49565777564435,13:46:05.777,89.9900,3
49565777564435,13:46:05.777,89.9900,97
49565777568904,13:46:05.777,89.9900,100
49566989882588,13:46:06.989,89.9900,3
49569867137195,13:46:09.867,90.0000,5
49569867137195,13:46:09.867,90.0000,1
49569867137195,13:46:09.867,90.0000,4
49569867137195,13:46:09.867,90.0000,1
49569867137195,13:46:09.867,90.0000,50
49569867137195,13:46:09.867,90.0000,11
49569867173241,13:46:09.867,90.0000,100
49569867479833,13:46:09.867,90.0000,39
49569867479833,13:46:09.867,90.0000,1
49569867479833,13:46:09.867,90.0000,5
49569867479833,13:46:09.867,90.0000,1
49571211952284,13:46:11.211,90.0000,2
49571211952284,13:46:11.211,90.0000,4
49571211952284,13:46:11.211,90.0000,100
49571211952284,13:46:11.211,90.0000,4
49571211952284,13:46:11.211,90.0000,1
49571211952284,13:46:11.211,90.0000,8
49571211952284,13:46:11.211,90.0000,2
49571742030134,13:46:11.742,90.1000,10
49593811318246,13:46:33.811,90.0500,64
49593811436149,13:46:33.811,90.0500,130
49593811893414,13:46:33.811,90.0500,6
49601318280144,13:46:41.318,90.0600,7
49604579866507,13:46:44.579,90.1300,300
49617374266242,13:46:57.374,90.1300,100
49651490241762,13:47:31.490,89.9500,10
49719473461644,13:48:39.473,89.9400,10
49719473505517,13:48:39.473,89.9300,10
49733188599514,13:48:53.188,90.0000,2
49757960306680,13:49:17.960,89.9400,1
49765645998936,13:49:25.645,89.9400,10
49766894662111,13:49:26.894,89.9400,300
49809905940578,13:50:09.905,90.0100,1
49854834097606,13:50:54.834,89.9400,115
49854834097606,13:50:54.834,89.9400,100
49892943588257,13:51:32.943,90.0000,5
49892943588257,13:51:32.943,90.0000,13
49892943648013,13:51:32.943,90.0000,28
49892943648013,13:51:32.943,90.0000,10
49894580162584,13:51:34.580,90.0200,50
49923158284542,13:52:03.158,90.0200,107
49948727180225,13:52:28.727,90.0800,46
49948727269294,13:52:28.727,90.0600,47
49948727308074,13:52:28.727,90.0600,53
49948727759908,13:52:28.727,90.0600,47
49948727784830,13:52:28.727,90.0600,7
49952023792320,13:52:32.023,90.0600,46
49957484178938,13:52:37.484,90.0600,100
49957484181563,13:52:37.484,90.0600,100
49967237586869,13:52:47.237,90.0100,5
50070602339189,13:54:30.602,90.1000,100
50070602354238,13:54:30.602,90.1000,100
50070603199552,13:54:30.603,90.1200,52
50070603216082,13:54:30.603,90.1200,48
50070603462574,13:54:30.603,90.1300,27
50070607668781,13:54:30.607,90.1400,25
50070733143340,13:54:30.733,90.1400,17
50070733147005,13:54:30.733,90.1400,58
50070736601955,13:54:30.736,90.1500,20
50070736616630,13:54:30.736,90.1500,19
50070736640604,13:54:30.736,90.1500,11
50070742161925,13:54:30.742,90.1600,4
50070742161925,13:54:30.742,90.1600,42
50070742199938,13:54:30.742,90.1600,1
50095310091194,13:54:55.310,90.1000,5
50109060720210,13:55:09.060,90.0500,99
50109060737249,13:55:09.060,90.0500,218
50109060740015,13:55:09.060,90.0500,16
50109060754660,13:55:09.060,90.0500,17
50127798390901,13:55:27.798,90.0200,37
50133489915836,13:55:33.489,90.0200,17
50133489957086,13:55:33.489,90.0200,17
50199991408693,13:56:39.991,90.0800,200
50202150521204,13:56:42.150,90.0800,51
50202150528620,13:56:42.150,90.0800,49
50251787873078,13:57:31.787,90.0000,100
50272766806806,13:57:52.766,90.0200,20
50272766841169,13:57:52.766,90.0200,30
50272767203231,13:57:52.767,90.0000,100
50280886650205,13:58:00.886,89.9900,18
50280886759027,13:58:00.886,89.9900,17
50281154332900,13:58:01.154,89.9900,48
50281154455618,13:58:01.154,89.9900,100
50281154456273,13:58:01.154,89.9900,50
50281204088570,13:58:01.204,89.9900,67
50337040773431,13:58:57.040,90.1200,10
50337040773431,13:58:57.040,90.1500,200
50337041802883,13:58:57.041,90.1000,100
50343165924739,13:59:03.165,90.0000,1
50343165925280,13:59:03.165,90.0000,100
50343165939209,13:59:03.165,90.0000,1
50343165941912,13:59:03.165,90.0000,1
50343165963806,13:59:03.165,90.0000,1
50343165974796,13:59:03.165,90.0000,37
50398889424631,13:59:58.889,90.1500,40
50398889424631,13:59:58.889,90.1500,7
50398889424631,13:59:58.889,90.1500,100
50398889424631,13:59:58.889,90.1500,15
50398889424631,13:59:58.889,90.2000,100
50398889424631,13:59:58.889,90.2000,20
50398889424631,13:59:58.889,90.2000,91
50398889424631,13:59:58.889,90.2000,100
50398889424631,13:59:58.889,90.2000,5
50398889424631,13:59:58.889,90.2000,7
50398889424631,13:59:58.889,90.2000,100
50447808217958,14:00:47.808,90.1500,20
50470611318150,14:01:10.611,90.1500,100
50488406983151,14:01:28.406,90.0000,65
50488406985911,14:01:28.406,90.0000,135
50488412400204,14:01:28.412,89.9400,7
50508345487531,14:01:48.345,90.0000,60
50508346531571,14:01:48.346,90.0400,7
50536552042516,14:02:16.552,90.0800,7
50549365231418,14:02:29.365,90.0000,79
50549365251482,14:02:29.365,90.0000,21
50550188542225,14:02:30.188,90.0000,20
50677751314946,14:04:37.751,89.8600,36
50677751314946,14:04:37.751,89.8600,22
50677788904156,14:04:37.788,89.8200,50
50775208614808,14:06:15.208,89.5400,16
50775208863926,14:06:15.208,89.5400,2
50775208863926,14:06:15.208,89.5400,16
50775212305466,14:06:15.212,89.5400,77
50775212305466,14:06:15.212,89.5400,8
50776722207206,14:06:16.722,89.5400,10
50776722207206,14:06:16.722,89.5400,10
50776722349590,14:06:16.722,89.5300,15
50779450645083,14:06:19.450,89.5000,100
50784416850642,14:06:24.416,89.5500,50
50799698357011,14:06:39.698,89.5400,7
50804612110790,14:06:44.612,89.5600,14
50804612114429,14:06:44.612,89.5600,86
50846429082437,14:07:26.429,89.6000,50
50846429082437,14:07:26.429,89.6000,18
50865636725734,14:07:45.636,89.5800,100
51005849035154,14:10:05.849,89.4800,5
51029606872880,14:10:29.606,89.5600,60
51088715128813,14:11:28.715,89.5000,79
51197153584057,14:13:17.153,89.5000,100
51291559664290,14:14:51.559,89.4700,78
51291559676777,14:14:51.559,89.4700,72
51328292503407,14:15:28.292,89.5300,200
51368043077037,14:16:08.043,89.4600,5
51396889004217,14:16:36.889,89.3200,36
51396889377631,14:16:36.889,89.3100,1
51428294967701,14:17:08.294,89.5800,20
51469629313387,14:17:49.629,89.4700,12
51470714626148,14:17:50.714,89.5800,7
51483858296366,14:18:03.858,89.7000,7
51511006984650,14:18:31.006,89.6100,7
51511532633877,14:18:31.532,89.7300,50
51511587581327,14:18:31.587,89.8800,33
51511587581327,14:18:31.587,89.8800,9
51511587581327,14:18:31.587,89.8800,15
51511587657297,14:18:31.587,89.8400,100
51513945099887,14:18:33.945,89.9100,100
51513945112693,14:18:33.945,89.9100,100
51516146789783,14:18:36.146,90.0000,17
51516146803388,14:18:36.146,90.0000,33
51549773077449,14:19:09.773,89.8300,6
51549773094274,14:19:09.773,89.8300,71
51562902228056,14:19:22.902,89.7500,18
51565408996991,14:19:25.408,89.7000,18
51565409434965,14:19:25.409,89.7000,132
51634118172986,14:20:34.118,89.7100,7
51663372560372,14:21:03.372,89.8600,7
51708403412239,14:21:48.403,89.8500,46
51708403429498,14:21:48.403,89.8500,154
51727735889954,14:22:07.735,89.8000,20
51727735891260,14:22:07.735,89.8000,80
51734952402425,14:22:14.952,89.9000,100
51734952402425,14:22:14.952,89.9000,7
51734952426970,14:22:14.952,89.9100,111
51764260297186,14:22:44.260,90.0000,6
51764262307576,14:22:44.262,90.0500,100
51764262389293,14:22:44.262,90.0100,100
51764262504513,14:22:44.262,90.0000,100
51764262533131,14:22:44.262,90.0000,50
51764263796255,14:22:44.263,90.0000,100
51787263557814,14:23:07.263,89.9500,10
51801836350575,14:23:21.836,89.8900,20
51812096635736,14:23:32.096,89.7400,1
51812852214549,14:23:32.852,89.7100,7
51822662437348,14:23:42.662,89.7000,300
51822662439897,14:23:42.662,89.7000,300
51822663567927,14:23:42.663,89.6600,37
51822663567927,14:23:42.663,89.6600,3
51822663609750,14:23:42.663,89.6500,15
51822664111870,14:23:42.664,89.6400,15
51822664111870,14:23:42.664,89.6300,2
51822664657102,14:23:42.664,89.6600,76
51822664661596,14:23:42.664,89.6600,24
51915465082362,14:25:15.465,89.8700,10
51962426407236,14:26:02.426,89.9600,100
51962426568831,14:26:02.426,90.0200,45
51962426601147,14:26:02.426,90.0200,80
51962426629401,14:26:02.426,90.0200,75
51986940403541,14:26:26.940,90.1000,1
51986940403541,14:26:26.940,90.1000,45
51986940403541,14:26:26.940,90.1000,98
51986940403541,14:26:26.940,90.1000,42
51986940431214,14:26:26.940,90.1000,38
51988518855995,14:26:28.518,90.1100,15
51992437007463,14:26:32.437,90.1500,8
52002010670594,14:26:42.010,90.1500,151
52017278406682,14:26:57.278,90.1700,13
52022038504028,14:27:02.038,90.1700,23
52022040050669,14:27:02.040,90.1700,10
52022040050669,14:27:02.040,90.1700,10
52027372471502,14:27:07.372,90.1500,30
52027372821969,14:27:07.372,90.1300,77
52027372828014,14:27:07.372,90.1300,23
52028164548601,14:27:08.164,90.1800,21
52028338030452,14:27:08.338,90.1800,40
52029567246743,14:27:09.567,90.1800,16
52029567246743,14:27:09.567,90.1800,23
52029567316764,14:27:09.567,90.1900,5
52032773575545,14:27:12.773,90.2500,2
52032773575545,14:27:12.773,90.2500,106
52032773575545,14:27:12.773,90.2500,92
52032773576524,14:27:12.773,90.2500,8
52032795264394,14:27:12.795,90.2900,13
52033045092610,14:27:13.045,90.0700,1500
52033045118673,14:27:13.045,90.0700,25
52033045129769,14:27:13.045,90.0700,200
52033045138947,14:27:13.045,90.0700,184
52033045175101,14:27:13.045,90.0700,91
52037249672580,14:27:17.249,90.2900,16
52042973588932,14:27:22.973,90.2000,20
52073310499203,14:27:53.310,90.2000,14
52080125242078,14:28:00.125,90.2500,5
52086262232785,14:28:06.262,90.1500,5
52093738646361,14:28:13.738,90.3400,42
52093738654032,14:28:13.738,90.3400,54
52093738654032,14:28:13.738,90.3400,4
52093738739797,14:28:13.738,90.3200,100
52095608960337,14:28:15.608,90.3800,50
52102825301387,14:28:22.825,90.3800,12
52102825327534,14:28:22.825,90.3800,88
52103381991348,14:28:23.381,90.4000,12
52103382292624,14:28:23.382,90.4000,8
52103382311082,14:28:23.382,90.4000,100
52103382322213,14:28:23.382,90.4000,100
52103382623710,14:28:23.382,90.4000,130
52113212592833,14:28:33.212,90.4000,6
52116204354329,14:28:36.204,90.4400,50
52121299312926,14:28:41.299,90.4900,25
52128148055378,14:28:48.148,90.5000,2
52128148055378,14:28:48.148,90.5000,1
52128148055378,14:28:48.148,90.5000,129
52128149448177,14:28:48.149,90.5000,150
52128149743909,14:28:48.149,90.5000,221
52128162515287,14:28:48.162,90.4800,10
52128162515287,14:28:48.162,90.4700,100
52129160032718,14:28:49.160,90.5000,10
52129160032718,14:28:49.160,90.5000,10
52129160032718,14:28:49.160,90.5000,10
52129160032718,14:28:49.160,90.5000,10
52129160032718,14:28:49.160,90.5000,10
52134732637406,14:28:54.732,90.5700,100
52134732919924,14:28:54.732,90.4900,10
52134732919924,14:28:54.732,90.4900,10
52141678620816,14:29:01.678,90.5100,25
52141681031064,14:29:01.681,90.5100,68
52141681033888,14:29:01.681,90.5100,6
52143059368732,14:29:03.059,90.5100,1
52143059368732,14:29:03.059,90.5100,10
52143059368732,14:29:03.059,90.5200,50
52149056365240,14:29:09.056,90.5000,100
52149781218955,14:29:09.781,90.5900,77
52149781227044,14:29:09.781,90.5900,23
52154963975235,14:29:14.963,90.5500,5
52155493063828,14:29:15.493,90.6000,16
52155493069402,14:29:15.493,90.6000,84
52156079289800,14:29:16.079,90.5800,113
52156079293694,14:29:16.079,90.5800,87
52170603549304,14:29:30.603,90.6200,100
52175688822162,14:29:35.688,90.7300,460
52176304368275,14:29:36.304,90.7500,1
52176304368275,14:29:36.304,90.7500,5
52176771174536,14:29:36.771,90.7300,100
52177294918249,14:29:37.294,90.8000,20
52178507259263,14:29:38.507,90.8300,18
52189429364559,14:29:49.429,90.6900,15
52191390080350,14:29:51.390,90.8100,80
52192164563182,14:29:52.164,90.8100,24
52192164573273,14:29:52.164,90.8100,81
52192165576194,14:29:52.165,90.8100,1500
52192166475233,14:29:52.166,90.8100,315
52192166475233,14:29:52.166,90.8100,18
52192166475233,14:29:52.166,90.8100,150
52192166475233,14:29:52.166,90.8100,117
52193176250985,14:29:53.176,90.8800,100
52193176254174,14:29:53.176,90.8800,50
52193176254174,14:29:53.176,90.8800,33
52193176254174,14:29:53.176,90.8800,17
52193214749736,14:29:53.214,90.9800,35
52193214790466,14:29:53.214,90.9800,46
52193214824470,14:29:53.214,90.9800,46
52193214875797,14:29:53.214,90.9800,46
52193214917933,14:29:53.214,90.9900,46
52193214966934,14:29:53.214,90.9900,46
52193215013934,14:29:53.215,90.9900,46
52193215057155,14:29:53.215,90.9900,46
52193215096803,14:29:53.215,90.9900,46
52193215137887,14:29:53.215,90.9900,46
52193215189945,14:29:53.215,90.9900,29
52193215221100,14:29:53.215,90.9900,15
52193232604232,14:29:53.232,90.9900,46
52193252669227,14:29:53.252,90.9800,46
52193252682219,14:29:53.252,90.9800,46
52193503030632,14:29:53.503,90.9900,634
52193503030632,14:29:53.503,90.9900,83
52193503030632,14:29:53.503,90.9900,150
52193507998521,14:29:53.507,91.0000,200
52193507998521,14:29:53.507,91.0000,50
52193507998521,14:29:53.507,91.0000,10
52193507998521,14:29:53.507,91.0000,21
52193507998521,14:29:53.507,91.0000,1
52193507998521,14:29:53.507,91.0000,250
52193507998521,14:29:53.507,91.0000,1
52193507998521,14:29:53.507,91.0000,60
52193507998521,14:29:53.507,91.0000,5
52193507998521,14:29:53.507,91.0000,10
52193507998521,14:29:53.507,91.0000,100
52193909987448,14:29:53.909,91.2000,2
52204184526244,14:30:04.184,91.0800,100
52204984274353,14:30:04.984,91.0400,100
52217006897754,14:30:17.006,91.0000,70
52218519801320,14:30:18.519,91.0000,100
52218519803516,14:30:18.519,91.0000,30
52218523788344,14:30:18.523,90.9800,100
52223639531953,14:30:23.639,90.9800,200
52223639535648,14:30:23.639,90.9800,100
52223639535648,14:30:23.639,90.9900,100
52229478174504,14:30:29.478,91.0400,8
52229478174504,14:30:29.478,91.0800,15
52229478174504,14:30:29.478,91.0800,43
52273141854263,14:31:13.141,90.6000,10
52322447537562,14:32:02.447,90.6600,7
52365197545865,14:32:45.197,90.6000,60
52405203389279,14:33:25.203,90.5000,18
52405203434113,14:33:25.203,90.5000,74
52405203435859,14:33:25.203,90.5000,78
52473888356061,14:34:33.888,90.5000,30
52481087765258,14:34:41.087,90.5000,18
52504349422424,14:35:04.349,90.6400,71
52515651530368,14:35:15.651,90.6400,147
52515651544410,14:35:15.651,90.6400,74
52515651545715,14:35:15.651,90.6400,73
52515651846823,14:35:15.651,90.6400,135
52525602360308,14:35:25.602,90.7500,17
52537704027265,14:35:37.704,90.8700,46
52569109348243,14:36:09.109,90.6500,7
52569127917095,14:36:09.127,90.5400,11
52571666172704,14:36:11.666,90.5300,10
52647153461354,14:37:27.153,90.9000,10
52664690847613,14:37:44.690,90.8400,11
52672552621494,14:37:52.552,90.8700,28
52672552623447,14:37:52.552,90.8700,472
52682978921898,14:38:02.978,90.8700,100
52700306323724,14:38:20.306,90.7700,1
52705902354123,14:38:25.902,90.7700,100
52705902371936,14:38:25.902,90.7700,19
52738517384735,14:38:58.517,90.9500,9
52746469684815,14:39:06.469,90.9500,141
52746469787931,14:39:06.469,90.9400,20
52752732031171,14:39:12.732,90.9500,7
52764441642411,14:39:24.441,91.0000,50
52764441642411,14:39:24.441,91.0000,1
52764441642411,14:39:24.441,91.0000,25
52764441642411,14:39:24.441,91.0000,124
52764441643584,14:39:24.441,91.0000,182
52764501585106,14:39:24.501,90.9000,10
52797731941121,14:39:57.731,90.7700,10
52950233735992,14:42:30.233,90.7700,50
53117058438960,14:45:17.058,90.6000,7
53117065204840,14:45:17.065,90.5600,19
53117065204840,14:45:17.065,90.5600,1
53174038636307,14:46:14.038,90.6000,30
53179104612063,14:46:19.104,90.4300,300
53179104612063,14:46:19.104,90.4200,200
53201714353962,14:46:41.714,90.3500,6
53212353308494,14:46:52.353,90.2600,11
53213531291285,14:46:53.531,90.2700,73
53213531300194,14:46:53.531,90.2700,27
53215322890864,14:46:55.322,90.2000,400
53215323926007,14:46:55.323,90.2200,46
53215325357653,14:46:55.325,90.2200,46
53254218239816,14:47:34.218,90.2700,5
53260134361013,14:47:40.134,90.1800,50
53264412287590,14:47:44.412,90.1300,111
53276330050327,14:47:56.330,90.1000,5
53283739010309,14:48:03.739,90.0100,16
53327341249647,14:48:47.341,90.1300,100
53327341489853,14:48:47.341,90.1300,46
53327341503129,14:48:47.341,90.1300,54
53379465481608,14:49:39.465,90.1000,5
53394779007397,14:49:54.779,90.0700,5
53416256210607,14:50:16.256,90.1000,10
53556565521222,14:52:36.565,90.1500,260
53562099635941,14:52:42.099,90.2000,5
53581890643035,14:53:01.890,90.2400,100
53581890643035,14:53:01.890,90.2400,100
53581890643035,14:53:01.890,90.2400,96
53581890666169,14:53:01.890,90.2400,4
53581890666169,14:53:01.890,90.2500,20
53626527213230,14:53:46.527,90.0600,200
53663592553267,14:54:23.592,90.1700,20
53674251016445,14:54:34.251,90.1500,10
53700782021953,14:55:00.782,90.1300,34
53729422654109,14:55:29.422,90.1700,10
53822172485698,14:57:02.172,90.1600,100
53837619239870,14:57:17.619,90.0100,100
53837619286335,14:57:17.619,90.0000,1
53837619286335,14:57:17.619,90.0000,10
53837619286335,14:57:17.619,90.0000,50
53837620275126,14:57:17.620,89.9900,30
53842147764099,14:57:22.147,89.9700,15
53843474496483,14:57:23.474,90.0000,12
53843474510370,14:57:23.474,90.0000,738
53845454568535,14:57:25.454,89.9500,18
53845454607773,14:57:25.454,89.9500,7
53846999847493,14:57:26.999,89.9100,3
53931288848557,14:58:51.288,90.0700,100
53931288922690,14:58:51.288,90.0700,100
53969212826845,14:59:29.212,89.8600,20
54006216715462,15:00:06.216,90.0700,200
54006216718175,15:00:06.216,90.0700,100
54006216819694,15:00:06.216,90.0800,20
54006216911460,15:00:06.216,90.0400,100
54006217193193,15:00:06.217,90.0800,80
54006217503949,15:00:06.217,90.0500,10
54006220349198,15:00:06.220,90.0800,10
54006220349198,15:00:06.220,90.0800,10
54006227804615,15:00:06.227,90.1300,153
54006228384592,15:00:06.228,90.1300,24
54065009279092,15:01:05.009,90.1800,25
54120315752399,15:02:00.315,90.1200,11
54140636831809,15:02:20.636,90.1800,18
54145900397777,15:02:25.900,90.0000,13
54145903119355,15:02:25.903,89.9200,200
54145903119355,15:02:25.903,89.9100,133
54227037968878,15:03:47.037,90.0400,29
54240187711804,15:04:00.187,89.8500,150
54240187760760,15:04:00.187,89.8400,29
54240187760760,15:04:00.187,89.8400,20
54240189217888,15:04:00.189,89.8200,100
54240189345358,15:04:00.189,89.9100,41
54240189724354,15:04:00.189,89.8100,200
54240189779338,15:04:00.189,89.8000,21
54240189811454,15:04:00.189,89.8500,10
54240189888418,15:04:00.189,89.8500,90
54240189957627,15:04:00.189,89.8900,100
54240189972426,15:04:00.189,89.9000,93
54240189978023,15:04:00.189,89.9000,7
54240190511474,15:04:00.190,89.7500,10
54450568883779,15:07:30.568,89.7200,200
54450571841006,15:07:30.571,89.7300,15
54450571915002,15:07:30.571,89.7300,35
54512342370490,15:08:32.342,89.9200,30
54512342457847,15:08:32.342,89.8900,100
54512965835183,15:08:32.965,89.9000,2
54512965847677,15:08:32.965,89.9000,2
54512965903340,15:08:32.965,89.9000,98
54567402822316,15:09:27.402,89.8900,86
54571021974920,15:09:31.021,89.8900,14
54579815124577,15:09:39.815,89.9300,5
54607517735336,15:10:07.517,89.9800,200
54607517738461,15:10:07.517,89.9800,100
54607517738461,15:10:07.517,89.9900,100
54607517784197,15:10:07.517,89.9900,500
54607518021734,15:10:07.518,89.9400,100
54609236603284,15:10:09.236,89.9900,100
54609236603284,15:10:09.236,89.9900,100
54678969895552,15:11:18.969,89.8200,58
54709248141660,15:11:49.248,89.7800,28
54712285692635,15:11:52.285,89.7200,100
54782938042528,15:13:02.938,89.7800,14
54790067335146,15:13:10.067,89.8500,14
54790067361597,15:13:10.067,89.8500,100
54790067397888,15:13:10.067,89.8500,86
54790068216408,15:13:10.068,89.8500,100
54790068257313,15:13:10.068,89.8500,69
54902562185481,15:15:02.562,89.9000,11
54930708483225,15:15:30.708,89.9000,11
54930709854629,15:15:30.709,89.9700,15
55126766456423,15:18:46.766,89.8900,100
55259186948188,15:20:59.186,89.9400,15
55281020498689,15:21:21.020,89.8900,100
55281021062193,15:21:21.021,89.8900,12
55319020929782,15:21:59.020,89.9800,1
55319021014982,15:21:59.021,89.9500,61
55319021025776,15:21:59.021,89.9500,39
55319022174009,15:21:59.022,89.9500,61
55319022174009,15:21:59.022,89.9500,26
55319022217016,15:21:59.022,89.9500,13
55319035705583,15:21:59.035,90.0000,2
55336045755724,15:22:16.045,89.9400,300
55336045755724,15:22:16.045,89.9300,100
55366311477955,15:22:46.311,90.0000,7
55405307455791,15:23:25.307,89.9400,52
55499025357730,15:24:59.025,89.9000,34
55574802600172,15:26:14.802,89.9000,24
55574802615394,15:26:14.802,89.9000,100
55632864089361,15:27:12.864,89.8000,2
55647115098484,15:27:27.115,89.9000,72
55647115112515,15:27:27.115,89.9000,100
55709018272254,15:28:29.018,89.9000,262
55709018305474,15:28:29.018,89.9000,149
55709018465379,15:28:29.018,89.9000,18
55709019144031,15:28:29.019,89.9000,90
55709019159459,15:28:29.019,89.9000,100
55709021317341,15:28:29.021,89.9000,100
55709021558667,15:28:29.021,89.9000,85
55739962258625,15:28:59.962,90.0200,100
55739962373500,15:28:59.962,90.0200,10
55746326393123,15:29:06.326,90.0700,1
55746326393123,15:29:06.326,90.0700,27
55746326472745,15:29:06.326,90.0400,100
55746330071519,15:29:06.330,90.0700,50
55746348347582,15:29:06.348,90.0700,50
55746348388720,15:29:06.348,90.0800,200
55746354434593,15:29:06.354,90.1200,4
55746354434593,15:29:06.354,90.1300,30
55764039423153,15:29:24.039,90.0900,1
55792648020814,15:29:52.648,90.1500,26
55792648020814,15:29:52.648,90.1500,2
55844076099405,15:30:44.076,90.1100,46
55844076174098,15:30:44.076,90.1100,54
55844076174098,15:30:44.076,90.1000,100
55851141094491,15:30:51.141,90.0800,100
56078598438750,15:34:38.598,90.0500,20
56091840752068,15:34:51.840,90.0000,16
56110969256152,15:35:10.969,90.0000,4
56149564514136,15:35:49.564,90.0000,20
56149564528318,15:35:49.564,90.0000,38
56197734393169,15:36:37.734,90.0000,90
56197734393169,15:36:37.734,90.0000,3
56239670471116,15:37:19.670,89.9900,4
56240112807833,15:37:20.112,89.9900,5
56243092713085,15:37:23.092,89.9200,60
56243092784038,15:37:23.092,89.9200,100
56249411205232,15:37:29.411,89.9200,15
56281571366633,15:38:01.571,89.9200,25
56281571539434,15:38:01.571,89.9100,7
56281574861857,15:38:01.574,89.8600,35
56281580857011,15:38:01.580,89.8100,20
56288133529560,15:38:08.133,89.7700,77
56288133908672,15:38:08.133,89.7500,2
56309552275024,15:38:29.552,89.7000,20
56327579827625,15:38:47.579,89.7000,23
56327605177181,15:38:47.605,89.6500,25
56327605177181,15:38:47.605,89.6500,2
56483510148980,15:41:23.510,89.7000,4
56501682556243,15:41:41.682,89.7900,100
56568311352954,15:42:48.311,89.8000,33
56568818252942,15:42:48.818,89.8000,110
56568829094270,15:42:48.829,89.8000,7
56568840096643,15:42:48.840,89.8000,100
56572122939803,15:42:52.122,89.8000,23
56615599198262,15:43:35.599,89.8000,300
56656809251981,15:44:16.809,89.7500,100
56698272935761,15:44:58.272,89.6700,9
56698272935761,15:44:58.272,89.6600,10
56777696920725,15:46:17.696,89.7400,100
56777699772355,15:46:17.699,89.6600,300
56777699868933,15:46:17.699,89.6600,100
56845803228421,15:47:25.803,89.6700,500
56851327170450,15:47:31.327,89.6600,49
56851327170450,15:47:31.327,89.6600,5
56874913521757,15:47:54.913,89.6200,4
56874913605956,15:47:54.913,89.6200,100
56874913609787,15:47:54.913,89.6200,17
56874913615530,15:47:54.913,89.6200,79
56900262443350,15:48:20.262,89.6100,99
56900262452620,15:48:20.262,89.6100,201
56917773114336,15:48:37.773,89.6000,20
56917773471610,15:48:37.773,89.5900,17
56919558931818,15:48:39.558,89.5700,48
56919558984829,15:48:39.558,89.5700,16
56926977028501,15:48:46.977,89.5300,15
56963456242892,15:49:23.456,89.5300,4
56965262732345,15:49:25.262,89.5200,300
56965262732345,15:49:25.262,89.5200,100
56984412266816,15:49:44.412,89.6000,23
56984412277673,15:49:44.412,89.6000,77
56984412291363,15:49:44.412,89.6000,77
56990269748027,15:49:50.269,89.5800,7
57097431102210,15:51:37.431,89.6900,100
57097431205215,15:51:37.431,89.6500,79
57097431244768,15:51:37.431,89.6500,21
57104752006911,15:51:44.752,89.6500,21
57104752218349,15:51:44.752,89.6500,58
57104752218349,15:51:44.752,89.6500,21
57128415556944,15:52:08.415,89.7800,100
57129629742386,15:52:09.629,89.6500,10
57148872701668,15:52:28.872,89.7000,100
57202828286442,15:53:22.828,89.8000,4
57304256375591,15:55:04.256,89.6900,30
57304262907335,15:55:04.262,89.6700,22
57375651563117,15:56:15.651,89.5100,100
57375651898451,15:56:15.651,89.6100,10
57417675400578,15:56:57.675,89.5700,10
57417693653691,15:56:57.693,89.5500,50
57463252494404,15:57:43.252,89.5200,100
57471092068290,15:57:51.092,89.5000,30
57471092068290,15:57:51.092,89.5000,50
57471092068290,15:57:51.092,89.5000,30
57471092068290,15:57:51.092,89.5000,4
57471093151140,15:57:51.093,89.5000,10
57484897913761,15:58:04.897,89.5000,100
57491162594922,15:58:11.162,89.5100,100
57583146890758,15:59:43.146,89.5000,50
57583853761289,15:59:43.853,89.5300,630
57583853761289,15:59:43.853,89.5300,56
57590000324878,15:59:50.000,89.5800,100
57599214589598,15:59:59.214,89.4000,3
57600522490222,16:00:00.522,0.0000,0
57612833312928,16:00:12.833,89.6100,13
57618108738108,16:00:18.108,89.5800,8
57677991423288,16:01:17.991,89.6800,1
57716730551182,16:01:56.730,89.3800,1
57716730551182,16:01:56.730,89.3700,1
58297783045115,16:11:37.783,89.5300,10
58493532890974,16:14:53.532,89.1100,10
58507895833376,16:15:07.895,89.1000,24
58567366081016,16:16:07.366,89.0000,4
58567366081016,16:16:07.366,89.0000,20
58567366081016,16:16:07.366,89.0000,23
58773456423959,16:19:33.456,89.5000,39
58870029417307,16:21:10.029,89.4100,26
59622360200968,16:33:42.360,88.6100,200
59787348627439,16:36:27.348,88.9000,7
60420606638516,16:47:00.606,89.0400,100
60493094012286,16:48:13.094,89.0000,2
60493100894207,16:48:13.100,88.9000,50
60590187624193,16:49:50.187,88.8800,54
60590188622010,16:49:50.188,88.8000,50
60798834772120,16:53:18.834,89.3500,50
61535471621611,17:05:35.471,89.4200,6
61699043088596,17:08:19.043,89.0500,10
62119000296598,17:15:19.000,89.2300,1
62346926502762,17:19:06.926,89.0400,15
62346926502762,17:19:06.926,89.0400,20
62417528540061,17:20:17.528,89.2500,2
62478592853271,17:21:18.592,89.2400,12
62677735503659,17:24:37.735,89.0500,40
62852037577328,17:27:32.037,89.0400,107
62983383778681,17:29:43.383,89.0400,3
63052547061232,17:30:52.547,89.0400,10
63896821552845,17:44:56.821,89.1000,4
63896821552845,17:44:56.821,89.0500,26
64418406447381,17:53:38.406,89.1000,3
64418407114094,17:53:38.407,89.0500,209
64629368838192,17:57:09.368,89.1000,100
64669057522379,17:57:49.057,89.1000,100
64669083735724,17:57:49.083,89.1000,100
64682294180636,17:58:02.294,89.1000,100
64682294803514,17:58:02.294,89.1000,100
64759657292375,17:59:19.657,89.5900,10
64774052830392,17:59:34.052,89.1000,200
64790875588033,17:59:50.875,89.1000,100
64796063044436,17:59:56.063,89.1000,56
65965611610051,18:19:25.611,88.5100,200
65965611610051,18:19:25.611,88.5000,200
65999244440771,18:19:59.244,88.3900,400
66002583289561,18:20:02.583,88.3900,600
66002583289561,18:20:02.583,88.3900,100
66002583289561,18:20:02.583,88.3900,100
68846918826883,19:07:26.918,88.6000,3
70739803324104,19:38:59.803,88.5300,500
70746817786217,19:39:06.817,88.7900,200
