timestamp,time,price,volume
34200287976204,09:30:00.287,0.0000,0
34366305171816,09:32:46.305,13.7000,100
34403014316843,09:33:23.014,13.7000,24
34403014345016,09:33:23.014,13.7000,76
34403014345016,09:33:23.014,13.7000,100
34466793412243,09:34:26.793,13.6100,100
34570537776527,09:36:10.537,13.5900,100
34621431584606,09:37:01.431,13.6100,100
34621431584606,09:37:01.431,13.6100,100
34621431721319,09:37:01.431,13.6100,100
34621431932020,09:37:01.431,13.6100,100
34621431947751,09:37:01.431,13.6100,100
34621432046802,09:37:01.432,13.6100,100
34621432074379,09:37:01.432,13.6100,100
34621432113597,09:37:01.432,13.6100,100
34621439842626,09:37:01.439,13.6400,100
34621440682574,09:37:01.440,13.6200,100
34621443675811,09:37:01.443,13.6400,100
34621458080865,09:37:01.458,13.6600,100
34621458080865,09:37:01.458,13.6600,34
34621458093072,09:37:01.458,13.6600,66
34656703491001,09:37:36.703,13.7100,1
34855446202848,09:40:55.446,13.6900,100
34855446492109,09:40:55.446,13.6900,100
34855446570507,09:40:55.446,13.6900,100
34855446585268,09:40:55.446,13.6900,2
34855449851529,09:40:55.449,13.6900,100
34855450019636,09:40:55.450,13.6900,100
34855450019636,09:40:55.450,13.6900,200
34855450228256,09:40:55.450,13.6900,100
34855454745475,09:40:55.454,13.6900,100
34883143785930,09:41:23.143,13.6500,100
34883144013391,09:41:23.144,13.6500,100
34883146156723,09:41:23.146,13.6500,100
34892879611504,09:41:32.879,13.6500,100
34892879611504,09:41:32.879,13.6500,100
34918070506975,09:41:58.070,13.6400,100
34919178384420,09:41:59.178,13.6600,200
34921359121313,09:42:01.359,13.6400,100
34921359121313,09:42:01.359,13.6300,200
34921364891663,09:42:01.364,13.6300,100
34933671997728,09:42:13.671,13.6500,189
34986761575932,09:43:06.761,13.6900,2
35082267674666,09:44:42.267,13.6500,100
35513476425956,09:51:53.476,13.6600,100
35604255574575,09:53:24.255,13.6800,1
35758374675341,09:55:58.374,13.6500,300
35768880422660,09:56:08.880,13.6400,200
35779705704317,09:56:19.705,13.6300,100
36015879444378,10:00:15.879,13.6300,100
36015879444378,10:00:15.879,13.6300,200
36015880256824,10:00:15.880,13.6300,300
36316054195750,10:05:16.054,13.6500,100
36317122376693,10:05:17.122,13.6650,100
36317122376693,10:05:17.122,13.6600,100
36317122376693,10:05:17.122,13.6600,100
36317122376693,10:05:17.122,13.6600,100
36317122407555,10:05:17.122,13.6600,100
36317122439295,10:05:17.122,13.6600,100
36317122464737,10:05:17.122,13.6600,100
36317123245298,10:05:17.123,13.6600,100
36364229305569,10:06:04.229,13.6500,100
36364240249732,10:06:04.240,13.6600,100
36489258140950,10:08:09.258,13.6600,100
36489258140950,10:08:09.258,13.6600,28
36489259005236,10:08:09.259,13.6600,72
36489259005236,10:08:09.259,13.6600,28
36489259057534,10:08:09.259,13.6600,72
36571177223495,10:09:31.177,13.6600,99
36579169320674,10:09:39.169,13.6700,200
36586849035891,10:09:46.849,13.6800,100
36586851694209,10:09:46.851,13.6900,100
36586851694209,10:09:46.851,13.6900,100
36586851723623,10:09:46.851,13.6900,1
36586851724253,10:09:46.851,13.6900,100
36586851746003,10:09:46.851,13.6900,99
36589940630066,10:09:49.940,13.7000,100
36647886262113,10:10:47.886,13.7300,100
36648348542740,10:10:48.348,13.7300,1
36648348542740,10:10:48.348,13.7300,51
36648385118717,10:10:48.385,13.7300,49
36648385118717,10:10:48.385,13.7300,100
36802321484873,10:13:22.321,13.7400,26
36845675614617,10:14:05.675,13.7300,1
36845675961366,10:14:05.675,13.7300,99
36845675961366,10:14:05.675,13.7300,1
36857032877209,10:14:17.032,13.7300,100
36857032877209,10:14:17.032,13.7300,100
36857032877209,10:14:17.032,13.7300,100
36857032877209,10:14:17.032,13.7300,100
36857032877209,10:14:17.032,13.7300,100
36857035212740,10:14:17.035,13.7300,100
36857035212740,10:14:17.035,13.7300,100
36857320821814,10:14:17.320,13.7400,100
36943332140415,10:15:43.332,13.7200,100
36943338439227,10:15:43.338,13.7300,100
36964579315907,10:16:04.579,13.7400,100
36964579548176,10:16:04.579,13.7400,200
36987489747741,10:16:27.489,13.7600,100
37064621092400,10:17:44.621,13.7800,100
37064621452907,10:17:44.621,13.7800,100
37064624729316,10:17:44.624,13.7800,100
37069180318523,10:17:49.180,13.7900,435
37069180388345,10:17:49.180,13.7900,335
37069180421272,10:17:49.180,13.7900,330
37069180421272,10:17:49.180,13.7800,5
37069180729489,10:17:49.180,13.7800,95
37069180729489,10:17:49.180,13.7800,100
37069180729489,10:17:49.180,13.7800,2
37069180809376,10:17:49.180,13.7800,33
37069180809376,10:17:49.180,13.7800,80
37069180860289,10:17:49.180,13.7800,20
37075437384369,10:17:55.437,13.7750,300
37075437571651,10:17:55.437,13.7750,300
37075439007738,10:17:55.439,13.7700,100
37075439007738,10:17:55.439,13.7700,100
37075439007738,10:17:55.439,13.7700,100
37077627573170,10:17:57.627,13.7600,100
37094785436330,10:18:14.785,13.7400,100
37168219540053,10:19:28.219,13.7400,50
37171269119121,10:19:31.269,13.7400,100
37178145786654,10:19:38.145,13.7600,200
37398434578453,10:23:18.434,13.7900,100
37398434578453,10:23:18.434,13.7900,200
37398434578453,10:23:18.434,13.7900,61
37398434688754,10:23:18.434,13.7900,261
37494320500297,10:24:54.320,13.7900,100
37671304349185,10:27:51.304,13.8000,100
37671304349185,10:27:51.304,13.8000,100
37671304349185,10:27:51.304,13.8000,100
37671304672098,10:27:51.304,13.8000,1
37681318405600,10:28:01.318,13.8200,100
37681318405600,10:28:01.318,13.8200,1
37681318405600,10:28:01.318,13.8200,100
37681318405600,10:28:01.318,13.8200,100
37691618461169,10:28:11.618,13.8200,58
37691620318276,10:28:11.620,13.8100,100
37694574490505,10:28:14.574,13.8200,2
37702286056044,10:28:22.286,13.8000,100
37724092318827,10:28:44.092,13.8100,100
37724093543966,10:28:44.093,13.8000,100
37724093543966,10:28:44.093,13.8000,68
37724093548945,10:28:44.093,13.8000,32
37732241710130,10:28:52.241,13.7900,100
37732242093117,10:28:52.242,13.7900,100
37732242416225,10:28:52.242,13.7900,100
37732242846798,10:28:52.242,13.7900,100
37732243265747,10:28:52.243,13.7900,100
37732249536188,10:28:52.249,13.7900,100
37732249536188,10:28:52.249,13.7900,100
37732249991962,10:28:52.249,13.7900,100
37742100493276,10:29:02.100,13.7900,139
37742100500356,10:29:02.100,13.7900,61
37742100500356,10:29:02.100,13.7900,100
37945022197862,10:32:25.022,13.8000,100
37945022197862,10:32:25.022,13.8000,100
37997748111446,10:33:17.748,13.8200,2
38121829658620,10:35:21.829,13.8200,98
38121829658620,10:35:21.829,13.8200,100
38123883542229,10:35:23.883,13.8300,68
38123883542229,10:35:23.883,13.8300,100
38123884165842,10:35:23.884,13.8300,100
38123884532382,10:35:23.884,13.8300,100
38123884909541,10:35:23.884,13.8300,39
38123884909541,10:35:23.884,13.8300,61
38244223563704,10:37:24.223,13.8400,100
38244223563704,10:37:24.223,13.8400,100
38244224877006,10:37:24.224,13.8400,100
38300509445660,10:38:20.509,13.8200,100
38300509445660,10:38:20.509,13.8200,100
38320021167006,10:38:40.021,13.8300,100
38323169726799,10:38:43.169,13.8300,75
38338019486709,10:38:58.019,13.8300,100
38367598975345,10:39:27.598,13.8200,100
38367598975345,10:39:27.598,13.8200,100
38542464460850,10:42:22.464,13.8000,200
38600153616345,10:43:20.153,13.8100,2
38604393299259,10:43:24.393,13.8100,98
38604393299259,10:43:24.393,13.8100,200
38609215616528,10:43:29.215,13.8200,57
38609216326884,10:43:29.216,13.8200,43
38609216326884,10:43:29.216,13.8200,100
38725892974240,10:45:25.892,13.8100,15
38730148191832,10:45:30.148,13.8000,85
38749859299235,10:45:49.859,13.8100,200
38749859299235,10:45:49.859,13.8100,100
38749859299235,10:45:49.859,13.8100,100
38757732302340,10:45:57.732,13.8200,100
38757732302340,10:45:57.732,13.8200,20
38763723947208,10:46:03.723,13.8500,100
38773390395713,10:46:13.390,13.8600,82
38822160549901,10:47:02.160,13.8400,100
38871144648916,10:47:51.144,13.8200,64
38872264166626,10:47:52.264,13.8200,36
38872264166626,10:47:52.264,13.8200,64
38883934057448,10:48:03.934,13.8200,100
38903469673189,10:48:23.469,13.8200,100
38903469673189,10:48:23.469,13.8200,100
39020277545022,10:50:20.277,13.8000,38
39031232066584,10:50:31.232,13.8100,80
39181450596413,10:53:01.450,13.8000,2
39321666351311,10:55:21.666,13.8000,100
39321666351311,10:55:21.666,13.8000,19
39321666466337,10:55:21.666,13.8000,81
39321666466337,10:55:21.666,13.8000,53
39321666466337,10:55:21.666,13.8000,100
39321666466337,10:55:21.666,13.8000,19
39321666485149,10:55:21.666,13.8000,81
39321670496876,10:55:21.670,13.8000,100
39321695391469,10:55:21.695,13.8000,100
39337383690469,10:55:37.383,13.8000,29
39337383708956,10:55:37.383,13.8000,71
39428986110215,10:57:08.986,13.8100,20
39494880790010,10:58:14.880,13.8200,1
39667945968127,11:01:07.945,13.8200,99
39667945968127,11:01:07.945,13.8200,100
39667945968127,11:01:07.945,13.8200,100
39667945968127,11:01:07.945,13.8200,100
39667945968127,11:01:07.945,13.8200,20
39668003028574,11:01:08.003,13.8300,3
39670323087024,11:01:10.323,13.8300,97
39670323087024,11:01:10.323,13.8300,200
39670323087024,11:01:10.323,13.8300,200
39673473439466,11:01:13.473,13.8300,100
39674285495697,11:01:14.285,13.8300,8
39718019699235,11:01:58.019,13.8400,100
39784869806393,11:03:04.869,13.8600,2
39897275447512,11:04:57.275,13.8500,100
39897275447512,11:04:57.275,13.8500,54
39897275447512,11:04:57.275,13.8500,18
39897275711602,11:04:57.275,13.8500,100
39898093864478,11:04:58.093,13.8500,100
39898096055863,11:04:58.096,13.8400,14
39899019930986,11:04:59.019,13.8300,100
39899019930986,11:04:59.019,13.8300,100
39899020243967,11:04:59.020,13.8200,23
39920159870880,11:05:20.159,13.8100,16
39937358039882,11:05:37.358,13.8100,100
39937358380179,11:05:37.358,13.8100,25
39937358389388,11:05:37.358,13.8100,75
39937359672732,11:05:37.359,13.8100,100
40091517283541,11:08:11.517,13.8100,2
40097749109590,11:08:17.749,13.7900,48
40097749109590,11:08:17.749,13.7900,52
40097756591941,11:08:17.756,13.7900,100
40097756591941,11:08:17.756,13.7900,100
40107263496969,11:08:27.263,13.7900,100
40176248522928,11:09:36.248,13.7900,100
40236707299381,11:10:36.707,13.7900,100
40236707299381,11:10:36.707,13.7900,200
40287786953370,11:11:27.786,13.7800,100
40292053483162,11:11:32.053,13.7900,56
40292053507250,11:11:32.053,13.7900,44
40339132693446,11:12:19.132,13.7800,65
40339132693446,11:12:19.132,13.7800,35
40403062090402,11:13:23.062,13.8000,2
40541656976469,11:15:41.656,13.8000,98
40541656976469,11:15:41.656,13.8000,2
40541657034186,11:15:41.657,13.8000,100
40541657660088,11:15:41.657,13.8000,98
40541657660088,11:15:41.657,13.8000,200
40542426902752,11:15:42.426,13.8200,100
40544006745169,11:15:44.006,13.8100,100
40544006745169,11:15:44.006,13.8100,1
40706278155913,11:18:26.278,13.8000,2
40785553760532,11:19:45.553,13.7800,100
40910906609846,11:21:50.906,13.7800,100
40933543853114,11:22:13.543,13.7900,100
40933543853114,11:22:13.543,13.7900,100
40938664466354,11:22:18.664,13.7900,100
40938664466354,11:22:18.664,13.7900,100
40938664466354,11:22:18.664,13.7900,100
40938664466354,11:22:18.664,13.7900,100
40938666419199,11:22:18.666,13.7900,100
40999368774391,11:23:19.368,13.8000,1
41008285112864,11:23:28.285,13.7900,100
41148556616012,11:25:48.556,13.7900,8
41148556638503,11:25:48.556,13.7900,92
41148556950615,11:25:48.556,13.7900,100
41148557349222,11:25:48.557,13.7900,81
41148564626962,11:25:48.564,13.7900,100
41148564626962,11:25:48.564,13.7900,100
41148565761150,11:25:48.565,13.7900,100
41148981973169,11:25:48.981,13.7900,76
41265286755664,11:27:45.286,13.7900,100
41271939156692,11:27:51.939,13.7900,21
41291149692825,11:28:11.149,13.8000,2
41452581504558,11:30:52.581,13.8000,200
41452581504558,11:30:52.581,13.8000,56
41452581817703,11:30:52.581,13.8000,38
41452581817703,11:30:52.581,13.8000,300
41453640295799,11:30:53.640,13.8000,20
41455014961098,11:30:55.014,13.8000,100
41612845550979,11:33:32.845,13.8100,2
41736180482486,11:35:36.180,13.8000,100
41736180482486,11:35:36.180,13.8000,100
41736184904805,11:35:36.184,13.8000,100
41736189408150,11:35:36.189,13.8000,100
41854247834911,11:37:34.247,13.8000,76
41854247856540,11:37:34.247,13.8000,15
41854247862645,11:37:34.247,13.8000,9
41854254033258,11:37:34.254,13.8000,80
41856910102045,11:37:36.910,13.8000,100
41856910102045,11:37:36.910,13.8000,100
41856910102045,11:37:36.910,13.8000,100
41856910102045,11:37:36.910,13.8000,100
41856910102045,11:37:36.910,13.8000,100
41856911092084,11:37:36.911,13.8100,100
41856911615754,11:37:36.911,13.8100,200
41856911615754,11:37:36.911,13.8100,100
41856911615754,11:37:36.911,13.8100,200
41856911615754,11:37:36.911,13.8100,100
41856911615754,11:37:36.911,13.8100,100
41856919742688,11:37:36.919,13.8100,100
41920917402824,11:38:40.917,13.8100,2
41950005024497,11:39:10.005,13.8000,2
41950005024497,11:39:10.005,13.8000,43
41950057043638,11:39:10.057,13.8000,100
41950078395498,11:39:10.078,13.8000,100
41950078395498,11:39:10.078,13.8000,100
42131258980922,11:42:11.258,13.8100,200
42131259035808,11:42:11.259,13.8100,99
42131259056867,11:42:11.259,13.8100,101
42131259056867,11:42:11.259,13.8100,100
42131259056867,11:42:11.259,13.8100,76
42131259668881,11:42:11.259,13.8100,124
42131259668881,11:42:11.259,13.8100,76
42131259757085,11:42:11.259,13.8100,124
42193303346839,11:43:13.303,13.8200,1
42373216611627,11:46:13.216,13.8150,100
42373216611627,11:46:13.216,13.8100,100
42373216611627,11:46:13.216,13.8100,100
42373216943960,11:46:13.216,13.8100,100
42373227401299,11:46:13.227,13.8000,100
42373227401299,11:46:13.227,13.8000,200
42373229138050,11:46:13.229,13.8000,100
42373234304761,11:46:13.234,13.8000,14
42373234304761,11:46:13.234,13.8000,100
42373234304761,11:46:13.234,13.8000,100
42397016366436,11:46:37.016,13.8000,100
42397016366436,11:46:37.016,13.8000,100
42397016366436,11:46:37.016,13.8000,180
42397017187810,11:46:37.017,13.8000,20
42397017342309,11:46:37.017,13.8000,80
42397017342309,11:46:37.017,13.8000,100
42397017723986,11:46:37.017,13.8050,100
42491075641001,11:48:11.075,13.8000,2
42503962943795,11:48:23.962,13.8000,398
42503962943795,11:48:23.962,13.8000,100
42503962943795,11:48:23.962,13.8000,200
42503962943795,11:48:23.962,13.8000,100
42515602097116,11:48:35.602,13.8100,72
42526961854820,11:48:46.961,13.8100,21
42588020170283,11:49:48.020,13.8100,7
42588020170283,11:49:48.020,13.8100,393
42588020259635,11:49:48.020,13.8100,7
42588020259635,11:49:48.020,13.8100,93
42588020400098,11:49:48.020,13.8100,163
42588020400719,11:49:48.020,13.8100,10
42588020773180,11:49:48.020,13.8100,134
42692065915160,11:51:32.065,13.8100,16
42692065915160,11:51:32.065,13.8100,6
42692065915160,11:51:32.065,13.8100,100
42692065915160,11:51:32.065,13.8100,300
42692066000972,11:51:32.066,13.8100,100
42703779231113,11:51:43.779,13.8000,100
42703779231113,11:51:43.779,13.8000,100
42719336171631,11:51:59.336,13.8000,100
42728008683788,11:52:08.008,13.7900,100
42774215842246,11:52:54.215,13.7900,59
42793100898609,11:53:13.100,13.7900,100
42793109672336,11:53:13.109,13.7900,100
42793109672336,11:53:13.109,13.7900,100
42807688774758,11:53:27.688,13.8000,2
42886714353007,11:54:46.714,13.8000,98
42886714353007,11:54:46.714,13.8000,100
42886714353007,11:54:46.714,13.8000,100
42886714353007,11:54:46.714,13.8000,200
42886716580547,11:54:46.716,13.8100,300
42886716580547,11:54:46.716,13.8100,100
42886716580547,11:54:46.716,13.8100,100
42903118330837,11:55:03.118,13.8200,400
42905653224880,11:55:05.653,13.8300,100
42905653224880,11:55:05.653,13.8300,1
42905653224880,11:55:05.653,13.8300,400
42925391282824,11:55:25.391,13.8300,200
42925391282824,11:55:25.391,13.8300,216
42925391282824,11:55:25.391,13.8300,100
42925391282824,11:55:25.391,13.8300,20
42925391282824,11:55:25.391,13.8300,100
42925391282824,11:55:25.391,13.8300,100
43002445864703,11:56:42.445,13.8300,100
43002445864703,11:56:42.445,13.8300,100
43002445864703,11:56:42.445,13.8300,100
43002446484162,11:56:42.446,13.8300,100
43002446484162,11:56:42.446,13.8300,253
43004087299852,11:56:44.087,13.8300,400
43004087299852,11:56:44.087,13.8300,200
43004087299852,11:56:44.087,13.8300,400
43069838068059,11:57:49.838,13.8300,300
43069838193973,11:57:49.838,13.8300,200
43069838193973,11:57:49.838,13.8300,100
43069838193973,11:57:49.838,13.8300,18
43069838193973,11:57:49.838,13.8300,82
43096056253048,11:58:16.056,13.8400,2
43096056279117,11:58:16.056,13.8400,98
43096056279117,11:58:16.056,13.8400,100
43096056279117,11:58:16.056,13.8400,1
43205786717272,12:00:05.786,13.8500,100
43205786717272,12:00:05.786,13.8500,200
43205786756943,12:00:05.786,13.8500,100
43245879120648,12:00:45.879,13.8550,20
43373048526050,12:02:53.048,13.8600,300
43383421698207,12:03:03.421,13.8700,1
43420393285218,12:03:40.393,13.8700,100
43459469361969,12:04:19.469,13.8700,99
43459469361969,12:04:19.469,13.8700,1
43461371509351,12:04:21.371,13.8700,90
43464185373418,12:04:24.185,13.8700,100
43464185559739,12:04:24.185,13.8700,9
43464930667471,12:04:24.930,13.8800,100
43514892932358,12:05:14.892,13.8800,10
43514892932358,12:05:14.892,13.8800,100
43698657723120,12:08:18.657,13.8800,2
43703939998840,12:08:23.939,13.8800,100
43703940077502,12:08:23.940,13.8800,98
43703940077502,12:08:23.940,13.8800,2
43820149278342,12:10:20.149,13.8800,99
43867990350106,12:11:07.990,13.8800,199
43867990350106,12:11:07.990,13.8800,400
43867990350106,12:11:07.990,13.8800,120
43867990512962,12:11:07.990,13.8800,80
43867990512962,12:11:07.990,13.8800,20
43867990583696,12:11:07.990,13.8800,145
43867990665995,12:11:07.990,13.8800,35
43868004917977,12:11:08.004,13.8800,100
43868004917977,12:11:08.004,13.8800,14
43868269278440,12:11:08.269,13.8800,100
43869895207675,12:11:09.895,13.8800,100
43999643635770,12:13:19.643,13.8800,2
44213019669511,12:16:53.019,13.8800,98
44213019669511,12:16:53.019,13.8800,2
44213019711252,12:16:53.019,13.8800,98
44283356329639,12:18:03.356,13.8800,100
44283356329639,12:18:03.356,13.8800,363
44283356469205,12:18:03.356,13.8800,137
44296782592125,12:18:16.782,13.8700,6
44296783287736,12:18:16.783,13.8700,30
44296783287736,12:18:16.783,13.8700,70
44324835025263,12:18:44.835,13.8500,100
44396840875009,12:19:56.840,13.8400,100
44396840875009,12:19:56.840,13.8400,1
44407615373212,12:20:07.615,13.8300,100
44530130347544,12:22:10.130,13.8250,100
44562409874045,12:22:42.409,13.8300,200
44562409874045,12:22:42.409,13.8300,132
44562410028035,12:22:42.410,13.8300,68
44562410028035,12:22:42.410,13.8300,32
44562410086365,12:22:42.410,13.8300,62
44562410086365,12:22:42.410,13.8300,38
44562410462157,12:22:42.410,13.8300,162
44565781931044,12:22:45.781,13.8300,20
44584946240046,12:23:04.946,13.8400,100
44594783423399,12:23:14.783,13.8500,100
44601033576029,12:23:21.033,13.8500,100
44610419305054,12:23:30.419,13.8500,2
44622286821292,12:23:42.286,13.8500,10
44626525069818,12:23:46.525,13.8400,100
44636107389810,12:23:56.107,13.8400,100
44689141583618,12:24:49.141,13.8300,100
44691629996662,12:24:51.629,13.8250,200
44691631387574,12:24:51.631,13.8250,200
44691631570198,12:24:51.631,13.8250,100
44691631570198,12:24:51.631,13.8200,100
44713144820829,12:25:13.144,13.8300,1
44874715838562,12:27:54.715,13.8300,1
44901211671039,12:28:21.211,13.8250,300
44901212296308,12:28:21.212,13.8200,90
44901212914008,12:28:21.212,13.8250,100
44901212914008,12:28:21.212,13.8200,10
44901212914008,12:28:21.212,13.8200,100
44901213239914,12:28:21.213,13.8200,100
44972784288316,12:29:32.784,13.8300,98
44972784288316,12:29:32.784,13.8300,2
44972784320653,12:29:32.784,13.8300,100
44972784342573,12:29:32.784,13.8300,100
44972784380907,12:29:32.784,13.8300,98
44972784380907,12:29:32.784,13.8300,2
44972784392852,12:29:32.784,13.8300,12
44972784392852,12:29:32.784,13.8300,200
44972853290482,12:29:32.853,13.8300,12
44972853290482,12:29:32.853,13.8300,1
45018782431045,12:30:18.782,13.8400,20
45018782431045,12:30:18.782,13.8400,80
45020722467281,12:30:20.722,13.8400,100
45022782800422,12:30:22.782,13.8400,100
45026783542453,12:30:26.783,13.8400,20
45026783542453,12:30:26.783,13.8400,80
45031783630738,12:30:31.783,13.8400,80
45137873355246,12:32:17.873,13.8350,100
45137873355246,12:32:17.873,13.8350,100
45137873355246,12:32:17.873,13.8300,200
45137874891710,12:32:17.874,13.8300,399
45137874891710,12:32:17.874,13.8300,100
45142425777591,12:32:22.425,13.8200,8
45212219611319,12:33:32.219,13.8200,2
45279078421389,12:34:39.078,13.8100,88
45557975774464,12:39:17.975,13.8100,100
45557975774464,12:39:17.975,13.8100,100
45557975774464,12:39:17.975,13.8100,100
45557975939246,12:39:17.975,13.8100,300
45557982802438,12:39:17.982,13.8000,100
45557985256843,12:39:17.985,13.8000,100
45557986685350,12:39:17.986,13.8000,100
45557986685350,12:39:17.986,13.8000,100
45557993567476,12:39:17.993,13.8000,100
45558023330154,12:39:18.023,13.8000,100
45570784115409,12:39:30.784,13.8000,100
45570784115409,12:39:30.784,13.8000,100
45570784115409,12:39:30.784,13.8000,100
45570784432357,12:39:30.784,13.8000,100
45570784432357,12:39:30.784,13.8000,100
45570784459672,12:39:30.784,13.8000,100
45570784576385,12:39:30.784,13.8000,100
45570784576385,12:39:30.784,13.8000,100
45570784587277,12:39:30.784,13.8000,100
45600783418008,12:40:00.783,13.8100,57
45602177424689,12:40:02.177,13.8100,200
45602584353867,12:40:02.584,13.8100,100
45603782753101,12:40:03.782,13.8100,47
45603789452758,12:40:03.789,13.8100,53
45638178624079,12:40:38.178,13.8200,100
45638178624079,12:40:38.178,13.8200,200
45686782778337,12:41:26.782,13.8300,20
45686782778337,12:41:26.782,13.8300,80
45691278021103,12:41:31.278,13.8200,65
45691278174085,12:41:31.278,13.8200,35
45691278845816,12:41:31.278,13.8200,100
45735548058881,12:42:15.548,13.8200,100
45735549546119,12:42:15.549,13.8200,11
45735549546119,12:42:15.549,13.8200,100
45735560103327,12:42:15.560,13.8200,100
45799891968470,12:43:19.891,13.8300,2
45844035527979,12:44:04.035,13.8200,100
45844035687821,12:44:04.035,13.8200,85
45844035691352,12:44:04.035,13.8200,17
45844035832995,12:44:04.035,13.8200,100
45844036850108,12:44:04.036,13.8200,100
45844044054068,12:44:04.044,13.8200,100
45844053271730,12:44:04.053,13.8200,100
45844053271730,12:44:04.053,13.8200,12
45844053271730,12:44:04.053,13.8200,100
45844053271730,12:44:04.053,13.8200,100
45844053271730,12:44:04.053,13.8200,188
45844055089587,12:44:04.055,13.8200,100
45844172399522,12:44:04.172,13.8200,12
45844172399522,12:44:04.172,13.8200,88
45962784328010,12:46:02.784,13.8300,18
45962784328010,12:46:02.784,13.8300,100
45962784328010,12:46:02.784,13.8300,200
45962784328010,12:46:02.784,13.8300,200
45962784335960,12:46:02.784,13.8300,200
45962785240372,12:46:02.785,13.8400,20
45962785240372,12:46:02.785,13.8400,100
45962785240372,12:46:02.785,13.8400,80
46091784053985,12:48:11.784,13.8500,100
46091784053985,12:48:11.784,13.8500,109
46091784075763,12:48:11.784,13.8500,91
46095314960207,12:48:15.314,13.8600,1
46139793394493,12:48:59.793,13.8500,100
46139793394493,12:48:59.793,13.8500,100
46172799791270,12:49:32.799,13.8350,100
46172799791270,12:49:32.799,13.8300,76
46383915358243,12:53:03.915,13.8300,2
46418782736163,12:53:38.782,13.8300,99
46423789942313,12:53:43.789,13.8300,100
46500985411341,12:55:00.985,13.8200,100
46500985411341,12:55:00.985,13.8200,100
46500985411341,12:55:00.985,13.8200,23
46500985488046,12:55:00.985,13.8200,223
46500985555177,12:55:00.985,13.8200,96
46500985563761,12:55:00.985,13.8200,88
46500985565265,12:55:00.985,13.8200,223
46500985565804,12:55:00.985,13.8200,39
46500992843192,12:55:00.992,13.8200,100
46500998494250,12:55:00.998,13.8200,11
46501010712600,12:55:01.010,13.8200,100
46501038901362,12:55:01.038,13.8200,100
46501048883915,12:55:01.048,13.8200,100
46548629609017,12:55:48.629,13.8200,100
46690287459269,12:58:10.287,13.8300,2
46935783087422,13:02:15.783,13.8300,98
46935783087422,13:02:15.783,13.8300,300
46935783087422,13:02:15.783,13.8300,200
46935783087422,13:02:15.783,13.8300,100
46935783246183,13:02:15.783,13.8300,100
46935783246183,13:02:15.783,13.8300,100
46935783274972,13:02:15.783,13.8300,100
46935783879335,13:02:15.783,13.8400,100
46935783879335,13:02:15.783,13.8400,20
46937780500602,13:02:17.780,13.8400,100
46995436619196,13:03:15.436,13.8400,2
47162783663759,13:06:02.783,13.8400,100
47162783985258,13:06:02.783,13.8400,98
47169324145040,13:06:09.324,13.8400,100
47183084255892,13:06:23.084,13.8400,100
47184783084734,13:06:24.783,13.8400,100
47189782540377,13:06:29.782,13.8400,100
47194782781690,13:06:34.782,13.8400,2
47210659195304,13:06:50.659,13.8500,100
47217148445773,13:06:57.148,13.8500,20
47217148445773,13:06:57.148,13.8500,80
47220784474657,13:07:00.784,13.8500,100
47222514900666,13:07:02.514,13.8500,100
47224783658394,13:07:04.783,13.8500,20
47270277209733,13:07:50.277,13.8400,100
47311644717265,13:08:31.644,13.8300,100
47315782714793,13:08:35.782,13.8300,100
47315784483584,13:08:35.784,13.8300,100
47340320472495,13:09:00.320,13.8400,100
47400961701622,13:10:00.961,13.8300,8
47512585089055,13:11:52.585,13.8300,100
47618380538730,13:13:38.380,13.8400,2
47625156767986,13:13:45.156,13.8300,100
47625156767986,13:13:45.156,13.8300,91
47625157957177,13:13:45.157,13.8300,28
47625185782400,13:13:45.185,13.8200,100
47625185782400,13:13:45.185,13.8200,100
47625185782400,13:13:45.185,13.8200,100
47625185782400,13:13:45.185,13.8200,100
47625185782400,13:13:45.185,13.8200,100
47625185782400,13:13:45.185,13.8200,100
47625231055047,13:13:45.231,13.8200,200
47625687586454,13:13:45.687,13.8100,100
47696251686804,13:14:56.251,13.8050,100
47768352405616,13:16:08.352,13.8000,100
47768353868236,13:16:08.353,13.8000,100
47768355208307,13:16:08.355,13.8000,11
47768355208307,13:16:08.355,13.8000,100
47768355208307,13:16:08.355,13.8000,100
47893475198589,13:18:13.475,13.8100,2
47893475237974,13:18:13.475,13.8100,198
47893475237974,13:18:13.475,13.8100,100
47893475237974,13:18:13.475,13.8100,200
47893521087228,13:18:13.521,13.8200,100
47961164103138,13:19:21.164,13.8200,100
47961164103138,13:19:21.164,13.8200,100
48118262430906,13:21:58.262,13.8000,50
48118358253784,13:21:58.358,13.8000,100
48195662090223,13:23:15.662,13.8100,2
48269783316272,13:24:29.783,13.8100,298
48269783316272,13:24:29.783,13.8100,102
48270015554633,13:24:30.015,13.8100,62
48271015054703,13:24:31.015,13.8100,38
48488379680367,13:28:08.379,13.8300,2
48488549605945,13:28:08.549,13.8100,17
48488556348888,13:28:08.556,13.8100,83
48488688319525,13:28:08.688,13.8100,100
48497033963894,13:28:17.033,13.8200,100
48497033990583,13:28:17.033,13.8200,100
48497100327972,13:28:17.100,13.8200,100
48497173274569,13:28:17.173,13.8200,100
48497783530011,13:28:17.783,13.8200,100
48541783577725,13:29:01.783,13.8200,100
48596022925868,13:29:56.022,13.8200,100
48668644844810,13:31:08.644,13.8300,76
48668645073314,13:31:08.645,13.8300,22
48669782590672,13:31:09.782,13.8300,5
48754140457518,13:32:34.140,13.8400,100
48795833446685,13:33:15.833,13.8500,1
48915237786696,13:35:15.237,13.8400,24
48915246742421,13:35:15.246,13.8300,100
48915250210988,13:35:15.250,13.8300,100
48915351447773,13:35:15.351,13.8300,100
48915353029575,13:35:15.353,13.8300,100
48934782972938,13:35:34.782,13.8400,100
48948418015709,13:35:48.418,13.8350,100
48969132319650,13:36:09.132,13.8300,100
49078996856263,13:37:58.996,13.8300,2
49276328629658,13:41:16.328,13.8200,100
49344998690929,13:42:24.998,13.8200,100
49345015933935,13:42:25.015,13.8200,100
49345096410735,13:42:25.096,13.8200,100
49345122325212,13:42:25.122,13.8200,200
49347962481855,13:42:27.962,13.8200,100
49388783445958,13:43:08.783,13.8300,100
49388783502532,13:43:08.783,13.8300,95
49388783502532,13:43:08.783,13.8300,5
49388783863470,13:43:08.783,13.8300,15
49388783863470,13:43:08.783,13.8300,300
49388783863470,13:43:08.783,13.8300,200
49390085836219,13:43:10.085,13.8300,100
49390085836219,13:43:10.085,13.8300,100
49399849829401,13:43:19.849,13.8400,2
49590782827665,13:46:30.782,13.8300,100
49651326593595,13:47:31.326,13.8250,37
49651326593595,13:47:31.326,13.8200,100
49651326593595,13:47:31.326,13.8200,100
49651326593595,13:47:31.326,13.8200,63
49651326697324,13:47:31.326,13.8200,37
49856759831256,13:50:56.759,13.8200,100
49856769355757,13:50:56.769,13.8200,100
49930270878002,13:52:10.270,13.8200,100
49930271205225,13:52:10.271,13.8200,93
49930271205225,13:52:10.271,13.8100,7
49930271498236,13:52:10.271,13.8100,93
49930271533541,13:52:10.271,13.8100,93
49930272168881,13:52:10.272,13.8100,7
49930272222065,13:52:10.272,13.8100,16
49930272222065,13:52:10.272,13.8100,84
49930272356760,13:52:10.272,13.8100,100
49930272408409,13:52:10.272,13.8100,100
49930272615423,13:52:10.272,13.8100,100
49930360220840,13:52:10.360,13.8200,100
49930426928575,13:52:10.426,13.8200,100
49930492499051,13:52:10.492,13.8200,100
49930565492432,13:52:10.565,13.8200,100
49930626150171,13:52:10.626,13.8200,100
49930710119246,13:52:10.710,13.8200,100
49930710119246,13:52:10.710,13.8200,100
49991028495275,13:53:11.028,13.8200,1
50189212625545,13:56:29.212,13.8100,100
50189213199131,13:56:29.213,13.8100,100
50189850096789,13:56:29.850,13.8100,300
50190015999269,13:56:30.015,13.8100,100
50190187542454,13:56:30.187,13.8100,300
50190554001068,13:56:30.554,13.8100,142
50190585895069,13:56:30.585,13.8100,158
50190953598672,13:56:30.953,13.8100,342
50198456465106,13:56:38.456,13.8100,58
50287464804458,13:58:07.464,13.8200,2
50288847066396,13:58:08.847,13.8200,50
50288847095990,13:58:08.847,13.8200,248
50288847095990,13:58:08.847,13.8200,100
50290783596473,13:58:10.783,13.8300,45
50290783625773,13:58:10.783,13.8300,55
50290783625773,13:58:10.783,13.8300,20
50290783625773,13:58:10.783,13.8300,100
50336703325293,13:58:56.703,13.8400,100
50336703325293,13:58:56.703,13.8400,8
50336703765305,13:58:56.703,13.8400,100
50336828416452,13:58:56.828,13.8350,100
50336828558371,13:58:56.828,13.8300,100
50336830791342,13:58:56.830,13.8300,88
50411217628975,14:00:11.217,13.8400,100
50411227158747,14:00:11.227,13.8500,100
50420783533850,14:00:20.783,13.8600,100
50423226276181,14:00:23.226,13.8600,100
50441191840899,14:00:41.191,13.8500,100
50441191840899,14:00:41.191,13.8500,100
50518295197398,14:01:58.295,13.8600,100
50522248280247,14:02:02.248,13.8900,100
50522250702535,14:02:02.250,13.9000,51
50523279708761,14:02:03.279,13.8900,100
50583716448815,14:03:03.716,13.8900,100
50583716448815,14:03:03.716,13.8900,185
50588663345231,14:03:08.663,13.8900,2
50630783971697,14:03:50.783,13.8900,98
50654783576399,14:04:14.783,13.9000,49
50654783576399,14:04:14.783,13.9000,51
50654784117297,14:04:14.784,13.9000,49
50654784117297,14:04:14.784,13.9000,100
50720022312253,14:05:20.022,13.9200,100
50753784231014,14:05:53.784,13.9200,100
50753784231014,14:05:53.784,13.9200,200
50790067123054,14:06:30.067,13.9100,100
50806888231708,14:06:46.888,13.9100,100
50806888231708,14:06:46.888,13.9100,100
50880119671659,14:08:00.119,13.9000,98
50880119688232,14:08:00.119,13.9000,2
50880119688232,14:08:00.119,13.9000,300
50880119688232,14:08:00.119,13.9000,98
50880119691894,14:08:00.119,13.9000,2
50881156434146,14:08:01.156,13.8900,100
50972268645393,14:09:32.268,13.8900,34
50972269469545,14:09:32.269,13.8900,66
50994987708167,14:09:54.987,13.8800,200
50995144808605,14:09:55.144,13.8800,100
50995144808605,14:09:55.144,13.8800,200
51018490527454,14:10:18.490,13.8800,2
51063784065410,14:11:03.784,13.8800,98
51063784065410,14:11:03.784,13.8800,100
51063784065410,14:11:03.784,13.8800,1
51063784091488,14:11:03.784,13.8800,64
51063784126595,14:11:03.784,13.8800,36
51079620969839,14:11:19.620,13.8900,100
51079621041101,14:11:19.621,13.8900,100
51121954995954,14:12:01.954,13.9050,4
51121954995954,14:12:01.954,13.9000,96
51125513876299,14:12:05.513,13.9050,22
51125513876299,14:12:05.513,13.9000,4
51125513876299,14:12:05.513,13.9000,174
51140276162729,14:12:20.276,13.9100,100
51140276605389,14:12:20.276,13.9100,5
51140276615768,14:12:20.276,13.9100,82
51140276627535,14:12:20.276,13.9100,13
51140276627535,14:12:20.276,13.9100,71
51140276654823,14:12:20.276,13.9100,29
51185417553675,14:13:05.417,13.9200,1
51193218363222,14:13:13.218,13.9100,100
51193218754478,14:13:13.218,13.9000,100
51193218754478,14:13:13.218,13.9000,100
51193219271196,14:13:13.219,13.9000,100
51284302176269,14:14:44.302,13.9100,200
51284302231733,14:14:44.302,13.9100,100
51301009780512,14:15:01.009,13.9150,100
51301009780512,14:15:01.009,13.9100,100
51301009791134,14:15:01.009,13.9100,100
51333010764255,14:15:33.010,13.9000,100
51400217307893,14:16:40.217,13.9000,29
51400217307893,14:16:40.217,13.9000,100
51400217307893,14:16:40.217,13.9000,100
51400329670334,14:16:40.329,13.9100,100
51400329695295,14:16:40.329,13.9100,32
51400329695295,14:16:40.329,13.9100,200
51400330613095,14:16:40.330,13.9200,9999
51400330613095,14:16:40.330,13.9200,60
51400847794039,14:16:40.847,13.9100,100
51433273251186,14:17:13.273,13.9100,300
51440783389449,14:17:20.783,13.9000,100
51476223467274,14:17:56.223,13.9000,100
51476225138471,14:17:56.225,13.9000,100
51526316367425,14:18:46.316,13.9000,100
51618781039852,14:20:18.781,13.9100,400
51618781039852,14:20:18.781,13.9100,100
51618781039852,14:20:18.781,13.9100,100
51618781039852,14:20:18.781,13.9100,200
51618781398970,14:20:18.781,13.9100,100
51618781415667,14:20:18.781,13.9100,100
51618781528506,14:20:18.781,13.9100,74
51618781528506,14:20:18.781,13.9100,26
51618781572767,14:20:18.781,13.9100,74
51618781572767,14:20:18.781,13.9100,6
51661021943092,14:21:01.021,13.9200,100
51661022354911,14:21:01.022,13.9200,300
51695932174749,14:21:35.932,13.9300,100
51696783637466,14:21:36.783,13.9300,100
51701782551895,14:21:41.782,13.9300,100
51733783789576,14:22:13.783,13.9400,100
51734265349552,14:22:14.265,13.9400,100
51737782974639,14:22:17.782,13.9400,20
51737782974639,14:22:17.782,13.9400,80
51740021475039,14:22:20.021,13.9400,20
51745782861492,14:22:25.782,13.9500,100
51762784075064,14:22:42.784,13.9500,100
51766783528718,14:22:46.783,13.9500,100
51766787705535,14:22:46.787,13.9500,100
51781043292270,14:23:01.043,13.9550,22
51781043292270,14:23:01.043,13.9500,678
51781043337137,14:23:01.043,13.9500,422
51781043337137,14:23:01.043,13.9500,100
51781043337137,14:23:01.043,13.9500,100
51781043656020,14:23:01.043,13.9500,100
51786817148835,14:23:06.817,13.9400,100
51792620351784,14:23:12.620,13.9500,100
51792634458250,14:23:12.634,13.9500,68
51793534313520,14:23:13.534,13.9500,100
51793534313520,14:23:13.534,13.9400,100
51793534313520,14:23:13.534,13.9400,100
51793534313520,14:23:13.534,13.9400,100
51793534313520,14:23:13.534,13.9400,100
51793534313520,14:23:13.534,13.9400,100
51793534313520,14:23:13.534,13.9400,100
51794015146086,14:23:14.015,13.9400,100
51803809326060,14:23:23.809,13.9400,64
51803809376818,14:23:23.809,13.9400,36
51816895341801,14:23:36.895,13.9600,100
51816895540344,14:23:36.895,13.9600,100
51816899385159,14:23:36.899,13.9700,100
51817518376483,14:23:37.518,13.9750,75
51817518686573,14:23:37.518,13.9750,25
51817518686573,14:23:37.518,13.9700,75
51817518704039,14:23:37.518,13.9700,25
51856727856285,14:24:16.727,13.9500,100
51884312770079,14:24:44.312,13.9400,100
51981045381114,14:26:21.045,13.9400,100
51981045857622,14:26:21.045,13.9400,100
51981045857622,14:26:21.045,13.9400,22
51981045857622,14:26:21.045,13.9400,73
51981045866631,14:26:21.045,13.9400,27
51981045866631,14:26:21.045,13.9400,55
51981045872884,14:26:21.045,13.9400,145
51983250069618,14:26:23.250,13.9300,100
51983250069618,14:26:23.250,13.9300,200
51984782254446,14:26:24.782,13.9300,100
51984782371466,14:26:24.782,13.9300,100
52023849872436,14:27:03.849,13.9200,100
52023849872436,14:27:03.849,13.9200,17
52023849885870,14:27:03.849,13.9200,83
52024054460602,14:27:04.054,13.9000,200
52025838637362,14:27:05.838,13.9100,100
52049304671026,14:27:29.304,13.9100,64
52098073923835,14:28:18.073,13.9000,92
52124079514042,14:28:44.079,13.9000,8
52124079514042,14:28:44.079,13.9000,92
52145799459777,14:29:05.799,13.9100,400
52181781970815,14:29:41.781,13.9100,100
52181781998061,14:29:41.781,13.9100,200
52181781998061,14:29:41.781,13.9100,200
52218736050912,14:30:18.736,13.9100,2
52321036905326,14:32:01.036,13.9000,63
52321037013744,14:32:01.037,13.9000,37
52321037013744,14:32:01.037,13.9000,129
52321037154819,14:32:01.037,13.9000,71
52321037154819,14:32:01.037,13.9000,29
52321037243873,14:32:01.037,13.9000,71
52321037243873,14:32:01.037,13.9000,100
52321037243873,14:32:01.037,13.9000,100
52349512020128,14:32:29.512,13.9100,100
52349512106506,14:32:29.512,13.9100,100
52359214833998,14:32:39.214,13.9100,3
52359214833998,14:32:39.214,13.9100,17
52381271969561,14:33:01.271,13.9100,83
52382229385318,14:33:02.229,13.9000,38
52382229396371,14:33:02.229,13.9000,62
52396819850285,14:33:16.819,13.8900,100
52399782879094,14:33:19.782,13.8900,100
52489265973939,14:34:49.265,13.8900,77
52497046329663,14:34:57.046,13.9000,200
52497046329663,14:34:57.046,13.9000,100
52497046329663,14:34:57.046,13.9000,100
52497050455929,14:34:57.050,13.9100,100
52560196494088,14:36:00.196,13.9100,33
52560196507325,14:36:00.196,13.9100,67
52561168956174,14:36:01.168,13.8900,100
52617301172023,14:36:57.301,13.8800,100
52617301921267,14:36:57.301,13.8800,26
52620559396005,14:37:00.559,13.8800,74
52620559433002,14:37:00.559,13.8800,100
52620559433002,14:37:00.559,13.8900,200
52620666603271,14:37:00.666,13.8900,100
52694161471884,14:38:14.161,13.9000,1
52730729866481,14:38:50.729,13.9000,99
52730729866481,14:38:50.729,13.9000,200
52749784201716,14:39:09.784,13.9200,57
52757270888255,14:39:17.270,13.9100,100
52780232993849,14:39:40.232,13.9000,300
52780232993849,14:39:40.232,13.9000,100
52816365639932,14:40:16.365,13.9000,100
52819886470312,14:40:19.886,13.9000,100
52855058362758,14:40:55.058,13.9000,100
52855058362758,14:40:55.058,13.9000,100
52960051931361,14:42:40.051,13.9100,100
52960051931361,14:42:40.051,13.9100,100
52960051981502,14:42:40.051,13.9100,26
52960056044599,14:42:40.056,13.9200,100
52960056044599,14:42:40.056,13.9200,20
52966686068915,14:42:46.686,13.9250,7
52966686111887,14:42:46.686,13.9250,7
52967020508626,14:42:47.020,13.9100,100
52967020508626,14:42:47.020,13.9100,100
52967020508626,14:42:47.020,13.9100,44
52967020508626,14:42:47.020,13.9100,56
53022501561465,14:43:42.501,13.8900,200
53022501561465,14:43:42.501,13.8900,100
53042968639092,14:44:02.968,13.8900,300
53042968639092,14:44:02.968,13.8900,40
53076080731729,14:44:36.080,13.8900,27
53190262694501,14:46:30.262,13.9000,100
53190262694501,14:46:30.262,13.9000,56
53190263089257,14:46:30.263,13.9000,144
53190263089257,14:46:30.263,13.9000,71
53190263206971,14:46:30.263,13.9000,29
53197320872556,14:46:37.320,13.9100,100
53225886941487,14:47:05.886,13.9200,44
53225886953624,14:47:05.886,13.9200,56
53225886953624,14:47:05.886,13.9200,20
53228077746664,14:47:08.077,13.9200,100
53267767916390,14:47:47.767,13.9100,9
53267767916390,14:47:47.767,13.9100,91
53267768036949,14:47:47.768,13.9100,9
53401249714479,14:50:01.249,13.9000,100
53456543444150,14:50:56.543,13.9000,100
53456543444150,14:50:56.543,13.9000,100
53456543444150,14:50:56.543,13.9000,500
53456543629787,14:50:56.543,13.9000,100
53456543744698,14:50:56.543,13.9000,100
53530672312270,14:52:10.672,13.8700,200
53530672312270,14:52:10.672,13.8700,155
53530672312270,14:52:10.672,13.8700,200
53543495254389,14:52:23.495,13.8800,200
53555969066662,14:52:35.969,13.8900,100
53588285702391,14:53:08.285,13.9000,2
53635020950059,14:53:55.020,13.9000,98
53647867631155,14:54:07.867,13.9100,50
53689807444450,14:54:49.807,13.9100,100
53689807444450,14:54:49.807,13.9100,100
53713020760580,14:55:13.020,13.9200,100
53799305477507,14:56:39.305,13.9300,100
53799305831700,14:56:39.305,13.9300,1
53799311911885,14:56:39.311,13.9300,19
53799311911885,14:56:39.311,13.9300,2
53895780065175,14:58:15.780,13.9250,1
53913351360487,14:58:33.351,13.9300,98
53913351360487,14:58:33.351,13.9300,100
53913351360487,14:58:33.351,13.9300,2
53913351439253,14:58:33.351,13.9300,98
54130599380527,15:02:10.599,13.9300,100
54130599380527,15:02:10.599,13.9300,100
54130599380527,15:02:10.599,13.9300,100
54130599380527,15:02:10.599,13.9300,39
54130599409168,15:02:10.599,13.9300,61
54131083722892,15:02:11.083,13.9200,82
54131083744760,15:02:11.083,13.9200,18
54131096599885,15:02:11.096,13.9100,100
54141677088403,15:02:21.677,13.9100,200
54195565689433,15:03:15.565,13.9000,100
54212837655978,15:03:32.837,13.8900,162
54212837655978,15:03:32.837,13.8900,138
54212837733497,15:03:32.837,13.8900,62
54492521890502,15:08:12.521,13.9000,99
54492521918114,15:08:12.521,13.9000,101
54492521918114,15:08:12.521,13.9000,200
54492521918114,15:08:12.521,13.9000,100
54493696352084,15:08:13.696,13.9100,2
54550785822975,15:09:10.785,13.9000,100
54550785822975,15:09:10.785,13.9000,100
54550785822975,15:09:10.785,13.9000,100
54550797417454,15:09:10.797,13.8900,100
54551840165575,15:09:11.840,13.8900,100
54551840339445,15:09:11.840,13.8900,200
54637689567510,15:10:37.689,13.8800,3
54637689567510,15:10:37.689,13.8800,17
54666862233654,15:11:06.862,13.8700,80
54803268630128,15:13:23.268,13.8500,8
54803268630128,15:13:23.268,13.8500,92
54803955552397,15:13:23.955,13.8600,2
54836835264912,15:13:56.835,13.8500,8
54836835264912,15:13:56.835,13.8500,92
54836835496978,15:13:56.835,13.8500,8
54924128867244,15:15:24.128,13.8500,98
54924128867244,15:15:24.128,13.8500,100
54924128867244,15:15:24.128,13.8500,300
54924128867244,15:15:24.128,13.8500,102
54924128965210,15:15:24.128,13.8500,98
54924128965210,15:15:24.128,13.8500,2
54924128992361,15:15:24.128,13.8500,98
54924128992361,15:15:24.128,13.8500,100
54924195735503,15:15:24.195,13.8600,100
54931649483507,15:15:31.649,13.8550,34
54961201264413,15:16:01.201,13.8600,300
54961220831183,15:16:01.220,13.8600,100
54961220831183,15:16:01.220,13.8600,100
54961220831183,15:16:01.220,13.8600,100
54997903586147,15:16:37.903,13.8600,6
54997903586147,15:16:37.903,13.8600,100
55058727500236,15:17:38.727,13.8500,100
55058727529771,15:17:38.727,13.8500,100
55204057655525,15:20:04.057,13.8500,200
55204057655525,15:20:04.057,13.8500,1
55204072083557,15:20:04.072,13.8600,100
55238310185934,15:20:38.310,13.8700,100
55238310185934,15:20:38.310,13.8700,100
55298477760721,15:21:38.477,13.8700,100
55298477760721,15:21:38.477,13.8700,100
55298477935601,15:21:38.477,13.8700,59
55373953264034,15:22:53.953,13.8300,300
55373982283258,15:22:53.982,13.8300,16
55376536251541,15:22:56.536,13.8400,68
55376536311299,15:22:56.536,13.8400,232
55376536722589,15:22:56.536,13.8400,100
55422014804200,15:23:42.014,13.8300,200
55443877099028,15:24:03.877,13.8300,100
55453175010737,15:24:13.175,13.8300,100
55454108210505,15:24:14.108,13.8300,23
55638237668827,15:27:18.237,13.8400,100
55676043807750,15:27:56.043,13.8500,63
55676043807750,15:27:56.043,13.8500,37
55676043899200,15:27:56.043,13.8500,163
55676043899200,15:27:56.043,13.8500,20
55791299352500,15:29:51.299,13.8700,2
55800861749349,15:30:00.861,13.8700,100
55815409601493,15:30:15.409,13.8600,200
55815409601493,15:30:15.409,13.8600,100
55817281572041,15:30:17.281,13.8500,300
55817281801045,15:30:17.281,13.8500,100
55817281801045,15:30:17.281,13.8500,100
55817281801045,15:30:17.281,13.8500,100
55817281969507,15:30:17.281,13.8500,100
55872440950583,15:31:12.440,13.8500,500
55872440950583,15:31:12.440,13.8500,200
55874514017703,15:31:14.514,13.8550,100
55917677383018,15:31:57.677,13.8600,93
55917677432601,15:31:57.677,13.8600,107
55918016353299,15:31:58.016,13.8600,100
56000660158784,15:33:20.660,13.8500,100
56000660158784,15:33:20.660,13.8500,15
56020743875037,15:33:40.743,13.8500,100
56044738638732,15:34:04.738,13.8400,100
56044738638732,15:34:04.738,13.8400,100
56044738638732,15:34:04.738,13.8400,100
56214837793482,15:36:54.837,13.8300,100
56214837793482,15:36:54.837,13.8300,200
56214837793482,15:36:54.837,13.8300,100
56214838025638,15:36:54.838,13.8300,100
56214839057018,15:36:54.839,13.8400,67
56214839263513,15:36:54.839,13.8400,33
56214839263513,15:36:54.839,13.8400,35
56214839288147,15:36:54.839,13.8400,32
56214839475541,15:36:54.839,13.8400,33
56214851626318,15:36:54.851,13.8400,100
56214851626318,15:36:54.851,13.8400,100
56283370775311,15:38:03.370,13.8300,100
56283370775311,15:38:03.370,13.8300,100
56283370775311,15:38:03.370,13.8300,93
56283371432055,15:38:03.371,13.8300,107
56283371432055,15:38:03.371,13.8300,100
56311115250637,15:38:31.115,13.8200,100
56311115250637,15:38:31.115,13.8200,86
56311115291715,15:38:31.115,13.8200,14
56311115291715,15:38:31.115,13.8200,17
56311115291715,15:38:31.115,13.8200,100
56314016296891,15:38:34.016,13.8100,100
56314016296891,15:38:34.016,13.8100,100
56314016537451,15:38:34.016,13.8100,100
56324057361761,15:38:44.057,13.7900,190
56324057437703,15:38:44.057,13.7900,110
56324234337234,15:38:44.234,13.7900,100
56361430383873,15:39:21.430,13.7900,100
56390878885197,15:39:50.878,13.7900,100
56390878885197,15:39:50.878,13.7900,100
56418001641646,15:40:18.001,13.7900,100
56418001641646,15:40:18.001,13.7900,300
56418001823992,15:40:18.001,13.7900,100
56484461167680,15:41:24.461,13.7850,100
56498859519750,15:41:38.859,13.7800,20
56731909831821,15:45:31.909,13.7900,100
56731909831821,15:45:31.909,13.7900,200
56731909831821,15:45:31.909,13.7900,100
56731909831821,15:45:31.909,13.7900,100
56731909831821,15:45:31.909,13.7900,100
56731909831821,15:45:31.909,13.7900,100
56731909831821,15:45:31.909,13.7900,104
56731909943431,15:45:31.909,13.7900,196
56735028943953,15:45:35.028,13.8100,400
56796303350857,15:46:36.303,13.8100,100
56796303350857,15:46:36.303,13.8100,100
56796303350857,15:46:36.303,13.8100,100
56796303350857,15:46:36.303,13.8100,32
56796303350857,15:46:36.303,13.8100,100
56796305321430,15:46:36.305,13.8100,100
56798641142200,15:46:38.641,13.8100,100
56857277953055,15:47:37.277,13.8100,100
56910607543228,15:48:30.607,13.8100,75
56910607543228,15:48:30.607,13.8100,100
56910608230480,15:48:30.608,13.8100,300
56910608726588,15:48:30.608,13.8100,50
56910688268005,15:48:30.688,13.8100,100
56910760744303,15:48:30.760,13.8100,300
56991379503893,15:49:51.379,13.8050,50
57044405616177,15:50:44.405,13.8050,12
57161601855505,15:52:41.601,13.8050,6
57206017272710,15:53:26.017,13.8000,100
57206017272710,15:53:26.017,13.8000,100
57206017272710,15:53:26.017,13.8000,100
57206017272710,15:53:26.017,13.8000,100
57206017272710,15:53:26.017,13.8000,200
57206019355112,15:53:26.019,13.7900,100
57206020813637,15:53:26.020,13.7900,300
57206020813637,15:53:26.020,13.7900,100
57212016953601,15:53:32.016,13.7650,100
57212016953601,15:53:32.016,13.7600,100
57212016953601,15:53:32.016,13.7600,116
57212018008254,15:53:32.018,13.7600,84
57212018008254,15:53:32.018,13.7600,16
57215015653468,15:53:35.015,13.7600,200
57215017150282,15:53:35.017,13.7600,100
57218015322100,15:53:38.015,13.7600,100
57218016949860,15:53:38.016,13.7600,300
57221015748330,15:53:41.015,13.7600,100
57230054278397,15:53:50.054,13.7600,100
57256776630781,15:54:16.776,13.7600,100
57256776630781,15:54:16.776,13.7600,100
57282034942150,15:54:42.034,13.7600,74
57282034942150,15:54:42.034,13.7600,26
57286353502068,15:54:46.353,13.7600,100
57289878762913,15:54:49.878,13.7600,74
57289878762913,15:54:49.878,13.7600,1
57289878762913,15:54:49.878,13.7600,125
57289879410121,15:54:49.879,13.7600,75
57292217495425,15:54:52.217,13.7550,100
57292217495425,15:54:52.217,13.7600,28
57292217495425,15:54:52.217,13.7600,100
57292217495425,15:54:52.217,13.7600,100
57292217495425,15:54:52.217,13.7600,72
57292217643891,15:54:52.217,13.7600,28
57295007086690,15:54:55.007,13.7600,100
57295029387372,15:54:55.029,13.7700,100
57295032315814,15:54:55.032,13.7700,35
57295032399847,15:54:55.032,13.7700,164
57295032399847,15:54:55.032,13.7700,100
57295032399847,15:54:55.032,13.7700,100
57295032399847,15:54:55.032,13.7700,1
57295032399847,15:54:55.032,13.7700,335
57316077613409,15:55:16.077,13.7700,365
57316077613409,15:55:16.077,13.7700,100
57316077613409,15:55:16.077,13.7700,200
57316077613409,15:55:16.077,13.7700,100
57316077814452,15:55:16.077,13.7700,100
57316078017364,15:55:16.078,13.7700,100
57344337646775,15:55:44.337,13.7800,300
57344337686364,15:55:44.337,13.7800,5
57344337689696,15:55:44.337,13.7800,100
57344337729193,15:55:44.337,13.7800,295
57344411399789,15:55:44.411,13.7900,11
57363457952856,15:56:03.457,13.7900,100
57373603120244,15:56:13.603,13.7900,4
57386779795175,15:56:26.779,13.7900,596
57386779795175,15:56:26.779,13.7900,100
57389475039216,15:56:29.475,13.7950,9
57405897895102,15:56:45.897,13.8000,100
57405897972408,15:56:45.897,13.8000,100
57427218413740,15:57:07.218,13.8100,100
57427218413740,15:57:07.218,13.8100,40
57427223327884,15:57:07.223,13.8100,60
57427223327884,15:57:07.223,13.8100,40
57434592088587,15:57:14.592,13.8100,60
57434592088587,15:57:14.592,13.8100,40
57465681100138,15:57:45.681,13.8100,60
57465681100138,15:57:45.681,13.8100,40
57474336882364,15:57:54.336,13.8100,100
57474336882364,15:57:54.336,13.8100,100
57480701671798,15:58:00.701,13.8100,26
57505175386770,15:58:25.175,13.8100,100
57508014198206,15:58:28.014,13.8200,100
57531803088381,15:58:51.803,13.8200,57
57540829640716,15:59:00.829,13.8200,43
57540829640716,15:59:00.829,13.8200,18
57550866939538,15:59:10.866,13.8200,82
57550866939538,15:59:10.866,13.8200,18
57572424832843,15:59:32.424,13.8300,4
57574749414010,15:59:34.749,13.8350,100
57574749414010,15:59:34.749,13.8300,100
57574749414010,15:59:34.749,13.8300,100
57574749414010,15:59:34.749,13.8300,200
57574749779451,15:59:34.749,13.8300,200
57574753205956,15:59:34.753,13.8300,200
57574924177355,15:59:34.924,13.8300,17
57574924694745,15:59:34.924,13.8300,100
57574924723160,15:59:34.924,13.8300,83
57577070411690,15:59:37.070,13.8300,96
57584487814221,15:59:44.487,13.8300,306
57590199310381,15:59:50.199,13.8300,55
57595043267177,15:59:55.043,13.8250,100
57595043267177,15:59:55.043,13.8200,200
57598690389650,15:59:58.690,13.8200,94
57600384113302,16:00:00.384,0.0000,0
