timestamp,time,price,volume
15225666227070,04:13:45.666,17.5500,1000
19336199124090,05:22:16.199,17.7600,900
26428471796927,07:20:28.471,17.9600,402
26468334359574,07:21:08.334,17.9400,500
27120266113201,07:32:00.266,17.9300,100
27503536642912,07:38:23.536,17.9600,100
27505191494285,07:38:25.191,17.9600,100
27505193614501,07:38:25.193,17.9600,100
27871787724996,07:44:31.787,17.9400,50
29660007179230,08:14:20.007,17.9600,500
30955477182276,08:35:55.477,17.9300,150
31020287342419,08:37:00.287,17.9500,500
31020287630519,08:37:00.287,17.9500,400
31370880890154,08:42:50.880,18.0000,100
32761099810580,09:06:01.099,18.0400,1600
32761965648734,09:06:01.965,18.0200,1600
32909525080926,09:08:29.525,17.9200,5
33158263423158,09:12:38.263,17.9100,50
33362062930780,09:16:02.062,17.9100,40
33842417090196,09:24:02.417,18.0200,1500
33842417090196,09:24:02.417,18.0200,100
33946832276248,09:25:46.832,18.0800,60
34135615017446,09:28:55.615,18.0200,500
34135615017446,09:28:55.615,18.0200,330
34194061840789,09:29:54.061,18.0500,233
34200355606825,09:30:00.355,0.0000,0
34200401713113,09:30:00.401,18.0700,100
34206638479186,09:30:06.638,18.0700,200
34207994530065,09:30:07.994,18.0700,100
34211950058456,09:30:11.950,18.0700,100
34233722770134,09:30:33.722,18.0700,100
34245765049195,09:30:45.765,18.0800,100
34247923948701,09:30:47.923,18.0800,100
34250213250983,09:30:50.213,18.0900,100
34250504086738,09:30:50.504,18.0900,80
34265478847491,09:31:05.478,18.1000,100
34267580040622,09:31:07.580,18.0900,100
34273272401886,09:31:13.272,18.1000,100
34273275772126,09:31:13.275,18.1000,100
34290984540897,09:31:30.984,18.1200,100
34290984652820,09:31:30.984,18.1200,100
34290989732059,09:31:30.989,18.1200,100
34293231144960,09:31:33.231,18.1100,100
34293865327035,09:31:33.865,18.1100,100
34298669822730,09:31:38.669,18.1100,50
34302570862654,09:31:42.570,18.1100,50
34319385131958,09:31:59.385,18.0900,100
34319385221991,09:31:59.385,18.0900,21
34319511373644,09:31:59.511,18.0900,100
34333742251691,09:32:13.742,18.0900,100
34334260359939,09:32:14.260,18.0800,100
34334260452524,09:32:14.260,18.0800,21
34334260480786,09:32:14.260,18.0800,400
34334260480786,09:32:14.260,18.0800,100
34334380991779,09:32:14.380,18.0800,100
34339863621595,09:32:19.863,18.0700,100
34339866772696,09:32:19.866,18.0700,100
34343599297274,09:32:23.599,18.0700,100
34345702220000,09:32:25.702,18.0700,100
34346136311981,09:32:26.136,18.0700,100
34346136311981,09:32:26.136,18.0700,100
34347502926058,09:32:27.502,18.0800,100
34347502929223,09:32:27.502,18.0800,100
34347502945432,09:32:27.502,18.0800,100
34347504702517,09:32:27.504,18.0900,100
34347504730239,09:32:27.504,18.0900,200
34347632263447,09:32:27.632,18.0800,100
34351813726140,09:32:31.813,18.0700,60
34351813916892,09:32:31.813,18.0700,40
34353307713138,09:32:33.307,18.0600,100
34353310510768,09:32:33.310,18.0500,100
34353310592887,09:32:33.310,18.0500,230
34353310629007,09:32:33.310,18.0500,370
34353310629007,09:32:33.310,18.0500,100
34353310629007,09:32:33.310,18.0500,200
34353310629007,09:32:33.310,18.0500,100
34353310629007,09:32:33.310,18.0500,200
34353311077936,09:32:33.311,18.0500,200
34353311077936,09:32:33.311,18.0500,460
34353321240357,09:32:33.321,18.0500,100
34353421232515,09:32:33.421,18.0400,100
34353432677929,09:32:33.432,18.0400,400
34353432812062,09:32:33.432,18.0400,716
34353438447884,09:32:33.438,18.0400,284
34353438447884,09:32:33.438,18.0400,287
34353438525388,09:32:33.438,18.0400,113
34353438525388,09:32:33.438,18.0400,147
34353453889485,09:32:33.453,18.0400,247
34355539386992,09:32:35.539,18.0300,200
34355539386992,09:32:35.539,18.0300,100
34355539386992,09:32:35.539,18.0300,200
34355544346650,09:32:35.544,18.0300,300
34355544346650,09:32:35.544,18.0300,19
34355544374908,09:32:35.544,18.0300,81
34355544374908,09:32:35.544,18.0300,106
34357790673820,09:32:37.790,18.0300,19
34357790673820,09:32:37.790,18.0300,19
34357790673820,09:32:37.790,18.0300,62
34428049007741,09:33:48.049,18.0200,100
34428049007741,09:33:48.049,18.0200,200
34437456332357,09:33:57.456,18.0200,100
34437456332357,09:33:57.456,18.0200,200
34471092543090,09:34:31.092,17.9800,100
34471092543090,09:34:31.092,17.9800,200
34471092543090,09:34:31.092,17.9800,100
34471092543090,09:34:31.092,17.9800,200
34473847588554,09:34:33.847,17.9900,100
34486452726913,09:34:46.452,17.9900,100
34523119842983,09:35:23.119,18.0400,100
34527896019218,09:35:27.896,18.0500,25
34537736489348,09:35:37.736,18.0300,800
34537736489348,09:35:37.736,18.0300,2000
34537736496717,09:35:37.736,18.0300,500
34537736502257,09:35:37.736,18.0300,175
34537736523131,09:35:37.736,18.0300,1308
34548760269972,09:35:48.760,18.0400,100
34575601466984,09:36:15.601,18.0500,200
34582017694991,09:36:22.017,18.0500,100
34595238923172,09:36:35.238,18.0400,90
34625547462626,09:37:05.547,18.0400,40
34625547462626,09:37:05.547,18.0400,100
34641574771504,09:37:21.574,18.0400,100
34653067797607,09:37:33.067,18.0300,500
34653642550381,09:37:33.642,18.0100,500
34659412818722,09:37:39.412,18.0200,137
34688651129297,09:38:08.651,18.0500,200
34688651154634,09:38:08.651,18.0500,2560
34734692732336,09:38:54.692,18.0400,100
34765301241600,09:39:25.301,18.0600,100
34765301241600,09:39:25.301,18.0600,100
34838368131680,09:40:38.368,18.0300,100
34838368131680,09:40:38.368,18.0300,100
34843330449682,09:40:43.330,18.0300,40
34860937959829,09:41:00.937,18.0300,100
34860937959829,09:41:00.937,18.0300,400
34875333128502,09:41:15.333,18.0100,100
34880985092330,09:41:20.985,18.0100,100
34907124956180,09:41:47.124,18.0200,100
34920061997758,09:42:00.061,18.0300,100
34927161478140,09:42:07.161,18.0200,100
34955180907220,09:42:35.180,18.0200,1
34978928451037,09:42:58.928,18.0300,100
35056572661163,09:44:16.572,18.0200,99
35056572661163,09:44:16.572,18.0200,100
35056572661163,09:44:16.572,18.0200,100
35056572661163,09:44:16.572,18.0200,101
35106836310117,09:45:06.836,18.0200,100
35106836310117,09:45:06.836,18.0200,100
35106836310117,09:45:06.836,18.0200,100
35107086732917,09:45:07.086,18.0200,100
35118993092961,09:45:18.993,18.0400,55
35118993398613,09:45:18.993,18.0400,16
35118993424019,09:45:18.993,18.0400,29
35128385148031,09:45:28.385,18.0400,100
35130348055657,09:45:30.348,18.0500,100
35130357795133,09:45:30.357,18.0500,100
35130357795133,09:45:30.357,18.0500,100
35130357795133,09:45:30.357,18.0500,100
35130357795133,09:45:30.357,18.0500,100
35148649949999,09:45:48.649,18.0500,100
35149713940458,09:45:49.713,18.0600,100
35167219380238,09:46:07.219,18.0500,100
35167219456588,09:46:07.219,18.0500,260
35186780735480,09:46:26.780,18.0500,100
35217511556744,09:46:57.511,18.0600,100
35217511556744,09:46:57.511,18.0600,100
35217511888661,09:46:57.511,18.0600,100
35217511888661,09:46:57.511,18.0600,100
35217511936666,09:46:57.511,18.0600,200
35247577902429,09:47:27.577,18.0600,100
35258506334048,09:47:38.506,18.0600,100
35258506334048,09:47:38.506,18.0600,100
35258806213948,09:47:38.806,18.0500,100
35258806213948,09:47:38.806,18.0500,100
35258806213948,09:47:38.806,18.0500,300
35258806213948,09:47:38.806,18.0500,300
35258858189039,09:47:38.858,18.0400,100
35258858189039,09:47:38.858,18.0400,100
35258858189039,09:47:38.858,18.0400,100
35258858189039,09:47:38.858,18.0400,100
35258858189039,09:47:38.858,18.0400,300
35258858189039,09:47:38.858,18.0400,90
35268223915224,09:47:48.223,18.0400,100
35339008843372,09:48:59.008,18.0500,100
35339009229267,09:48:59.009,18.0500,200
35360869378244,09:49:20.869,18.0700,100
35360869378244,09:49:20.869,18.0700,100
35397841577649,09:49:57.841,18.0700,100
35401462122381,09:50:01.462,18.0800,100
35409384263960,09:50:09.384,18.0700,100
35415624467403,09:50:15.624,18.0700,100
35415624467403,09:50:15.624,18.0700,200
35415624875718,09:50:15.624,18.0700,100
35473718940437,09:51:13.718,18.0800,100
35473718940437,09:51:13.718,18.0800,100
35533077055872,09:52:13.077,18.0900,100
35533478090749,09:52:13.478,18.0900,100
35533478192585,09:52:13.478,18.0900,100
35621248483565,09:53:41.248,18.0600,100
35625705374689,09:53:45.705,18.0600,60
35631953392169,09:53:51.953,18.0800,100
35633488947830,09:53:53.488,18.0800,100
35633488947830,09:53:53.488,18.0800,100
35704569145194,09:55:04.569,18.0800,100
35741366277187,09:55:41.366,18.1000,500
35741366277187,09:55:41.366,18.1000,100
35741366277187,09:55:41.366,18.1000,100
35741366277187,09:55:41.366,18.1000,100
35741366277187,09:55:41.366,18.1000,100
35741366277187,09:55:41.366,18.1000,1200
35742920242454,09:55:42.920,18.0900,21
35760394295443,09:56:00.394,18.0500,100
35763067608276,09:56:03.067,18.0300,100
35785196028643,09:56:25.196,18.0000,100
35812127347222,09:56:52.127,17.9900,50
35817455284228,09:56:57.455,17.9800,100
35817455284228,09:56:57.455,17.9800,100
35817455284228,09:56:57.455,17.9800,300
35817458168733,09:56:57.458,17.9800,100
35817458168733,09:56:57.458,17.9800,100
35817493118629,09:56:57.493,17.9700,100
35817493118629,09:56:57.493,17.9700,100
35817494822843,09:56:57.494,17.9700,100
35817494822843,09:56:57.494,17.9700,100
35817494822843,09:56:57.494,17.9700,100
35817494822843,09:56:57.494,17.9700,300
35817494822843,09:56:57.494,17.9700,200
35817495074350,09:56:57.495,17.9700,100
35817495473081,09:56:57.495,17.9600,100
35817495473081,09:56:57.495,17.9600,100
35817495473081,09:56:57.495,17.9600,500
35817495473081,09:56:57.495,17.9600,300
35817495491313,09:56:57.495,17.9600,100
35817495491313,09:56:57.495,17.9600,100
35817495491313,09:56:57.495,17.9600,500
35817502569402,09:56:57.502,17.9600,100
35817502569402,09:56:57.502,17.9600,100
35817502604689,09:56:57.502,17.9600,100
35817503092073,09:56:57.503,17.9600,100
35817577564328,09:56:57.577,17.9600,100
35817577564328,09:56:57.577,17.9600,119
35817577593629,09:56:57.577,17.9600,281
35824846810821,09:57:04.846,17.9600,100
35830857618300,09:57:10.857,17.9700,100
35845371179028,09:57:25.371,17.9700,100
35868200170130,09:57:48.200,17.9700,100
35871379514282,09:57:51.379,17.9700,100
35876169680197,09:57:56.169,17.9700,100
35912243272232,09:58:32.243,17.9500,64
35912258233142,09:58:32.258,17.9500,1236
35966142910643,09:59:26.142,17.9500,100
35968408073723,09:59:28.408,17.9400,100
35968408073723,09:59:28.408,17.9400,200
35972158586067,09:59:32.158,17.9500,200
35972158586067,09:59:32.158,17.9500,200
35972158586067,09:59:32.158,17.9500,236
35972158848033,09:59:32.158,17.9500,364
36002001663503,10:00:02.001,17.9700,100
36002006578950,10:00:02.006,17.9700,100
36002189794295,10:00:02.189,17.9800,100
36002189794295,10:00:02.189,17.9800,100
36027635670384,10:00:27.635,18.0200,79
36027635685447,10:00:27.635,18.0200,21
36072624763992,10:01:12.624,18.0100,100
36072715301165,10:01:12.715,18.0100,100
36072715301165,10:01:12.715,18.0100,100
36119064078010,10:01:59.064,18.0100,500
36119064078010,10:01:59.064,18.0100,100
36163322529728,10:02:43.322,18.0200,100
36166679819023,10:02:46.679,18.0000,100
36166679819023,10:02:46.679,18.0000,100
36166680226770,10:02:46.680,18.0000,100
36166680226770,10:02:46.680,18.0000,100
36166680226770,10:02:46.680,18.0000,371
36166680268398,10:02:46.680,18.0000,168
36166725251681,10:02:46.725,17.9900,100
36166725251681,10:02:46.725,17.9900,100
36166725251681,10:02:46.725,17.9900,200
36238611576882,10:03:58.611,17.9900,100
36238611576882,10:03:58.611,17.9900,100
36276167196244,10:04:36.167,17.9900,79
36276167235370,10:04:36.167,17.9900,21
36276167327533,10:04:36.167,17.9900,100
36276194317184,10:04:36.194,17.9900,79
36276194367231,10:04:36.194,17.9900,21
36281165530514,10:04:41.165,18.0000,60
36281165581853,10:04:41.165,18.0000,40
36303578484454,10:05:03.578,18.0100,1100
36304099391795,10:05:04.099,18.0200,100
36304112125269,10:05:04.112,18.0200,100
36304112125269,10:05:04.112,18.0200,200
36322503424656,10:05:22.503,18.0200,100
36362041405988,10:06:02.041,18.0200,100
36364708640334,10:06:04.708,18.0100,100
36373785520965,10:06:13.785,18.0200,100
36373786217650,10:06:13.786,18.0200,100
36373823440598,10:06:13.823,18.0200,100
36373823440598,10:06:13.823,18.0200,60
36373823753892,10:06:13.823,18.0200,40
36373823753892,10:06:13.823,18.0200,100
36373823753892,10:06:13.823,18.0200,200
36376400997346,10:06:16.400,18.0200,100
36423714554691,10:07:03.714,18.0000,100
36423714554691,10:07:03.714,18.0000,100
36436104878453,10:07:16.104,17.9900,100
36436104886218,10:07:16.104,17.9900,300
36436104886218,10:07:16.104,17.9900,400
36452025524166,10:07:32.025,17.9800,100
36452025524166,10:07:32.025,17.9800,10
36452025624101,10:07:32.025,17.9800,90
36467436864685,10:07:47.436,17.9800,100
36467436864685,10:07:47.436,17.9800,200
36493634134446,10:08:13.634,17.9900,15
36507389464192,10:08:27.389,17.9800,100
36541631395851,10:09:01.631,18.0000,100
36541631395851,10:09:01.631,18.0000,100
36556713564631,10:09:16.713,17.9900,100
36556713564631,10:09:16.713,17.9900,100
36576856287836,10:09:36.856,18.0000,510
36576856316467,10:09:36.856,18.0000,90
36614154623664,10:10:14.154,18.0100,400
36665577292831,10:11:05.577,18.0000,100
36665577292831,10:11:05.577,18.0000,100
36702534537895,10:11:42.534,17.9800,100
36702534537895,10:11:42.534,17.9800,100
36719622449729,10:11:59.622,17.9900,100
36719622449729,10:11:59.622,17.9900,100
36726144054272,10:12:06.144,18.0000,500
36772986332589,10:12:52.986,17.9800,100
36772986332589,10:12:52.986,17.9800,100
36772986332589,10:12:52.986,17.9800,100
36772986332589,10:12:52.986,17.9800,100
36773496040126,10:12:53.496,17.9800,1000
36773496040126,10:12:53.496,17.9800,100
36773496040126,10:12:53.496,17.9800,100
36773496040126,10:12:53.496,17.9800,100
36779858391245,10:12:59.858,17.9900,100
36785565308291,10:13:05.565,18.0000,100
36785565308291,10:13:05.565,18.0000,100
36809154464863,10:13:29.154,18.0000,100
36809154464863,10:13:29.154,18.0000,100
36841188455613,10:14:01.188,18.0200,400
36841190272000,10:14:01.190,18.0200,800
36842406710014,10:14:02.406,18.0300,100
36870181325972,10:14:30.181,18.0300,200
36870181535652,10:14:30.181,18.0300,300
36888360214678,10:14:48.360,18.0400,94
36888360257066,10:14:48.360,18.0400,6
37017844444980,10:16:57.844,18.0300,100
37017844444980,10:16:57.844,18.0300,100
37018650510753,10:16:58.650,18.0100,100
37018650510753,10:16:58.650,18.0100,100
37037835980935,10:17:17.835,18.0100,100
37037835980935,10:17:17.835,18.0100,100
37043024210788,10:17:23.024,18.0000,60
37043025509727,10:17:23.025,18.0000,100
37043025633066,10:17:23.025,18.0000,100
37162554454453,10:19:22.554,17.9800,100
37165232649986,10:19:25.232,17.9900,100
37165232649986,10:19:25.232,17.9900,100
37165232649986,10:19:25.232,17.9900,1200
37165232907127,10:19:25.232,17.9900,100
37165232907127,10:19:25.232,17.9900,100
37269888256288,10:21:09.888,17.9900,100
37269888256288,10:21:09.888,17.9900,100
37269888256288,10:21:09.888,17.9900,400
37302675192105,10:21:42.675,17.9900,100
37302675192105,10:21:42.675,17.9900,100
37302675192105,10:21:42.675,17.9900,200
37421474480590,10:23:41.474,17.9700,100
37422089371597,10:23:42.089,17.9700,100
37422089371597,10:23:42.089,17.9700,100
37434538030547,10:23:54.538,17.9600,100
37462982700185,10:24:22.982,17.9400,100
37462982700185,10:24:22.982,17.9400,100
37462982700185,10:24:22.982,17.9400,300
37462982700185,10:24:22.982,17.9400,200
37468082755837,10:24:28.082,17.9300,100
37468572372845,10:24:28.572,17.9100,100
37468572372845,10:24:28.572,17.9100,200
37468572372845,10:24:28.572,17.9100,100
37468572372845,10:24:28.572,17.9100,100
37468572372845,10:24:28.572,17.9100,100
37468572372845,10:24:28.572,17.9100,1000
37468572372845,10:24:28.572,17.9100,200
37468572372845,10:24:28.572,17.9100,200
37468572372845,10:24:28.572,17.9100,200
37468573610286,10:24:28.573,17.9100,100
37468602788183,10:24:28.602,17.9100,100
37468602788183,10:24:28.602,17.9100,100
37468602788183,10:24:28.602,17.9100,100
37468602788183,10:24:28.602,17.9100,100
37468602788183,10:24:28.602,17.9100,100
37468684348989,10:24:28.684,17.9100,74
37475799922790,10:24:35.799,17.9100,1
37487811789896,10:24:47.811,17.9200,100
37487811789896,10:24:47.811,17.9200,100
37494441688808,10:24:54.441,17.9100,100
37531081776874,10:25:31.081,17.9100,100
37531081776874,10:25:31.081,17.9100,100
37531082422571,10:25:31.082,17.9100,100
37531082422571,10:25:31.082,17.9100,100
37531082422571,10:25:31.082,17.9100,100
37531082424707,10:25:31.082,17.9100,200
37531082424707,10:25:31.082,17.9100,100
37612131610209,10:26:52.131,17.9500,100
37618583393329,10:26:58.583,17.9600,30
37691559348971,10:28:11.559,17.9700,100
37691559359777,10:28:11.559,17.9700,100
37755505544046,10:29:15.505,17.9500,200
37763927951359,10:29:23.927,17.9500,400
37763927951359,10:29:23.927,17.9500,236
37763929069610,10:29:23.929,17.9500,400
37763929908043,10:29:23.929,17.9500,64
37770997935135,10:29:30.997,17.9500,100
37770997935135,10:29:30.997,17.9500,100
37771808178396,10:29:31.808,17.9500,100
37775609657851,10:29:35.609,17.9600,100
37775614697824,10:29:35.614,17.9700,200
37775772654731,10:29:35.772,17.9700,374
37776931715075,10:29:36.931,17.9800,100
37776931715075,10:29:36.931,17.9800,100
37778016384292,10:29:38.016,17.9800,100
37800068940135,10:30:00.068,17.9900,100
37800068940135,10:30:00.068,17.9900,300
37800068940135,10:30:00.068,18.0000,100
37800068940135,10:30:00.068,18.0100,1400
37800069044490,10:30:00.069,17.9800,100
37800069240972,10:30:00.069,17.9800,100
37800069345357,10:30:00.069,17.9900,200
37800069376599,10:30:00.069,17.9800,100
37800069376599,10:30:00.069,17.9900,800
37800069376599,10:30:00.069,17.9900,200
37800069376599,10:30:00.069,17.9900,300
37800069376599,10:30:00.069,17.9900,450
37800069381386,10:30:00.069,17.9900,200
37800069388476,10:30:00.069,17.9900,100
37800069404131,10:30:00.069,18.0100,600
37800069413920,10:30:00.069,17.9900,100
37800069535027,10:30:00.069,17.9700,28
37800069541688,10:30:00.069,17.9800,100
37800069782155,10:30:00.069,17.9900,100
37800070010384,10:30:00.070,17.9800,28
37800070050391,10:30:00.070,17.9900,100
37800081910359,10:30:00.081,18.0200,200
37800084934628,10:30:00.084,18.0400,100
37800085064208,10:30:00.085,18.0400,100
37800088145416,10:30:00.088,18.0700,100
37800090055849,10:30:00.090,18.0700,48
37800090280540,10:30:00.090,18.0700,52
37800091361156,10:30:00.091,18.0800,39
37800091519382,10:30:00.091,18.0800,22
37800092392283,10:30:00.092,18.0800,150
37800093388718,10:30:00.093,18.0800,50
37800093486030,10:30:00.093,18.0800,139
37800093514456,10:30:00.093,18.0900,200
37800097916674,10:30:00.097,18.1000,200
37800097916674,10:30:00.097,18.1000,100
37800098022597,10:30:00.098,18.1000,100
37800100683477,10:30:00.100,18.1000,100
37800100683477,10:30:00.100,18.1000,89
37800122754729,10:30:00.122,18.1000,700
37800122754729,10:30:00.122,18.1000,400
37800122776776,10:30:00.122,18.1000,89
37800122776776,10:30:00.122,18.1000,100
37800146870114,10:30:00.146,18.1000,200
37800177310702,10:30:00.177,18.1000,200
37800177310702,10:30:00.177,18.1000,400
37800177310702,10:30:00.177,18.1000,300
37800177310702,10:30:00.177,18.1000,365
37800188710610,10:30:00.188,18.1000,35
37800188710610,10:30:00.188,18.1000,100
37800188710610,10:30:00.188,18.1000,68
37800188737083,10:30:00.188,18.1000,332
37800206174082,10:30:00.206,18.0900,500
37800206174082,10:30:00.206,18.0900,600
37800206174082,10:30:00.206,18.0900,300
37800206174082,10:30:00.206,18.0900,40
37800251286217,10:30:00.251,18.0900,100
37800286636938,10:30:00.286,18.0700,100
37800335489803,10:30:00.335,18.0700,300
37800362937325,10:30:00.362,18.0800,100
37800373272036,10:30:00.373,18.0800,100
37800373770818,10:30:00.373,18.0800,100
37800373770818,10:30:00.373,18.0800,15
37800373796149,10:30:00.373,18.0700,100
37800381139705,10:30:00.381,18.0800,200
37800381411896,10:30:00.381,18.0800,200
37800521042044,10:30:00.521,18.1100,5000
37801071867326,10:30:01.071,18.0900,5
37801355537897,10:30:01.355,18.0700,100
37801355695203,10:30:01.355,18.0700,100
37801479709431,10:30:01.479,18.0700,100
37801479709431,10:30:01.479,18.0700,100
37801479709431,10:30:01.479,18.0700,60
37802151498328,10:30:02.151,18.0800,100
37802265709092,10:30:02.265,18.0800,200
37802265709092,10:30:02.265,18.0800,100
37802362072953,10:30:02.362,18.0700,100
37802383085224,10:30:02.383,18.0700,100
37804307248200,10:30:04.307,18.0600,100
37812695425853,10:30:12.695,18.0800,100
37812747146785,10:30:12.747,18.0800,1300
37814488819577,10:30:14.488,18.0800,100
37815580119599,10:30:15.580,18.0800,100
37816770806823,10:30:16.770,18.0600,100
37816772623291,10:30:16.772,18.0500,100
37819440751857,10:30:19.440,18.0500,100
37821842750165,10:30:21.842,18.0300,100
37824832141020,10:30:24.832,18.0600,100
37829575427408,10:30:29.575,18.0900,100
37829577087726,10:30:29.577,18.0900,60
37830307823032,10:30:30.307,18.0800,100
37830307823032,10:30:30.307,18.0800,100
37831577578149,10:30:31.577,18.1100,100
37832127709654,10:30:32.127,18.1200,100
37832593716553,10:30:32.593,18.1100,100
37832593722560,10:30:32.593,18.1100,100
37835189693353,10:30:35.189,18.1000,220
37835925949140,10:30:35.925,18.1200,100
37836541408555,10:30:36.541,18.1300,100
37840840150331,10:30:40.840,18.1300,100
37841797953270,10:30:41.797,18.1300,89
37842567590326,10:30:42.567,18.1500,100
37842567891965,10:30:42.567,18.1500,100
37842568744206,10:30:42.568,18.1600,100
37842568744206,10:30:42.568,18.1600,100
37842568744206,10:30:42.568,18.1600,100
37842568793482,10:30:42.568,18.1600,200
37842568836313,10:30:42.568,18.1600,69
37843243016971,10:30:43.243,18.1600,100
37846364584663,10:30:46.364,18.1700,100
37848372053990,10:30:48.372,18.1800,100
37849919806803,10:30:49.919,18.1900,100
37853136136034,10:30:53.136,18.2000,100
37853190540984,10:30:53.190,18.1900,100
37857615571409,10:30:57.615,18.1700,100
37859304913006,10:30:59.304,18.1700,100
37859351834194,10:30:59.351,18.1700,100
37859351845872,10:30:59.351,18.1700,400
37859351845872,10:30:59.351,18.1700,100
37870012855656,10:31:10.012,18.1600,200
37870012867119,10:31:10.012,18.1600,200
37870014812875,10:31:10.014,18.1600,100
37887071651090,10:31:27.071,18.1900,1500
37887071651569,10:31:27.071,18.1900,500
37888450760410,10:31:28.450,18.2000,28
37888450793913,10:31:28.450,18.2000,200
37888453091371,10:31:28.453,18.2000,172
37892208221311,10:31:32.208,18.1900,100
37893537768714,10:31:33.537,18.2000,1500
37893537768714,10:31:33.537,18.2000,100
37893537919694,10:31:33.537,18.2000,100
37893537919694,10:31:33.537,18.2000,200
37893537967557,10:31:33.537,18.2000,350
37893538570925,10:31:33.538,18.2000,100
37893539842857,10:31:33.539,18.2000,100
37893539994752,10:31:33.539,18.2000,200
37893539994752,10:31:33.539,18.2000,200
37893539994752,10:31:33.539,18.2000,100
37893540361681,10:31:33.540,18.2000,200
37893540361681,10:31:33.540,18.2000,100
37896539340383,10:31:36.539,18.1900,100
37898279177894,10:31:38.279,18.2000,100
37901487681634,10:31:41.487,18.1700,32
37901487723117,10:31:41.487,18.1700,68
37902834158836,10:31:42.834,18.1500,100
37902897592139,10:31:42.897,18.1400,100
37902898071424,10:31:42.898,18.1400,100
37902898071424,10:31:42.898,18.1400,100
37902898071424,10:31:42.898,18.1400,100
37903167208197,10:31:43.167,18.1300,66
37903275607310,10:31:43.275,18.1200,800
37903275607310,10:31:43.275,18.1200,100
37907205277759,10:31:47.205,18.1400,100
37907205277759,10:31:47.205,18.1400,400
37907205277759,10:31:47.205,18.1400,200
37907205277759,10:31:47.205,18.1400,500
37917044344501,10:31:57.044,18.1100,100
37942105289253,10:32:22.105,18.1200,100
37951369606600,10:32:31.369,18.1600,500
37951369606600,10:32:31.369,18.1600,400
37961102743082,10:32:41.102,18.2000,500
37961124866052,10:32:41.124,18.2000,100
37961124866052,10:32:41.124,18.2000,700
37976889227085,10:32:56.889,18.2100,100
37976889227085,10:32:56.889,18.2100,100
37984798710969,10:33:04.798,18.1900,60
37987261625566,10:33:07.261,18.2000,100
37987261625566,10:33:07.261,18.2000,100
37990200866580,10:33:10.200,18.2200,500
37990212059037,10:33:10.212,18.2200,100
37990212059037,10:33:10.212,18.2200,100
37991123108930,10:33:11.123,18.2300,50
37993025329673,10:33:13.025,18.2400,100
37993025329673,10:33:13.025,18.2400,100
37993026275879,10:33:13.026,18.2400,500
37993026922260,10:33:13.026,18.2400,464
37993069094414,10:33:13.069,18.2400,100
37994729460402,10:33:14.729,18.2400,100
37994788454015,10:33:14.788,18.2500,10
37994788454015,10:33:14.788,18.2500,100
37994788454015,10:33:14.788,18.2500,100
37994788744835,10:33:14.788,18.2500,100
37994799067758,10:33:14.799,18.2500,100
37994799067758,10:33:14.799,18.2500,100
37994800264055,10:33:14.800,18.2500,100
37998494756821,10:33:18.494,18.2400,100
38017021969464,10:33:37.021,18.2200,100
38018180808624,10:33:38.180,18.2300,100
38018181142582,10:33:38.181,18.2300,100
38018181208445,10:33:38.181,18.2300,60
38018181437274,10:33:38.181,18.2300,40
38019579931839,10:33:39.579,18.2300,1500
38020022890499,10:33:40.022,18.2300,500
38020284760708,10:33:40.284,18.2300,100
38021184257730,10:33:41.184,18.2300,100
38026720869191,10:33:46.720,18.2600,300
38030155727706,10:33:50.155,18.2600,100
38030155727706,10:33:50.155,18.2600,100
38030155727706,10:33:50.155,18.2600,100
38030155727706,10:33:50.155,18.2600,400
38030155727706,10:33:50.155,18.2600,100
38030155727706,10:33:50.155,18.2600,800
38052087312156,10:34:12.087,18.2400,100
38061557434166,10:34:21.557,18.2100,100
38063321840781,10:34:23.321,18.2300,100
38066822326108,10:34:26.822,18.2200,65
38072873397093,10:34:32.873,18.2500,200
38072873687985,10:34:32.873,18.2500,100
38072873691032,10:34:32.873,18.2500,100
38072873710310,10:34:32.873,18.2500,138
38072873733819,10:34:32.873,18.2500,162
38105319098222,10:35:05.319,18.2500,100
38120594064313,10:35:20.594,18.2700,260
38120594103587,10:35:20.594,18.2700,600
38120594296385,10:35:20.594,18.2700,1269
38120594336212,10:35:20.594,18.2700,200
38120594624457,10:35:20.594,18.2700,121
38121611644950,10:35:21.611,18.2700,550
38125696994931,10:35:25.696,18.2700,100
38125696994931,10:35:25.696,18.2700,100
38126851244693,10:35:26.851,18.2600,100
38126851244693,10:35:26.851,18.2600,100
38129521142157,10:35:29.521,18.2600,4
38132538750702,10:35:32.538,18.2700,100
38135827215666,10:35:35.827,18.2600,400
38138653981202,10:35:38.653,18.2600,1500
38138653981202,10:35:38.653,18.2600,100
38138655152093,10:35:38.655,18.2500,100
38138655152093,10:35:38.655,18.2500,100
38138659819315,10:35:38.659,18.2500,100
38146599227460,10:35:46.599,18.2600,100
38155291036302,10:35:55.291,18.2300,101
38177173564694,10:36:17.173,18.2600,2000
38181363711935,10:36:21.363,18.2600,351
38181363727507,10:36:21.363,18.2600,149
38186842833862,10:36:26.842,18.2700,100
38210632021152,10:36:50.632,18.2700,200
38211305773644,10:36:51.305,18.2800,100
38214807282131,10:36:54.807,18.2700,100
38226607584351,10:37:06.607,18.2800,61
38226607584351,10:37:06.607,18.2800,100
38229383048245,10:37:09.383,18.2900,100
38231621380022,10:37:11.621,18.3000,100
38231621380022,10:37:11.621,18.3000,125
38231621380022,10:37:11.621,18.3000,1200
38231666978835,10:37:11.666,18.3100,100
38232110939331,10:37:12.110,18.3000,100
38250752820642,10:37:30.752,18.2400,100
38250752820642,10:37:30.752,18.2400,100
38251678210096,10:37:31.678,18.2400,100
38254524478597,10:37:34.524,18.2200,60
38258486768177,10:37:38.486,18.1800,100
38258486768177,10:37:38.486,18.1800,100
38258486768177,10:37:38.486,18.1800,400
38258499298924,10:37:38.499,18.1800,100
38264591782127,10:37:44.591,18.2200,100
38272699112173,10:37:52.699,18.2000,100
38273421122763,10:37:53.421,18.2000,100
38289673511593,10:38:09.673,18.2100,100
38291352131618,10:38:11.352,18.2200,100
38292041981763,10:38:12.041,18.2100,100
38292042119303,10:38:12.042,18.2100,100
38292042119303,10:38:12.042,18.2100,200
38303674322202,10:38:23.674,18.2000,100
38312271811252,10:38:32.271,18.2100,100
38329490058120,10:38:49.490,18.2100,100
38329490058120,10:38:49.490,18.2100,100
38358111106777,10:39:18.111,18.1700,100
38360598853488,10:39:20.598,18.1600,100
38360598854118,10:39:20.598,18.1600,100
38360598876744,10:39:20.598,18.1600,100
38360598876744,10:39:20.598,18.1650,200
38360598876744,10:39:20.598,18.1700,100
38360598876744,10:39:20.598,18.1700,100
38360598876744,10:39:20.598,18.1700,100
38360598876744,10:39:20.598,18.1700,100
38360598876744,10:39:20.598,18.1700,200
38360598876744,10:39:20.598,18.1700,100
38362385461375,10:39:22.385,18.1700,100
38370363110083,10:39:30.363,18.1800,1500
38370363110083,10:39:30.363,18.1800,100
38370363504061,10:39:30.363,18.1800,91
38385181437233,10:39:45.181,18.1800,100
38385181437233,10:39:45.181,18.1800,100
38396298632220,10:39:56.298,18.1900,46
38396298635991,10:39:56.298,18.2000,100
38396298635991,10:39:56.298,18.2000,100
38396298635991,10:39:56.298,18.2000,100
38396298635991,10:39:56.298,18.2000,100
38396298635991,10:39:56.298,18.2000,100
38396299088864,10:39:56.299,18.2000,100
38411694611013,10:40:11.694,18.1700,100
38411694611013,10:40:11.694,18.1700,100
38411817807560,10:40:11.817,18.1800,100
38411817807560,10:40:11.817,18.1800,100
38411817878675,10:40:11.817,18.1800,100
38411818448305,10:40:11.818,18.1800,100
38411818448305,10:40:11.818,18.1800,100
38423188525836,10:40:23.188,18.2100,100
38434568463788,10:40:34.568,18.2200,100
38435013218560,10:40:35.013,18.2200,100
38435013218560,10:40:35.013,18.2200,100
38435013218560,10:40:35.013,18.2200,1500
38435013218560,10:40:35.013,18.2200,900
38435013218560,10:40:35.013,18.2200,100
38435013218560,10:40:35.013,18.2200,100
38435018091369,10:40:35.018,18.2200,100
38445422298476,10:40:45.422,18.2000,100
38467231845642,10:41:07.231,18.2000,100
38468006834961,10:41:08.006,18.1900,100
38509990869649,10:41:49.990,18.1800,100
38520548795547,10:42:00.548,18.1900,100
38580401771210,10:43:00.401,18.1700,100
38580401773939,10:43:00.401,18.1700,100
38622048069304,10:43:42.048,18.1500,100
38651040335686,10:44:11.040,18.1500,401
38651040370822,10:44:11.040,18.1500,99
38659604827852,10:44:19.604,18.1500,236
38660831961453,10:44:20.831,18.1500,50
38679880521122,10:44:39.880,18.1400,100
38679946030108,10:44:39.946,18.1400,100
38679946030108,10:44:39.946,18.1400,100
38682953171274,10:44:42.953,18.1300,100
38682953171274,10:44:42.953,18.1300,100
38682953171274,10:44:42.953,18.1300,200
38682953171274,10:44:42.953,18.1300,1000
38682953552931,10:44:42.953,18.1300,100
38682953772741,10:44:42.953,18.1300,100
38682954222144,10:44:42.954,18.1300,400
38682954222144,10:44:42.954,18.1300,100
38683045363211,10:44:43.045,18.1200,100
38683045363211,10:44:43.045,18.1200,100
38683045417801,10:44:43.045,18.1200,100
38702560863472,10:45:02.560,18.1600,100
38702560863472,10:45:02.560,18.1600,500
38704084681387,10:45:04.084,18.1500,990
38704084932786,10:45:04.084,18.1500,310
38718213669664,10:45:18.213,18.1500,100
38718213669664,10:45:18.213,18.1500,100
38720561394858,10:45:20.561,18.1500,100
38730196695001,10:45:30.196,18.1500,78
38771835065438,10:46:11.835,18.1600,100
38780482420080,10:46:20.482,18.1800,100
38782732887507,10:46:22.732,18.1700,100
38790384971776,10:46:30.384,18.1800,100
38790384971776,10:46:30.384,18.1800,200
38790384975020,10:46:30.384,18.1800,100
38801917163096,10:46:41.917,18.2000,100
38801917163096,10:46:41.917,18.2000,100
38879263335367,10:47:59.263,18.2000,100
38879263335367,10:47:59.263,18.2000,100
38907792505922,10:48:27.792,18.1900,100
38949282410664,10:49:09.282,18.1800,500
38996683723583,10:49:56.683,18.1900,100
38996683723583,10:49:56.683,18.1900,300
39046827163979,10:50:46.827,18.1700,100
39060831186844,10:51:00.831,18.1900,100
39060831186844,10:51:00.831,18.1900,11
39080330911607,10:51:20.330,18.2100,100
39095801410064,10:51:35.801,18.2200,100
39108809348255,10:51:48.809,18.2300,100
39108868892898,10:51:48.868,18.2300,100
39164763408574,10:52:44.763,18.2400,100
39220699498993,10:53:40.699,18.2400,500
39220699498993,10:53:40.699,18.2400,100
39277659941879,10:54:37.659,18.2700,60
39302344520404,10:55:02.344,18.2800,100
39313336345507,10:55:13.336,18.3000,63
39313336373359,10:55:13.336,18.3000,393
39313336434371,10:55:13.336,18.3000,200
39313336711749,10:55:13.336,18.3000,1844
39313336711749,10:55:13.336,18.3000,150
39313336711749,10:55:13.336,18.3000,165
39316235376378,10:55:16.235,18.3100,100
39322055775809,10:55:22.055,18.3300,200
39323651700194,10:55:23.651,18.3450,200
39323651700194,10:55:23.651,18.3500,500
39323651700194,10:55:23.651,18.3500,100
39323651700194,10:55:23.651,18.3500,100
39323651700194,10:55:23.651,18.3500,100
39323651700194,10:55:23.651,18.3500,100
39323651970198,10:55:23.651,18.3500,100
39357443871472,10:55:57.443,18.3200,100
39358064775868,10:55:58.064,18.3200,200
39358066937509,10:55:58.066,18.3200,200
39358265167686,10:55:58.265,18.3200,200
39358265842412,10:55:58.265,18.3200,600
39410896682112,10:56:50.896,18.3400,100
39410896682112,10:56:50.896,18.3400,60
39410896710934,10:56:50.896,18.3400,40
39421933444277,10:57:01.933,18.3600,800
39421933444277,10:57:01.933,18.3600,100
39421948228649,10:57:01.948,18.3600,100
39421948228649,10:57:01.948,18.3600,400
39424147873012,10:57:04.147,18.3600,535
39424147880215,10:57:04.147,18.3600,200
39424147897065,10:57:04.147,18.3600,165
39435744882627,10:57:15.744,18.3800,100
39435745009804,10:57:15.745,18.3800,100
39435745172522,10:57:15.745,18.3800,100
39435745339160,10:57:15.745,18.3800,100
39435785364735,10:57:15.785,18.3800,100
39437279594121,10:57:17.279,18.3700,100
39451769787859,10:57:31.769,18.3400,100
39451769787859,10:57:31.769,18.3400,100
39451769787859,10:57:31.769,18.3400,36
39451769787859,10:57:31.769,18.3400,64
39451769787859,10:57:31.769,18.3400,36
39451777833049,10:57:31.777,18.3500,60
39467037213650,10:57:47.037,18.3300,100
39472359692305,10:57:52.359,18.3000,100
39472359934924,10:57:52.359,18.3000,100
39472406284137,10:57:52.406,18.3000,100
39474672731992,10:57:54.672,18.2800,100
39474672731992,10:57:54.672,18.2800,100
39474672731992,10:57:54.672,18.2800,200
39474672731992,10:57:54.672,18.2800,200
39536862919152,10:58:56.862,18.3400,100
39536862919152,10:58:56.862,18.3400,100
39536862919152,10:58:56.862,18.3400,100
39537099379103,10:58:57.099,18.3400,100
39537099379103,10:58:57.099,18.3400,100
39537130111540,10:58:57.130,18.3400,100
39537130111540,10:58:57.130,18.3400,100
39537130111540,10:58:57.130,18.3400,100
39549206084582,10:59:09.206,18.3400,100
39583651909711,10:59:43.651,18.3500,425
39592901258985,10:59:52.901,18.3600,100
39592901258985,10:59:52.901,18.3600,100
39592901258985,10:59:52.901,18.3600,100
39592936831938,10:59:52.936,18.3600,100
39592936831938,10:59:52.936,18.3600,100
39592937202950,10:59:52.937,18.3600,100
39592937202950,10:59:52.937,18.3600,100
39592937437377,10:59:52.937,18.3600,100
39592937437377,10:59:52.937,18.3600,100
39592937437377,10:59:52.937,18.3600,100
39600657878712,11:00:00.657,18.3700,600
39608836892146,11:00:08.836,18.3800,2000
39614052051502,11:00:14.052,18.3700,100
39614052051502,11:00:14.052,18.3700,100
39616818003211,11:00:16.818,18.3900,100
39616818003211,11:00:16.818,18.3900,100
39617170745892,11:00:17.170,18.4000,600
39617170745892,11:00:17.170,18.4000,100
39620316747856,11:00:20.316,18.4100,100
39620316747856,11:00:20.316,18.4100,25
39663463059391,11:01:03.463,18.4300,1400
39663467373203,11:01:03.467,18.4300,3600
39699543294891,11:01:39.543,18.4400,100
39700875270376,11:01:40.875,18.4400,100
39700875270376,11:01:40.875,18.4400,1500
39714100095143,11:01:54.100,18.4300,40
39722368295417,11:02:02.368,18.4300,100
39732945416436,11:02:12.945,18.4200,100
39732945416436,11:02:12.945,18.4200,100
39732945416436,11:02:12.945,18.4200,100
39732949791062,11:02:12.949,18.4200,100
39742536819249,11:02:22.536,18.4300,100
39749991113022,11:02:29.991,18.4500,100
39753744238922,11:02:33.744,18.4500,100
39781840566177,11:03:01.840,18.4600,100
39820694655661,11:03:40.694,18.4000,10
39820696486721,11:03:40.696,18.4000,40
39822203799431,11:03:42.203,18.4000,100
39822203799431,11:03:42.203,18.4000,100
39854377917410,11:04:14.377,18.4300,100
39873350490541,11:04:33.350,18.4400,100
39873350490541,11:04:33.350,18.4400,100
39878587176008,11:04:38.587,18.4500,100
39878587176008,11:04:38.587,18.4500,100
39886248830251,11:04:46.248,18.4600,1000
39886248830251,11:04:46.248,18.4600,100
39886248830251,11:04:46.248,18.4600,100
39886742543219,11:04:46.742,18.4700,100
39886742543219,11:04:46.742,18.4700,100
39886742544001,11:04:46.742,18.4700,100
39896231868728,11:04:56.231,18.4600,100
39896231868728,11:04:56.231,18.4600,100
39896637001114,11:04:56.637,18.4700,100
39902463565356,11:05:02.463,18.4700,100
39902463565356,11:05:02.463,18.4700,100
39902465236088,11:05:02.465,18.4700,21
39902579478702,11:05:02.579,18.4700,79
39912319377946,11:05:12.319,18.4700,100
39912355620723,11:05:12.355,18.4800,100
39912355770567,11:05:12.355,18.4800,100
39912355770567,11:05:12.355,18.4800,100
39912355770567,11:05:12.355,18.4800,100
39912355770567,11:05:12.355,18.4800,100
39912967820805,11:05:12.967,18.4900,500
39912971806330,11:05:12.971,18.4900,344
39912971806330,11:05:12.971,18.4900,100
39913175936865,11:05:13.175,18.4900,100
39913175936865,11:05:13.175,18.4900,100
39913733643906,11:05:13.733,18.4900,100
39918318001630,11:05:18.318,18.4900,100
39919648217319,11:05:19.648,18.4900,100
39921814017240,11:05:21.814,18.4800,100
39986228691281,11:06:26.228,18.4300,100
39986228691281,11:06:26.228,18.4300,400
39986228691281,11:06:26.228,18.4300,100
39986228691281,11:06:26.228,18.4300,100
39986228942522,11:06:26.228,18.4300,100
39995122178932,11:06:35.122,18.4100,100
39995721967520,11:06:35.721,18.4000,100
40026016881350,11:07:06.016,18.4300,100
40049294149796,11:07:29.294,18.4300,100
40054042273517,11:07:34.042,18.4200,100
40079725901118,11:07:59.725,18.4400,100
40079725901118,11:07:59.725,18.4400,100
40123936232464,11:08:43.936,18.4300,100
40123936232464,11:08:43.936,18.4300,100
40154211100452,11:09:14.211,18.4300,100
40201228095431,11:10:01.228,18.4500,100
40208489711723,11:10:08.489,18.4400,260
40208489757923,11:10:08.489,18.4400,20
40261292545586,11:11:01.292,18.4800,100
40262267118522,11:11:02.267,18.4900,200
40289240146662,11:11:29.240,18.4900,550
40289240167359,11:11:29.240,18.4900,77
40289240184042,11:11:29.240,18.4900,73
40290629449884,11:11:30.629,18.4800,100
40320765079242,11:12:00.765,18.4900,100
40320765079242,11:12:00.765,18.4900,100
40322907170653,11:12:02.907,18.5000,100
40322907170653,11:12:02.907,18.5000,1
40322907170653,11:12:02.907,18.5000,500
40322907170653,11:12:02.907,18.5000,300
40322907170653,11:12:02.907,18.5000,1
40322907170653,11:12:02.907,18.5000,1
40322907170653,11:12:02.907,18.5000,1000
40322907170653,11:12:02.907,18.5000,500
40322907170653,11:12:02.907,18.5000,397
40322907229103,11:12:02.907,18.5000,3
40322913582998,11:12:02.913,18.5000,100
40322913582998,11:12:02.913,18.5000,100
40322913582998,11:12:02.913,18.5000,100
40336645208801,11:12:16.645,18.5000,100
40336655534363,11:12:16.655,18.5000,600
40336655534363,11:12:16.655,18.5000,100
40336655534363,11:12:16.655,18.5000,100
40336655534363,11:12:16.655,18.5000,600
40336655534363,11:12:16.655,18.5000,100
40336655534363,11:12:16.655,18.5000,100
40336660119403,11:12:16.660,18.5000,100
40336660119403,11:12:16.660,18.5000,400
40336660119403,11:12:16.660,18.5000,100
40336766889665,11:12:16.766,18.5000,100
40336767265441,11:12:16.767,18.4900,100
40336767265441,11:12:16.767,18.4900,100
40336767265441,11:12:16.767,18.4900,100
40336767265441,11:12:16.767,18.4900,1200
40336767265441,11:12:16.767,18.4900,100
40336767265441,11:12:16.767,18.4900,500
40336767265441,11:12:16.767,18.4900,100
40336767265441,11:12:16.767,18.4900,100
40336767265441,11:12:16.767,18.4900,300
40336768533061,11:12:16.768,18.4900,300
40336768822484,11:12:16.768,18.4900,100
40336768975310,11:12:16.768,18.4900,200
40336768981723,11:12:16.768,18.4900,100
40336768981723,11:12:16.768,18.4900,100
40336768981723,11:12:16.768,18.4900,100
40336768981723,11:12:16.768,18.4900,100
40336768981723,11:12:16.768,18.4900,100
40336768981723,11:12:16.768,18.4900,100
40336768981723,11:12:16.768,18.4900,400
40336768981723,11:12:16.768,18.4900,100
40336768981723,11:12:16.768,18.4900,100
40336769069524,11:12:16.769,18.4900,100
40336769119582,11:12:16.769,18.4900,100
40336769299226,11:12:16.769,18.4900,100
40336769326703,11:12:16.769,18.4900,100
40336770187597,11:12:16.770,18.4900,100
40336770188833,11:12:16.770,18.4900,100
40336770188833,11:12:16.770,18.4900,100
40336770337751,11:12:16.770,18.4900,100
40336770337751,11:12:16.770,18.4900,100
40336770337751,11:12:16.770,18.4900,100
40336770878458,11:12:16.770,18.4900,300
40336770878458,11:12:16.770,18.4900,300
40336770878458,11:12:16.770,18.4900,100
40336771517487,11:12:16.771,18.4900,100
40336771517487,11:12:16.771,18.4900,202
40336789456725,11:12:16.789,18.4900,198
40336789456725,11:12:16.789,18.4900,2
40337253682710,11:12:17.253,18.5000,100
40337253682710,11:12:17.253,18.5000,600
40337253682710,11:12:17.253,18.5000,300
40337253682710,11:12:17.253,18.5000,100
40337253682710,11:12:17.253,18.5000,800
40337645210485,11:12:17.645,18.5100,100
40337645210485,11:12:17.645,18.5100,100
40337645210485,11:12:17.645,18.5100,100
40345797219614,11:12:25.797,18.5000,100
40371301924409,11:12:51.301,18.4900,100
40371776736809,11:12:51.776,18.5000,100
40371776736809,11:12:51.776,18.5000,100
40382144635142,11:13:02.144,18.4900,100
40382144635142,11:13:02.144,18.4900,100
40384763315679,11:13:04.763,18.4600,10
40385584945169,11:13:05.584,18.4600,100
40387936699655,11:13:07.936,18.4500,100
40388146797800,11:13:08.146,18.4500,100
40388146797800,11:13:08.146,18.4500,100
40388146797800,11:13:08.146,18.4500,100
40426427325584,11:13:46.427,18.4800,1000
40443543663100,11:14:03.543,18.5000,100
40479954228957,11:14:39.954,18.5100,100
40479954228957,11:14:39.954,18.5100,100
40479967243071,11:14:39.967,18.5100,100
40479967243071,11:14:39.967,18.5100,100
40479967243071,11:14:39.967,18.5100,100
40479967243071,11:14:39.967,18.5100,100
40479967337005,11:14:39.967,18.5100,100
40479967337005,11:14:39.967,18.5100,200
40479987041325,11:14:39.987,18.5100,100
40479987041325,11:14:39.987,18.5100,200
40479992065012,11:14:39.992,18.5100,100
40479992065012,11:14:39.992,18.5100,100
40479994985325,11:14:39.994,18.5100,100
40479994985325,11:14:39.994,18.5100,200
40479998346581,11:14:39.998,18.5100,300
40480002113459,11:14:40.002,18.5200,100
40485248712077,11:14:45.248,18.4800,100
40485248712077,11:14:45.248,18.4800,100
40485248712077,11:14:45.248,18.4800,200
40485248712077,11:14:45.248,18.4800,200
40491467447732,11:14:51.467,18.4700,100
40505514418250,11:15:05.514,18.4600,100
40524187687280,11:15:24.187,18.5300,100
40524187687280,11:15:24.187,18.5300,100
40524187687280,11:15:24.187,18.5300,100
40524187687280,11:15:24.187,18.5300,100
40524187687280,11:15:24.187,18.5300,200
40524187853293,11:15:24.187,18.5300,100
40524187853293,11:15:24.187,18.5300,1696
40524187853293,11:15:24.187,18.5300,200
40524187853293,11:15:24.187,18.5300,100
40524187973665,11:15:24.187,18.5300,100
40524188378230,11:15:24.188,18.5300,100
40536479561416,11:15:36.479,18.5500,1200
40536479561416,11:15:36.479,18.5500,100
40536479561416,11:15:36.479,18.5500,300
40536552591719,11:15:36.552,18.5500,100
40536552591719,11:15:36.552,18.5500,100
40536552591719,11:15:36.552,18.5500,100
40536552591719,11:15:36.552,18.5500,200
40536552591719,11:15:36.552,18.5500,100
40536592584758,11:15:36.592,18.5500,200
40541192212456,11:15:41.192,18.5500,100
40603475789104,11:16:43.475,18.5200,100
40603475789104,11:16:43.475,18.5200,100
40603475789104,11:16:43.475,18.5200,1000
40614143738143,11:16:54.143,18.5300,100
40614143738143,11:16:54.143,18.5300,100
40628238543533,11:17:08.238,18.5200,100
40635665357062,11:17:15.665,18.5300,100
40654712026061,11:17:34.712,18.5000,100
40669024749291,11:17:49.024,18.5300,100
40683463922223,11:18:03.463,18.5500,100
40719158572195,11:18:39.158,18.5400,100
40719158572195,11:18:39.158,18.5400,100
40719158572195,11:18:39.158,18.5400,200
40719158572195,11:18:39.158,18.5400,200
40739235766113,11:18:59.235,18.5500,100
40739235766113,11:18:59.235,18.5500,100
40739651057845,11:18:59.651,18.5600,60
40740369639968,11:19:00.369,18.5700,1000
40740369639968,11:19:00.369,18.5700,100
40740395748284,11:19:00.395,18.5700,100
40743331918971,11:19:03.331,18.5700,100
40747967581255,11:19:07.967,18.5600,100
40751347415111,11:19:11.347,18.5600,100
40762504539332,11:19:22.504,18.5800,1000
40762504539332,11:19:22.504,18.5800,100
40762504539332,11:19:22.504,18.5800,100
40762504539332,11:19:22.504,18.5800,100
40762504889832,11:19:22.504,18.5800,100
40765078672368,11:19:25.078,18.5800,500
40771986874997,11:19:31.986,18.5800,1500
40771986874997,11:19:31.986,18.5800,500
40771986874997,11:19:31.986,18.5800,100
40784389297626,11:19:44.389,18.5750,100
40784389887598,11:19:44.389,18.5750,100
40785658018029,11:19:45.658,18.5700,100
40785658018029,11:19:45.658,18.5700,100
40785658018029,11:19:45.658,18.5700,100
40785658018029,11:19:45.658,18.5700,200
40789112211351,11:19:49.112,18.5700,3
40799559608358,11:19:59.559,18.5500,100
40811604580949,11:20:11.604,18.5700,100
40811604580949,11:20:11.604,18.5700,100
40837229010569,11:20:37.229,18.5400,100
40837229010569,11:20:37.229,18.5400,100
40859248195451,11:20:59.248,18.5200,100
40886887095024,11:21:26.887,18.5300,100
40928740043579,11:22:08.740,18.5400,100
40928740043579,11:22:08.740,18.5400,100
40929649716901,11:22:09.649,18.5400,80
40956439036549,11:22:36.439,18.4900,100
40956439036549,11:22:36.439,18.4900,100
40956439078595,11:22:36.439,18.4900,100
40956439375780,11:22:36.439,18.4900,100
40956439439703,11:22:36.439,18.4900,514
40956439551342,11:22:36.439,18.4900,286
40956439551342,11:22:36.439,18.4900,100
40956452758516,11:22:36.452,18.4800,100
40958507255565,11:22:38.507,18.4800,100
40978264863382,11:22:58.264,18.5000,100
40978264863382,11:22:58.264,18.5000,100
40981812599278,11:23:01.812,18.5000,205
40981812625233,11:23:01.812,18.5000,395
40981812625233,11:23:01.812,18.5000,100
41010704371572,11:23:30.704,18.5000,100
41076281876830,11:24:36.281,18.5200,100
41077025802867,11:24:37.025,18.5300,100
41100378559925,11:25:00.378,18.5400,100
41100378559925,11:25:00.378,18.5400,100
41101093147918,11:25:01.093,18.5400,100
41106516416952,11:25:06.516,18.5500,100
41107877019729,11:25:07.877,18.5500,30
41110145419304,11:25:10.145,18.5400,100
41110145419304,11:25:10.145,18.5400,100
41147988940223,11:25:47.988,18.4600,100
41157277005956,11:25:57.277,18.4500,100
41178110134166,11:26:18.110,18.4600,100
41178152416513,11:26:18.152,18.4700,700
41178186437897,11:26:18.186,18.4700,100
41223349938058,11:27:03.349,18.4600,100
41237799982072,11:27:17.799,18.4500,100
41238043562450,11:27:18.043,18.4500,300
41238043562450,11:27:18.043,18.4500,200
41238050296108,11:27:18.050,18.4500,300
41238667960545,11:27:18.667,18.4500,100
41238667960545,11:27:18.667,18.4500,100
41239938554746,11:27:19.938,18.4500,124
41239938554746,11:27:19.938,18.4500,300
41239939023605,11:27:19.939,18.4500,100
41247180129982,11:27:27.180,18.4300,100
41264163847327,11:27:44.163,18.4300,100
41264248214994,11:27:44.248,18.4300,100
41264248214994,11:27:44.248,18.4300,100
41264248214994,11:27:44.248,18.4300,100
41264248214994,11:27:44.248,18.4300,100
41268841985288,11:27:48.841,18.4200,200
41310911231725,11:28:30.911,18.4200,100
41310911231725,11:28:30.911,18.4200,100
41321177013190,11:28:41.177,18.4100,20
41325676027592,11:28:45.676,18.4100,100
41332556638977,11:28:52.556,18.4100,78
41332556664953,11:28:52.556,18.4100,1
41332556705563,11:28:52.556,18.4100,500
41332556709941,11:28:52.556,18.4100,21
41340710394658,11:29:00.710,18.3900,100
41349685769917,11:29:09.685,18.3700,200
41349685769917,11:29:09.685,18.3700,100
41353612650326,11:29:13.612,18.3600,100
41353612650326,11:29:13.612,18.3600,100
41361464032299,11:29:21.464,18.3600,100
41374026851957,11:29:34.026,18.3700,100
41375394052650,11:29:35.394,18.3800,100
41405141358158,11:30:05.141,18.3900,100
41405216754098,11:30:05.216,18.3900,100
41405333152113,11:30:05.333,18.3800,100
41405333152113,11:30:05.333,18.3800,100
41405333216802,11:30:05.333,18.3800,100
41405342340579,11:30:05.342,18.3800,100
41431336545873,11:30:31.336,18.4200,100
41432920192349,11:30:32.920,18.4300,400
41491922121905,11:31:31.922,18.4300,100
41495750395599,11:31:35.750,18.4400,35
41495750434171,11:31:35.750,18.4400,65
41495750434171,11:31:35.750,18.4400,135
41500228951781,11:31:40.228,18.4500,100
41500228951781,11:31:40.228,18.4500,100
41500228951781,11:31:40.228,18.4500,1330
41500228951781,11:31:40.228,18.4500,1200
41500229327429,11:31:40.229,18.4500,100
41574848034392,11:32:54.848,18.4500,200
41574915866218,11:32:54.915,18.4600,100
41575136508489,11:32:55.136,18.4600,100
41604513548676,11:33:24.513,18.4800,100
41656520219630,11:34:16.520,18.4800,100
41673622461628,11:34:33.622,18.4700,100
41732254810298,11:35:32.254,18.4800,100
41732254810298,11:35:32.254,18.4800,500
41746195258908,11:35:46.195,18.4700,100
41754056584033,11:35:54.056,18.4900,100
41754056584033,11:35:54.056,18.4900,100
41778569350178,11:36:18.569,18.5000,600
41778569350178,11:36:18.569,18.5000,100
41778569350178,11:36:18.569,18.5000,100
41828750901172,11:37:08.750,18.5000,100
41862816606675,11:37:42.816,18.5200,100
41939042473355,11:38:59.042,18.5200,100
41942434595329,11:39:02.434,18.5300,100
41943657815563,11:39:03.657,18.5400,100
41983911949835,11:39:43.911,18.5400,101
41983911949835,11:39:43.911,18.5400,100
42017280331883,11:40:17.280,18.5500,100
42017280566184,11:40:17.280,18.5500,100
42017405225243,11:40:17.405,18.5600,100
42017408000739,11:40:17.408,18.5600,700
42017408003459,11:40:17.408,18.5600,600
42017408003459,11:40:17.408,18.5600,100
42019616941059,11:40:19.616,18.5700,50
42026222073843,11:40:26.222,18.5700,500
42035777911780,11:40:35.777,18.5600,85
42040205663835,11:40:40.205,18.5600,60
42104065763797,11:41:44.065,18.5600,100
42124176907632,11:42:04.176,18.5700,124
42124177112520,11:42:04.177,18.5700,76
42129403733827,11:42:09.403,18.5900,100
42129403733827,11:42:09.403,18.5900,100
42129404399241,11:42:09.404,18.6000,360
42129404399241,11:42:09.404,18.6000,100
42129404399241,11:42:09.404,18.6000,100
42129404399241,11:42:09.404,18.6000,100
42129404399241,11:42:09.404,18.6000,200
42129404399241,11:42:09.404,18.6000,100
42129404399241,11:42:09.404,18.6000,200
42129404665002,11:42:09.404,18.6000,100
42129404665002,11:42:09.404,18.6000,100
42129404665002,11:42:09.404,18.6000,200
42139164958204,11:42:19.164,18.6000,100
42151238323777,11:42:31.238,18.6050,100
42151238830160,11:42:31.238,18.6050,250
42151239323817,11:42:31.239,18.6050,150
42217634240169,11:43:37.634,18.6100,400
42217634240169,11:43:37.634,18.6100,100
42264811106716,11:44:24.811,18.6200,100
42264811106716,11:44:24.811,18.6200,100
42317206524718,11:45:17.206,18.6100,100
42336675788354,11:45:36.675,18.6100,100
42342609854938,11:45:42.609,18.5800,100
42357831108045,11:45:57.831,18.5500,200
42414932661919,11:46:54.932,18.5600,100
42444280855182,11:47:24.280,18.5700,500
42534342920572,11:48:54.342,18.5600,100
42534342920572,11:48:54.342,18.5600,85
42534343073758,11:48:54.343,18.5600,15
42548490991081,11:49:08.490,18.5800,100
42561109687636,11:49:21.109,18.5800,4
42616770043270,11:50:16.770,18.5700,1
42656389297222,11:50:56.389,18.5700,100
42656389297222,11:50:56.389,18.5700,100
42656389297222,11:50:56.389,18.5700,400
42661753237576,11:51:01.753,18.5800,100
42661753237576,11:51:01.753,18.5800,100
42661753243578,11:51:01.753,18.5800,100
42781218030443,11:53:01.218,18.5900,100
42781218048107,11:53:01.218,18.5900,100
42781218048107,11:53:01.218,18.5900,100
42782635109892,11:53:02.635,18.5800,100
42782635109892,11:53:02.635,18.5800,100
42782635109892,11:53:02.635,18.5800,100
42782647358852,11:53:02.647,18.5800,30
42848274283248,11:54:08.274,18.5900,100
42901882020190,11:55:01.882,18.6000,100
42901882020190,11:55:01.882,18.6000,100
42906040914628,11:55:06.040,18.6000,100
42929235306646,11:55:29.235,18.6000,100
43020760346343,11:57:00.760,18.6100,100
43091391872546,11:58:11.391,18.6000,100
43091391872546,11:58:11.391,18.6000,100
43091391872546,11:58:11.391,18.6000,327
43097173654055,11:58:17.173,18.6000,100
43123536574599,11:58:43.536,18.6000,100
43123536574599,11:58:43.536,18.6000,200
43287257464695,12:01:27.257,18.6000,171
43287257479753,12:01:27.257,18.6000,129
43312533131803,12:01:52.533,18.5900,100
43316441135721,12:01:56.441,18.6000,100
43316753203394,12:01:56.753,18.6100,100
43319086108228,12:01:59.086,18.6100,100
43324430466411,12:02:04.430,18.6100,100
43333176538315,12:02:13.176,18.6200,100
43347162700359,12:02:27.162,18.6300,100
43374285512512,12:02:54.285,18.6300,108
43374285609401,12:02:54.285,18.6300,228
43381281689688,12:03:01.281,18.6400,100
43381281689688,12:03:01.281,18.6400,200
43381281689688,12:03:01.281,18.6400,100
43381282371995,12:03:01.282,18.6400,100
43381290223906,12:03:01.290,18.6500,100
43381290223906,12:03:01.290,18.6500,400
43381298822767,12:03:01.298,18.6500,800
43381298822767,12:03:01.298,18.6500,100
43381298867623,12:03:01.298,18.6500,100
43381299068512,12:03:01.299,18.6500,100
43381299068512,12:03:01.299,18.6500,100
43381299802980,12:03:01.299,18.6500,100
43381306398235,12:03:01.306,18.6500,35
43381344514260,12:03:01.344,18.6500,200
43392443107968,12:03:12.443,18.6300,100
43399086493945,12:03:19.086,18.6400,100
43414039371289,12:03:34.039,18.6400,100
43414039371289,12:03:34.039,18.6400,100
43414039371289,12:03:34.039,18.6400,100
43414039373720,12:03:34.039,18.6400,200
43414039373720,12:03:34.039,18.6400,100
43414039422418,12:03:34.039,18.6400,60
43414073931128,12:03:34.073,18.6400,40
43461555110704,12:04:21.555,18.6500,500
43464066339479,12:04:24.066,18.6300,1023
43464066404922,12:04:24.066,18.6300,777
43464066404922,12:04:24.066,18.6300,100
43464066646839,12:04:24.066,18.6300,100
43607440097389,12:06:47.440,18.6100,100
43607440097389,12:06:47.440,18.6100,100
43607586314316,12:06:47.586,18.6100,100
43607586314316,12:06:47.586,18.6100,100
43634883463396,12:07:14.883,18.6100,100
43664218117487,12:07:44.218,18.6000,50
43744702741050,12:09:04.702,18.6000,86
43746246849517,12:09:06.246,18.6000,114
43746246849517,12:09:06.246,18.6000,100
43747777301785,12:09:07.777,18.6100,100
43799733133096,12:09:59.733,18.6000,100
43799733133096,12:09:59.733,18.6000,100
43799733134112,12:09:59.733,18.6000,139
43799733154146,12:09:59.733,18.6000,61
43799733980095,12:09:59.733,18.6000,100
43799733980095,12:09:59.733,18.6000,39
43799737627012,12:09:59.737,18.6000,61
43799737627012,12:09:59.737,18.6000,100
43799737627012,12:09:59.737,18.6000,100
43825449516255,12:10:25.449,18.6200,100
43845696133050,12:10:45.696,18.6200,20
43907043380450,12:11:47.043,18.6200,79
43907043401917,12:11:47.043,18.6200,21
43907043401917,12:11:47.043,18.6200,100
43907043401917,12:11:47.043,18.6200,79
43907043478476,12:11:47.043,18.6200,100
43907043943369,12:11:47.043,18.6200,100
43907043943369,12:11:47.043,18.6200,21
43907043943369,12:11:47.043,18.6200,100
44003403938714,12:13:23.403,18.5800,100
44181679938987,12:16:21.679,18.5700,1
44181679946941,12:16:21.679,18.5700,99
44181679946941,12:16:21.679,18.5700,100
44201693154908,12:16:41.693,18.5600,100
44201693154908,12:16:41.693,18.5600,100
44202034799123,12:16:42.034,18.5500,100
44202034799123,12:16:42.034,18.5500,44
44202080390414,12:16:42.080,18.5500,56
44234045094169,12:17:14.045,18.5500,136
44234045164993,12:17:14.045,18.5500,200
44234045398185,12:17:14.045,18.5500,264
44234045398185,12:17:14.045,18.5500,66
44248946196252,12:17:28.946,18.5500,934
44317795403783,12:18:37.795,18.5500,100
44358005522428,12:19:18.005,18.5500,100
44358005522428,12:19:18.005,18.5500,100
44383399941493,12:19:43.399,18.5600,100
44434293809290,12:20:34.293,18.5600,100
44434293809290,12:20:34.293,18.5600,100
44462452894371,12:21:02.452,18.5700,100
44462456093887,12:21:02.456,18.5700,100
44462456093887,12:21:02.456,18.5700,100
44462456093887,12:21:02.456,18.5700,200
44462621328820,12:21:02.621,18.5600,100
44462621328820,12:21:02.621,18.5600,100
44462621328820,12:21:02.621,18.5600,100
44462621328820,12:21:02.621,18.5600,100
44462621328820,12:21:02.621,18.5600,200
44537515993162,12:22:17.515,18.5600,70
44537516095059,12:22:17.516,18.5600,30
44537516095059,12:22:17.516,18.5600,100
44537516140314,12:22:17.516,18.5600,100
44537516274044,12:22:17.516,18.5600,100
44537516274044,12:22:17.516,18.5600,100
44554107890580,12:22:34.107,18.5300,100
44568521636101,12:22:48.521,18.5400,100
44607039205872,12:23:27.039,18.5600,42
44607039326009,12:23:27.039,18.5600,58
44607427746853,12:23:27.427,18.5600,100
44655210601713,12:24:15.210,18.5600,100
44666153407053,12:24:26.153,18.5600,20
44705966588902,12:25:05.966,18.5700,100
44705969853176,12:25:05.969,18.5700,100
44705970193704,12:25:05.970,18.5700,200
44705970193704,12:25:05.970,18.5700,100
44705970193704,12:25:05.970,18.5700,100
44705970193704,12:25:05.970,18.5700,100
44705970193704,12:25:05.970,18.5700,300
44705970193704,12:25:05.970,18.5700,300
44708912060810,12:25:08.912,18.5700,100
44734796905426,12:25:34.796,18.5700,100
44734796905426,12:25:34.796,18.5700,100
44734811724813,12:25:34.811,18.5700,160
44900306275937,12:28:20.306,18.5800,100
44900306275937,12:28:20.306,18.5800,60
44900310522021,12:28:20.310,18.5800,32
44940210837347,12:29:00.210,18.5900,100
44945455726185,12:29:05.455,18.5900,100
44962538721214,12:29:22.538,18.5900,100
44962538721214,12:29:22.538,18.5900,100
44962538785769,12:29:22.538,18.5900,100
44983971293827,12:29:43.971,18.6000,600
44983971293827,12:29:43.971,18.6000,100
44986645465443,12:29:46.645,18.6000,100
44986645465443,12:29:46.645,18.6000,100
44991926539438,12:29:51.926,18.6000,500
45016592076694,12:30:16.592,18.6000,100
45089500819576,12:31:29.500,18.6000,100
45144493035546,12:32:24.493,18.5700,100
45144493036678,12:32:24.493,18.5700,100
45144493462572,12:32:24.493,18.5700,260
45144493688660,12:32:24.493,18.5700,40
45151475199191,12:32:31.475,18.5500,50
45154218666790,12:32:34.218,18.5400,100
45189008826918,12:33:09.008,18.5400,63
45244096683516,12:34:04.096,18.5400,100
45270735046846,12:34:30.735,18.5400,100
45270735046846,12:34:30.735,18.5400,100
45270735341197,12:34:30.735,18.5400,100
45272624318092,12:34:32.624,18.5600,100
45274493749965,12:34:34.493,18.5600,100
45328418704447,12:35:28.418,18.5400,100
45328418704447,12:35:28.418,18.5400,100
45328418704447,12:35:28.418,18.5400,60
45328418783591,12:35:28.418,18.5400,40
45328419328583,12:35:28.419,18.5400,100
45328419328583,12:35:28.419,18.5400,60
45368977576657,12:36:08.977,18.5200,100
45439451627781,12:37:19.451,18.5300,100
45533343507938,12:38:53.343,18.5300,900
45717570844152,12:41:57.570,18.5500,100
45726508972375,12:42:06.508,18.5400,100
45776870045429,12:42:56.870,18.5600,100
45776870427729,12:42:56.870,18.5600,100
45917713567258,12:45:17.713,18.5600,100
45917713567258,12:45:17.713,18.5600,100
45931835356631,12:45:31.835,18.5700,800
46025881060706,12:47:05.881,18.5700,100
46041531458189,12:47:21.531,18.5900,70
46043672001837,12:47:23.672,18.6000,350
46049674887104,12:47:29.674,18.6100,100
46049674887104,12:47:29.674,18.6100,100
46052311376217,12:47:32.311,18.5800,20
46052311546319,12:47:32.311,18.5800,100
46052311546319,12:47:32.311,18.5800,53
46052312120482,12:47:32.312,18.5800,47
46068456645740,12:47:48.456,18.5400,100
46133854302346,12:48:53.854,18.5800,100
46133854302346,12:48:53.854,18.5800,52
46133854884221,12:48:53.854,18.5800,48
46195863306482,12:49:55.863,18.5900,100
46196098608610,12:49:56.098,18.5900,100
46196098608610,12:49:56.098,18.5900,60
46196098612947,12:49:56.098,18.5900,40
46196098612947,12:49:56.098,18.5900,65
46390272445300,12:53:10.272,18.5800,100
46408570083991,12:53:28.570,18.5900,15
46459158836634,12:54:19.158,18.5800,100
46459158836634,12:54:19.158,18.5800,100
46459158836634,12:54:19.158,18.5800,300
46459158842655,12:54:19.158,18.5800,500
46459158877821,12:54:19.158,18.5800,1510
46459158887857,12:54:19.158,18.5800,283
46459158909210,12:54:19.158,18.5800,880
46459158915106,12:54:19.158,18.5800,227
46492178611540,12:54:52.178,18.5800,100
46492178611540,12:54:52.178,18.5800,100
46492178611540,12:54:52.178,18.5800,27
46492178694456,12:54:52.178,18.5800,73
46521604500709,12:55:21.604,18.5500,100
46551988715411,12:55:51.988,18.5400,100
46551988715411,12:55:51.988,18.5400,100
46551988715411,12:55:51.988,18.5400,100
46551988715411,12:55:51.988,18.5400,100
46551988715411,12:55:51.988,18.5400,200
46574504529969,12:56:14.504,18.5400,400
46574504529969,12:56:14.504,18.5400,100
46574505892358,12:56:14.505,18.5300,15
46574509922815,12:56:14.509,18.5300,285
46618810404076,12:56:58.810,18.5400,100
46665558815675,12:57:45.558,18.5300,100
46696466614968,12:58:16.466,18.5300,260
46696466656923,12:58:16.466,18.5300,400
46696466687367,12:58:16.466,18.5300,40
46895847758930,13:01:35.847,18.5000,200
46895904072295,13:01:35.904,18.5000,100
46895904072295,13:01:35.904,18.5000,100
46901623445834,13:01:41.623,18.4800,100
46901623445834,13:01:41.623,18.4800,100
46901623445834,13:01:41.623,18.4800,100
46901623445834,13:01:41.623,18.4800,300
46923355082774,13:02:03.355,18.4700,100
46926923867718,13:02:06.923,18.4800,100
46929466782715,13:02:09.466,18.5000,100
46935196393677,13:02:15.196,18.4900,100
47112536507759,13:05:12.536,18.4900,100
47198075502214,13:06:38.075,18.4900,100
47198075502214,13:06:38.075,18.4900,100
47198075950293,13:06:38.075,18.4900,68
47198076231603,13:06:38.076,18.4900,32
47198110336093,13:06:38.110,18.4800,100
47198110336093,13:06:38.110,18.4800,100
47198110336093,13:06:38.110,18.4800,100
47198110336093,13:06:38.110,18.4800,200
47321011845263,13:08:41.011,18.4700,200
47327733039213,13:08:47.733,18.4700,100
47411644729416,13:10:11.644,18.4700,100
47416738623972,13:10:16.738,18.4800,129
47416738688774,13:10:16.738,18.4800,166
47416738812180,13:10:16.738,18.4800,5
47423853142341,13:10:23.853,18.5000,7
47495747846537,13:11:35.747,18.4900,100
47621040955819,13:13:41.040,18.4700,100
47767227700555,13:16:07.227,18.4500,100
47767227700555,13:16:07.227,18.4500,100
47767227700555,13:16:07.227,18.4500,71
47767227727574,13:16:07.227,18.4500,29
47767229507399,13:16:07.229,18.4500,100
47767229556404,13:16:07.229,18.4500,100
47773183463551,13:16:13.183,18.4500,91
47773183798668,13:16:13.183,18.4500,9
47807504059053,13:16:47.504,18.4500,100
47866835791736,13:17:46.835,18.4600,100
47870090380763,13:17:50.090,18.4600,100
47870090380763,13:17:50.090,18.4600,100
48002593236794,13:20:02.593,18.4900,100
48331055111699,13:25:31.055,18.4500,100
48489164562022,13:28:09.164,18.4400,89
48489164638741,13:28:09.164,18.4400,71
48489164655194,13:28:09.164,18.4400,40
48496823295413,13:28:16.823,18.4300,100
48496823295413,13:28:16.823,18.4300,100
48519420933990,13:28:39.420,18.4400,100
48540998207626,13:29:00.998,18.4400,100
48598303489517,13:29:58.303,18.4400,100
48600506874508,13:30:00.506,18.4400,100
48600506874508,13:30:00.506,18.4400,100
48600506924619,13:30:00.506,18.4400,200
48660273833397,13:31:00.273,18.4300,100
48660273833397,13:31:00.273,18.4300,100
48660274207424,13:31:00.274,18.4300,100
48660274372868,13:31:00.274,18.4300,100
48660274372868,13:31:00.274,18.4300,100
48677801620936,13:31:17.801,18.4300,100
48677801620936,13:31:17.801,18.4300,100
48725394584539,13:32:05.394,18.4200,42
48725400072662,13:32:05.400,18.4200,100
48725400072662,13:32:05.400,18.4200,100
48725400207852,13:32:05.400,18.4200,100
48725544987289,13:32:05.544,18.4100,100
48725544987289,13:32:05.544,18.4100,100
48725544987289,13:32:05.544,18.4100,100
48725545351968,13:32:05.545,18.4100,71
48725545377853,13:32:05.545,18.4100,29
48741512664636,13:32:21.512,18.4200,100
48741512664636,13:32:21.512,18.4200,90
48741512753046,13:32:21.512,18.4200,10
48741513204972,13:32:21.513,18.4200,100
48741513204972,13:32:21.513,18.4200,100
48741513204972,13:32:21.513,18.4200,100
48781059298122,13:33:01.059,18.4200,100
48838508361564,13:33:58.508,18.4100,100
48841636583113,13:34:01.636,18.4200,100
48886309594065,13:34:46.309,18.4100,100
48973273475724,13:36:13.273,18.4000,100
48993269896103,13:36:33.269,18.4100,100
48993269896103,13:36:33.269,18.4100,100
49205211163268,13:40:05.211,18.4300,100
49205211163268,13:40:05.211,18.4300,100
49205211163268,13:40:05.211,18.4300,100
49205212942041,13:40:05.212,18.4300,63
49205420876348,13:40:05.420,18.4300,100
49205420876348,13:40:05.420,18.4300,100
49220392841584,13:40:20.392,18.4200,100
49220392841584,13:40:20.392,18.4200,100
49275799688253,13:41:15.799,18.4000,100
49275799688253,13:41:15.799,18.4000,100
49275799688253,13:41:15.799,18.4000,100
49313947897590,13:41:53.947,18.3900,100
49313947897590,13:41:53.947,18.3900,100
49328596566225,13:42:08.596,18.3900,100
49348427184124,13:42:28.427,18.3600,100
49348427185904,13:42:28.427,18.3600,100
49353387986537,13:42:33.387,18.3300,500
49360411288397,13:42:40.411,18.3200,100
49376915948449,13:42:56.915,18.3400,111
49376915969099,13:42:56.915,18.3400,200
49405645158319,13:43:25.645,18.3600,200
49405645170728,13:43:25.645,18.3600,200
49405645186846,13:43:25.645,18.3600,260
49405645234621,13:43:25.645,18.3600,200
49405645392893,13:43:25.645,18.3600,140
49413939297905,13:43:33.939,18.3600,100
49413939297905,13:43:33.939,18.3600,14
49413939310986,13:43:33.939,18.3600,82
49413939373475,13:43:33.939,18.3600,4
49413939373475,13:43:33.939,18.3600,96
49413939379105,13:43:33.939,18.3600,4
49505350020248,13:45:05.350,18.3900,100
49505350020248,13:45:05.350,18.3900,100
49517498693421,13:45:17.498,18.3800,100
49517498693421,13:45:17.498,18.3800,60
49535518207307,13:45:35.518,18.3800,60
49538848219992,13:45:38.848,18.3800,40
49569713904231,13:46:09.713,18.3800,100
49569713904231,13:46:09.713,18.3800,176
49623289624319,13:47:03.289,18.3800,100
49679961896837,13:47:59.961,18.3800,15
49679961896837,13:47:59.961,18.3800,200
49732297667038,13:48:52.297,18.4000,200
49732297667038,13:48:52.297,18.4000,100
49739729100407,13:48:59.729,18.4100,100
49739729100407,13:48:59.729,18.4100,100
49739729100407,13:48:59.729,18.4100,100
49739729100407,13:48:59.729,18.4100,300
49739729103000,13:48:59.729,18.4100,100
49739729103000,13:48:59.729,18.4100,300
49739729103000,13:48:59.729,18.4100,200
49739729145038,13:48:59.729,18.4100,800
49739729145038,13:48:59.729,18.4100,900
49739729857760,13:48:59.729,18.4100,200
49739729857760,13:48:59.729,18.4100,200
49740219142831,13:49:00.219,18.4200,60
49744795297894,13:49:04.795,18.4200,40
49873674905701,13:51:13.674,18.4300,3
49874268546820,13:51:14.268,18.4300,97
49943001512937,13:52:23.001,18.4200,100
49983074087526,13:53:03.074,18.4200,100
50118381256555,13:55:18.381,18.4100,250
50202798449273,13:56:42.798,18.3800,100
50202798449273,13:56:42.798,18.3800,40
50202901406934,13:56:42.901,18.3800,100
50202901406934,13:56:42.901,18.3800,200
50202901406934,13:56:42.901,18.3800,100
50202901406934,13:56:42.901,18.3800,100
50202901406934,13:56:42.901,18.3800,100
50202901406934,13:56:42.901,18.3800,1100
50202901406934,13:56:42.901,18.3800,400
50202901406934,13:56:42.901,18.3800,700
50202901413325,13:56:42.901,18.3800,300
50202901413325,13:56:42.901,18.3800,300
50238391822720,13:57:18.391,18.3900,100
50238391822720,13:57:18.391,18.3900,100
50355470379085,13:59:15.470,18.3700,3
50357775388131,13:59:17.775,18.3500,100
50357806266294,13:59:17.806,18.3500,200
50357806266294,13:59:17.806,18.3500,100
50368344381316,13:59:28.344,18.3400,100
50391099792110,13:59:51.099,18.3200,100
50394389322559,13:59:54.389,18.3400,100
50394736507138,13:59:54.736,18.3300,300
50394736507138,13:59:54.736,18.3300,100
50394736507138,13:59:54.736,18.3300,100
50394736507138,13:59:54.736,18.3300,1000
50409002793730,14:00:09.002,18.3800,1200
50409002793730,14:00:09.002,18.3800,100
50409002927327,14:00:09.002,18.3800,100
50409390233984,14:00:09.390,18.3900,100
50409732774576,14:00:09.732,18.3900,100
50410226323194,14:00:10.226,18.4000,100
50410438165837,14:00:10.438,18.3900,100
50410781697560,14:00:10.781,18.3900,100
50411084462205,14:00:11.084,18.4000,60
50411186666941,14:00:11.186,18.4000,40
50411943430508,14:00:11.943,18.4000,100
50412425888449,14:00:12.425,18.4000,100
50413090115481,14:00:13.090,18.4100,100
50421893372594,14:00:21.893,18.4200,100
50436585759536,14:00:36.585,18.4400,200
50436585759536,14:00:36.585,18.4400,100
50436585759536,14:00:36.585,18.4400,100
50442966466384,14:00:42.966,18.4600,60
50449050525002,14:00:49.050,18.4700,100
50450338904990,14:00:50.338,18.4700,100
50453170713275,14:00:53.170,18.4700,100
50463375990545,14:01:03.375,18.4800,30
50466274125365,14:01:06.274,18.4900,100
50470422267649,14:01:10.422,18.4900,100
50470479061369,14:01:10.479,18.4900,100
50482863883785,14:01:22.863,18.5000,100
50482864164031,14:01:22.864,18.5000,100
50487831872015,14:01:27.831,18.4900,100
50502654716578,14:01:42.654,18.4900,200
50505900238264,14:01:45.900,18.4800,32
50539396495274,14:02:19.396,18.4400,1200
50539396495274,14:02:19.396,18.4400,34
50544348671067,14:02:24.348,18.4200,100
50568648451003,14:02:48.648,18.4100,100
50570025195039,14:02:50.025,18.4100,100
50571056922732,14:02:51.056,18.4100,100
50572143750340,14:02:52.143,18.4100,100
50573773164214,14:02:53.773,18.3900,100
50582392421519,14:03:02.392,18.4000,1500
50582392421519,14:03:02.392,18.4000,100
50582392421519,14:03:02.392,18.4000,100
50606186331611,14:03:26.186,18.4400,100
50626153965861,14:03:46.153,18.4500,100
50633278178565,14:03:53.278,18.4400,100
50653436908635,14:04:13.436,18.5000,200
50653436938065,14:04:13.436,18.5000,150
50654437955713,14:04:14.437,18.5100,200
50654438088550,14:04:14.438,18.5100,354
50654438127865,14:04:14.438,18.5100,200
50654438343616,14:04:14.438,18.5100,400
50654438596164,14:04:14.438,18.5100,34
50654438830922,14:04:14.438,18.5100,247
50654439928077,14:04:14.439,18.5100,1089
50654441644497,14:04:14.441,18.5100,476
50655718462977,14:04:15.718,18.5100,100
50675960569959,14:04:35.960,18.5000,100
50676101763878,14:04:36.101,18.4900,100
50689136098780,14:04:49.136,18.5000,100
50726273174768,14:05:26.273,18.4700,100
50773693065440,14:06:13.693,18.4500,53
50773693077572,14:06:13.693,18.4500,47
50775382209252,14:06:15.382,18.4500,100
50775382297101,14:06:15.382,18.4500,100
50800193939677,14:06:40.193,18.4600,100
50808604522077,14:06:48.604,18.4500,100
50808694441249,14:06:48.694,18.4500,100
50823855919941,14:07:03.855,18.4600,25
50853418594455,14:07:33.418,18.4600,100
50853418727549,14:07:33.418,18.4600,100
50853448919318,14:07:33.448,18.4600,100
50853712290868,14:07:33.712,18.4600,100
50891173064684,14:08:11.173,18.4500,100
50955101574375,14:09:15.101,18.4400,100
50955101910857,14:09:15.101,18.4400,100
50955103602627,14:09:15.103,18.4400,100
50962319793713,14:09:22.319,18.4400,100
50974926607248,14:09:34.926,18.4000,100
50990925609674,14:09:50.925,18.3900,100
50990986496701,14:09:50.986,18.3800,21
50990986578521,14:09:50.986,18.3800,79
50991128611375,14:09:51.128,18.3800,100
50991128611375,14:09:51.128,18.3800,100
51118359621241,14:11:58.359,18.4000,100
51292557864518,14:14:52.557,18.4300,100
51292557864518,14:14:52.557,18.4300,100
51292557864518,14:14:52.557,18.4300,1200
51292657631978,14:14:52.657,18.4300,20
51300166597184,14:15:00.166,18.4200,100
51300166597184,14:15:00.166,18.4200,200
51300166597184,14:15:00.166,18.4200,1200
51300166597184,14:15:00.166,18.4200,15
51300166716410,14:15:00.166,18.4200,85
51300168858289,14:15:00.168,18.4100,100
51300168858289,14:15:00.168,18.4100,100
51300168858289,14:15:00.168,18.4100,100
51300168858289,14:15:00.168,18.4000,100
51300168858289,14:15:00.168,18.4000,100
51300168858289,14:15:00.168,18.4000,100
51300168858289,14:15:00.168,18.4000,100
51300168858289,14:15:00.168,18.4000,100
51300202171713,14:15:00.202,18.3900,100
51300202171713,14:15:00.202,18.3900,100
51300202171713,14:15:00.202,18.3900,100
51300209537066,14:15:00.209,18.3900,100
51300224734476,14:15:00.224,18.3900,100
51300224734476,14:15:00.224,18.3900,100
51300265032850,14:15:00.265,18.3800,47
51300266059546,14:15:00.266,18.3800,53
51300278230950,14:15:00.278,18.3800,100
51300278230950,14:15:00.278,18.3800,100
51300366483002,14:15:00.366,18.3750,100
51300366483002,14:15:00.366,18.3800,98
51300366601264,14:15:00.366,18.3800,200
51300372127683,14:15:00.372,18.3800,2
51300372127683,14:15:00.372,18.3800,100
51300372127683,14:15:00.372,18.3800,100
51300372127683,14:15:00.372,18.3800,200
51300382871250,14:15:00.382,18.3900,100
51300382871250,14:15:00.382,18.3900,200
51300433242438,14:15:00.433,18.3900,100
51300433242438,14:15:00.433,18.3900,100
51300797017774,14:15:00.797,18.3900,100
51300824145185,14:15:00.824,18.3900,189
51300824204041,14:15:00.824,18.3900,200
51300824948881,14:15:00.824,18.3900,200
51301494685380,14:15:01.494,18.3700,100
51302895804384,14:15:02.895,18.3700,100
51314261236727,14:15:14.261,18.3600,70
51314261278715,14:15:14.261,18.3600,130
51314261278715,14:15:14.261,18.3600,70
51321932431312,14:15:21.932,18.3600,100
51321932431312,14:15:21.932,18.3600,400
51321932431312,14:15:21.932,18.3600,100
51321932431312,14:15:21.932,18.3600,100
51321932431312,14:15:21.932,18.3600,100
51321932431312,14:15:21.932,18.3600,1000
51321932431312,14:15:21.932,18.3600,1000
51321932446878,14:15:21.932,18.3600,1000
51321932471251,14:15:21.932,18.3500,100
51321932471251,14:15:21.932,18.3500,100
51321932471251,14:15:21.932,18.3500,100
51321932471251,14:15:21.932,18.3500,100
51321932471251,14:15:21.932,18.3500,100
51321932638598,14:15:21.932,18.3600,100
51321932765657,14:15:21.932,18.3600,100
51321933058395,14:15:21.933,18.3600,100
51321933838059,14:15:21.933,18.3600,10
51321937097686,14:15:21.937,18.3400,100
51321937097686,14:15:21.937,18.3400,200
51321945934477,14:15:21.945,18.3300,133
51321946000390,14:15:21.946,18.3300,133
51321946043969,14:15:21.946,18.3300,234
51321946043969,14:15:21.946,18.3300,100
51321946043969,14:15:21.946,18.3300,100
51321946043969,14:15:21.946,18.3300,100
51321966253172,14:15:21.966,18.3200,100
51321966253172,14:15:21.966,18.3200,100
51322025423229,14:15:22.025,18.3200,100
51322028456259,14:15:22.028,18.3200,100
51322618288787,14:15:22.618,18.3400,2
51322618332065,14:15:22.618,18.3400,98
51322618332065,14:15:22.618,18.3400,100
51323799645237,14:15:23.799,18.3400,100
51323799645237,14:15:23.799,18.3400,100
51323799645237,14:15:23.799,18.3400,100
51324331584773,14:15:24.331,18.3500,100
51324331584773,14:15:24.331,18.3500,400
51324331584773,14:15:24.331,18.3500,100
51324332154835,14:15:24.332,18.3500,100
51338758026625,14:15:38.758,18.3400,2
51342993432144,14:15:42.993,18.3200,100
51354310192872,14:15:54.310,18.3700,80
51365282939933,14:16:05.282,18.4100,100
51366310232561,14:16:06.310,18.4200,100
51370565735967,14:16:10.565,18.4100,100
51398358935324,14:16:38.358,18.4300,100
51404726082301,14:16:44.726,18.4100,100
51404726082301,14:16:44.726,18.4100,100
51404726082301,14:16:44.726,18.4100,100
51404726082301,14:16:44.726,18.4100,200
51404726082301,14:16:44.726,18.4100,1200
51404726082301,14:16:44.726,18.4100,500
51404727235435,14:16:44.727,18.4100,33
51404758743463,14:16:44.758,18.4000,100
51432283362608,14:17:12.283,18.4100,100
51437053104954,14:17:17.053,18.4100,100
51437053104954,14:17:17.053,18.4100,100
51437053104954,14:17:17.053,18.4100,200
51447760208365,14:17:27.760,18.3800,100
51449638910033,14:17:29.638,18.3800,100
51449639177280,14:17:29.639,18.3800,60
51449640212945,14:17:29.640,18.3800,100
51451618810682,14:17:31.618,18.3800,100
51459589391139,14:17:39.589,18.3900,100
51459589445434,14:17:39.589,18.3900,100
51459590044883,14:17:39.590,18.3900,100
51459590044883,14:17:39.590,18.3900,100
51460667130770,14:17:40.667,18.3900,100
51474590553536,14:17:54.590,18.3900,100
51481290520951,14:18:01.290,18.4000,100
51481290520951,14:18:01.290,18.4000,100
51481291183844,14:18:01.291,18.4100,100
51481291183844,14:18:01.291,18.4100,100
51481291183844,14:18:01.291,18.4100,100
51481291674987,14:18:01.291,18.4100,100
51481396906674,14:18:01.396,18.4300,100
51481396947259,14:18:01.396,18.4300,100
51486927492808,14:18:06.927,18.4300,100
51499176720123,14:18:19.176,18.4400,100
51502196895289,14:18:22.196,18.4300,100
51521878200760,14:18:41.878,18.4100,100
51521878256689,14:18:41.878,18.4100,100
51611732128410,14:20:11.732,18.4200,100
51640272699532,14:20:40.272,18.4200,2
51654695213559,14:20:54.695,18.4300,100
51654695213559,14:20:54.695,18.4300,1500
51654695213559,14:20:54.695,18.4300,100
51655335175957,14:20:55.335,18.4300,100
51676830901023,14:21:16.830,18.4600,100
51676830901023,14:21:16.830,18.4600,100
51676830901023,14:21:16.830,18.4600,100
51676830901023,14:21:16.830,18.4600,300
51681693996772,14:21:21.693,18.4500,100
51681916595636,14:21:21.916,18.4500,60
51681923355626,14:21:21.923,18.4500,23
51681926015751,14:21:21.926,18.4500,17
51683953203724,14:21:23.953,18.4400,100
51687249939838,14:21:27.249,18.4300,100
51719916719969,14:21:59.916,18.4600,60
51720385721848,14:22:00.385,18.4600,115
51720385942342,14:22:00.385,18.4600,825
51747874872309,14:22:27.874,18.4300,100
51763504489370,14:22:43.504,18.4400,100
51763504489370,14:22:43.504,18.4400,100
51773306919388,14:22:53.306,18.4200,100
51780021033173,14:23:00.021,18.4200,100
51791617207646,14:23:11.617,18.3900,100
51791617207646,14:23:11.617,18.3900,100
51794633774430,14:23:14.633,18.3800,100
51795254260323,14:23:15.254,18.3700,100
51795363530822,14:23:15.363,18.3700,100
51795363530822,14:23:15.363,18.3700,100
51795363530822,14:23:15.363,18.3700,100
51795789292391,14:23:15.789,18.3700,100
51797168296628,14:23:17.168,18.3800,100
51797196497351,14:23:17.196,18.3900,100
51812481992396,14:23:32.481,18.4200,100
51812481992396,14:23:32.481,18.4200,100
51812481992396,14:23:32.481,18.4200,100
51812481992396,14:23:32.481,18.4200,100
51812481992396,14:23:32.481,18.4200,700
51812481994532,14:23:32.481,18.4200,300
51812481994532,14:23:32.481,18.4200,800
51812481999865,14:23:32.481,18.4200,200
51812482433700,14:23:32.482,18.4200,100
51812482433700,14:23:32.482,18.4200,100
51830343927781,14:23:50.343,18.4100,100
51855019774016,14:24:15.019,18.4300,100
51856815943514,14:24:16.815,18.4300,100
51874917597720,14:24:34.917,18.4300,100
51878908495909,14:24:38.908,18.4100,100
51882049096904,14:24:42.049,18.4100,100
51901222490713,14:25:01.222,18.4200,100
51913356423794,14:25:13.356,18.3900,100
51913356423794,14:25:13.356,18.3900,200
51913387922312,14:25:13.387,18.3800,100
51913389058544,14:25:13.389,18.3800,100
51917116353099,14:25:17.116,18.3700,100
51923189357718,14:25:23.189,18.3700,60
51928884588946,14:25:28.884,18.3500,100
51949198918942,14:25:49.198,18.3400,100
51949198918942,14:25:49.198,18.3400,100
51949275002494,14:25:49.275,18.3300,140
51949275097780,14:25:49.275,18.3300,256
51949275579999,14:25:49.275,18.3300,200
51949276154343,14:25:49.276,18.3300,4
51949276154343,14:25:49.276,18.3300,100
51952518847063,14:25:52.518,18.3100,83
51952518918330,14:25:52.518,18.3100,17
51952518918330,14:25:52.518,18.3100,100
51952535960128,14:25:52.535,18.3000,12
51952781976183,14:25:52.781,18.3000,83
51952781996902,14:25:52.781,18.3000,5
51952781996902,14:25:52.781,18.3000,10
51952782027019,14:25:52.782,18.3000,24
51952782052362,14:25:52.782,18.3000,66
51952799490466,14:25:52.799,18.2900,51
51952996920269,14:25:52.996,18.2900,100
51952996920269,14:25:52.996,18.2900,100
51953099915718,14:25:53.099,18.2900,100
51981221527216,14:26:21.221,18.2800,60
51981225216235,14:26:21.225,18.2800,743
51981637989089,14:26:21.637,18.2800,23
51981637989089,14:26:21.637,18.2800,1387
51981638067566,14:26:21.638,18.2800,200
51981856337224,14:26:21.856,18.2800,3100
51981856339790,14:26:21.856,18.2800,313
51981911194076,14:26:21.911,18.2700,1000
51982086689594,14:26:22.086,18.2700,1000
51997497507782,14:26:37.497,18.2700,100
51997497507782,14:26:37.497,18.2700,400
52018355046722,14:26:58.355,18.2600,100
52021797580232,14:27:01.797,18.2600,330
52023580891065,14:27:03.580,18.2400,100
52024741765577,14:27:04.741,18.2500,200
52024741765577,14:27:04.741,18.2500,100
52033921326919,14:27:13.921,18.2700,100
52051801187760,14:27:31.801,18.3000,100
52052029664352,14:27:32.029,18.3000,100
52052398890556,14:27:32.398,18.3000,2
52055280745942,14:27:35.280,18.3000,100
52056258698684,14:27:36.258,18.3200,100
52056338051069,14:27:36.338,18.3200,100
52056338051069,14:27:36.338,18.3200,100
52056338827096,14:27:36.338,18.3200,100
52063586995313,14:27:43.586,18.3300,100
52063587147588,14:27:43.587,18.3300,100
52081357976520,14:28:01.357,18.2600,100
52085988289322,14:28:05.988,18.2300,100
52089111210450,14:28:09.111,18.2100,1510
52089113122758,14:28:09.113,18.2100,80
52089113456635,14:28:09.113,18.2100,200
52089114208889,14:28:09.114,18.2100,1410
52091205271931,14:28:11.205,18.2000,496
52091205292913,14:28:11.205,18.2000,104
52092012037888,14:28:12.012,18.2000,500
52092012037888,14:28:12.012,18.2000,100
52095515634343,14:28:15.515,18.1900,200
52095515634343,14:28:15.515,18.1900,100
52096087431866,14:28:16.087,18.2000,2
52113066217486,14:28:33.066,18.1700,100
52144220131227,14:29:04.220,18.1900,184
52163200842653,14:29:23.200,18.2300,400
52163200842653,14:29:23.200,18.2300,100
52187053508308,14:29:47.053,18.2200,400
52196982958444,14:29:56.982,18.2300,100
52199776002200,14:29:59.776,18.2300,100
52201005298529,14:30:01.005,18.2300,100
52201005298529,14:30:01.005,18.2300,100
52201005298529,14:30:01.005,18.2300,100
52201006198698,14:30:01.006,18.2300,100
52201006198698,14:30:01.006,18.2300,1200
52206318014264,14:30:06.318,18.2300,100
52233338200780,14:30:33.338,18.2400,300
52237964415097,14:30:37.964,18.2300,260
52247667397987,14:30:47.667,18.2400,40
52271222638337,14:31:11.222,18.2700,100
52271222638337,14:31:11.222,18.2700,100
52323653436872,14:32:03.653,18.2500,100
52323657809620,14:32:03.657,18.2400,100
52323657809620,14:32:03.657,18.2400,100
52323657809620,14:32:03.657,18.2400,1500
52323657809620,14:32:03.657,18.2400,100
52323665829920,14:32:03.665,18.2400,100
52346271113701,14:32:26.271,18.2100,100
52351049865863,14:32:31.049,18.2100,100
52364261678212,14:32:44.261,18.2100,100
52409114237558,14:33:29.114,18.1800,370
52419595009681,14:33:39.595,18.1800,200
52419595014329,14:33:39.595,18.1800,200
52468042884930,14:34:28.042,18.2100,100
52474092869831,14:34:34.092,18.2100,100
52474092869831,14:34:34.092,18.2100,100
52474092869831,14:34:34.092,18.2100,100
52474092869831,14:34:34.092,18.2100,100
52478131926345,14:34:38.131,18.2000,100
52478131926345,14:34:38.131,18.2000,100
52478260274448,14:34:38.260,18.2000,100
52478260274448,14:34:38.260,18.2000,100
52478260274448,14:34:38.260,18.2000,100
52478260274448,14:34:38.260,18.2000,100
52478260274448,14:34:38.260,18.2000,100
52493534299478,14:34:53.534,18.2000,100
52509553097140,14:35:09.553,18.1800,1230
52509553753675,14:35:09.553,18.1800,100
52509553753675,14:35:09.553,18.1800,100
52509574131325,14:35:09.574,18.1800,100
52509574131325,14:35:09.574,18.1800,100
52509574131325,14:35:09.574,18.1800,100
52509574131325,14:35:09.574,18.1800,380
52518768710847,14:35:18.768,18.1700,100
52539021188596,14:35:39.021,18.1800,100
52539021466933,14:35:39.021,18.1800,100
52539021466933,14:35:39.021,18.1800,160
52543942470367,14:35:43.942,18.1800,100
52543942470367,14:35:43.942,18.1800,100
52549222291923,14:35:49.222,18.1800,100
52593800586713,14:36:33.800,18.1600,100
52593800586713,14:36:33.800,18.1600,100
52593801389118,14:36:33.801,18.1600,100
52593801390504,14:36:33.801,18.1600,200
52594259501370,14:36:34.259,18.1600,83
52632679109456,14:37:12.679,18.1500,100
52644674037507,14:37:24.674,18.1700,100
52700058519278,14:38:20.058,18.2000,60
52709740177249,14:38:29.740,18.1900,100
52728600277847,14:38:48.600,18.2000,60
52728600355691,14:38:48.600,18.2000,100
52749145608469,14:39:09.145,18.2000,100
52799797308509,14:39:59.797,18.2100,100
52799797308509,14:39:59.797,18.2100,100
52799954730349,14:39:59.954,18.2100,100
52799954730349,14:39:59.954,18.2100,100
52799954730349,14:39:59.954,18.2100,500
52799954730349,14:39:59.954,18.2100,375
52848377946380,14:40:48.377,18.1900,700
52964486269798,14:42:44.486,18.2200,100
53160077994469,14:46:00.077,18.2200,1
53160078037195,14:46:00.078,18.2200,99
53173227439934,14:46:13.227,18.2200,1
53173227464076,14:46:13.227,18.2200,99
53226101975536,14:47:06.101,18.2300,100
53258048601124,14:47:38.048,18.2300,100
53261041226903,14:47:41.041,18.2400,100
53263634058706,14:47:43.634,18.2400,100
53273371816393,14:47:53.371,18.2300,100
53290246595399,14:48:10.246,18.2400,100
53422649155074,14:50:22.649,18.2400,200
53451237109683,14:50:51.237,18.2300,50
53487795349278,14:51:27.795,18.2100,100
53498879005962,14:51:38.879,18.2000,50
53508478007364,14:51:48.478,18.2100,100
53508478007364,14:51:48.478,18.2100,100
53508478007364,14:51:48.478,18.2100,1500
53508478007364,14:51:48.478,18.2100,100
53594891581105,14:53:14.891,18.2400,100
53664522694242,14:54:24.522,18.2300,100
53664522694242,14:54:24.522,18.2300,100
53664522694242,14:54:24.522,18.2300,100
53670111272673,14:54:30.111,18.2400,100
53670111277287,14:54:30.111,18.2400,100
53670111277287,14:54:30.111,18.2400,100
53670111277287,14:54:30.111,18.2400,100
53670111277287,14:54:30.111,18.2400,100
53670111664549,14:54:30.111,18.2400,100
53714994155666,14:55:14.994,18.2600,100
53714994155666,14:55:14.994,18.2600,100
53714994684815,14:55:14.994,18.2600,100
53714995225726,14:55:14.995,18.2600,100
53715975500712,14:55:15.975,18.2600,50
53725290783791,14:55:25.290,18.2600,100
53725290783791,14:55:25.290,18.2600,100
53734760203045,14:55:34.760,18.2500,100
53745862653577,14:55:45.862,18.2500,100
53745862653577,14:55:45.862,18.2500,100
53773960845185,14:56:13.960,18.2500,100
53773960845185,14:56:13.960,18.2500,100
53775714046923,14:56:15.714,18.2500,2
53775714516914,14:56:15.714,18.2500,98
53780429552642,14:56:20.429,18.2500,100
53780429552642,14:56:20.429,18.2500,100
53793288656344,14:56:33.288,18.2500,100
53803602159242,14:56:43.602,18.2500,100
53803602159242,14:56:43.602,18.2500,100
53803602159242,14:56:43.602,18.2500,100
53808211406557,14:56:48.211,18.2500,100
53808211406557,14:56:48.211,18.2500,100
53808211829867,14:56:48.211,18.2500,100
53826279084776,14:57:06.279,18.2400,100
53826279084776,14:57:06.279,18.2400,100
53855608206263,14:57:35.608,18.2300,100
53855608206263,14:57:35.608,18.2300,58
53860121066957,14:57:40.121,18.2400,100
53862744165800,14:57:42.744,18.2400,100
53947707315959,14:59:07.707,18.2500,100
53947708180505,14:59:07.708,18.2500,100
53978975128139,14:59:38.975,18.2500,100
53979877081988,14:59:39.877,18.2500,100
53979877081988,14:59:39.877,18.2500,100
54009350813912,15:00:09.350,18.2500,100
54009350818013,15:00:09.350,18.2500,100
54085392745223,15:01:25.392,18.2500,100
54090275895006,15:01:30.275,18.2500,100
54147955584632,15:02:27.955,18.2400,100
54156594280138,15:02:36.594,18.2400,100
54159690525344,15:02:39.690,18.2500,100
54247344288357,15:04:07.344,18.2500,100
54297937008771,15:04:57.937,18.2300,100
54356244713051,15:05:56.244,18.2200,100
54402386121331,15:06:42.386,18.2000,500
54415809013429,15:06:55.809,18.2000,100
54415809953139,15:06:55.809,18.2000,100
54537610033614,15:08:57.610,18.2000,100
54571034585004,15:09:31.034,18.2000,100
54593640788681,15:09:53.640,18.1900,100
54612439082589,15:10:12.439,18.1800,150
54614953530643,15:10:14.953,18.1800,1950
54635271681284,15:10:35.271,18.1700,100
54684284333485,15:11:24.284,18.1700,100
54687336907509,15:11:27.336,18.1700,100
54775714330078,15:12:55.714,18.1600,200
54819916633748,15:13:39.916,18.1700,100
54850955527458,15:14:10.955,18.1700,100
54921728519355,15:15:21.728,18.1800,30
54988289123146,15:16:28.289,18.1800,100
54988289123146,15:16:28.289,18.1800,100
54989585034511,15:16:29.585,18.1800,100
55031135407258,15:17:11.135,18.1800,149
55031135479766,15:17:11.135,18.1800,200
55031135520426,15:17:11.135,18.1800,51
55034078568172,15:17:14.078,18.1800,100
55052080037069,15:17:32.080,18.1800,100
55052080037069,15:17:32.080,18.1800,100
55066799356131,15:17:46.799,18.1800,100
55100509729822,15:18:20.509,18.1800,100
55136640263933,15:18:56.640,18.1800,100
55188526961085,15:19:48.526,18.1800,100
55188527077924,15:19:48.527,18.1800,100
55188527077924,15:19:48.527,18.1800,200
55213581575303,15:20:13.581,18.1700,100
55218932043393,15:20:18.932,18.1600,773
55231211865998,15:20:31.211,18.1600,200
55231211865998,15:20:31.211,18.1600,100
55231211865998,15:20:31.211,18.1600,100
55231211865998,15:20:31.211,18.1600,100
55231211865998,15:20:31.211,18.1600,100
55231211865998,15:20:31.211,18.1600,400
55231213218849,15:20:31.213,18.1600,400
55231213218849,15:20:31.213,18.1600,100
55380956936069,15:23:00.956,18.1600,100
55400591974914,15:23:20.591,18.1600,100
55527634931157,15:25:27.634,18.1600,100
55527634931157,15:25:27.634,18.1600,100
55709152199237,15:28:29.152,18.1800,100
55709152199237,15:28:29.152,18.1800,100
55709188673029,15:28:29.188,18.1800,60
55737741945137,15:28:57.741,18.1900,100
55737741945137,15:28:57.741,18.1900,100
55737742155775,15:28:57.742,18.1900,100
55747723425629,15:29:07.723,18.1900,100
55747723425629,15:29:07.723,18.1900,500
55751540973363,15:29:11.540,18.1900,100
55751540973363,15:29:11.540,18.1900,400
55751540973363,15:29:11.540,18.1900,100
55764125208078,15:29:24.125,18.1900,6
55787353703897,15:29:47.353,18.2000,100
55884353513488,15:31:24.353,18.2100,60
55897679391937,15:31:37.679,18.2100,100
55897679391937,15:31:37.679,18.2100,100
55933833021419,15:32:13.833,18.2100,100
55933833021419,15:32:13.833,18.2100,100
55933833021419,15:32:13.833,18.2100,150
56057784332391,15:34:17.784,18.2100,100
56145879333438,15:35:45.879,18.2350,29
56182156661550,15:36:22.156,18.2300,100
56182156661550,15:36:22.156,18.2300,100
56280708526032,15:38:00.708,18.2400,100
56289752637366,15:38:09.752,18.2400,100
56296540957624,15:38:16.540,18.2400,100
56334517280375,15:38:54.517,18.2500,200
56334517359452,15:38:54.517,18.2500,200
56334517363923,15:38:54.517,18.2500,35
56334517938670,15:38:54.517,18.2500,215
56702442306272,15:45:02.442,18.2400,500
56702442306272,15:45:02.442,18.2400,100
56702442306272,15:45:02.442,18.2400,100
56702444142099,15:45:02.444,18.2400,100
56702472744606,15:45:02.472,18.2400,400
56705913253273,15:45:05.913,18.2400,100
56733266440537,15:45:33.266,18.2400,100
56736934648890,15:45:36.934,18.2400,100
56736934648890,15:45:36.934,18.2400,100
56743412539187,15:45:43.412,18.2400,100
56877324214060,15:47:57.324,18.2400,100
56877324214060,15:47:57.324,18.2400,53
56904053169417,15:48:24.053,18.2400,260
56904053173421,15:48:24.053,18.2400,87
56904053173421,15:48:24.053,18.2400,100
57068470920666,15:51:08.470,18.2400,28
57068471276982,15:51:08.471,18.2400,12
57068545268033,15:51:08.545,18.2400,114
57068710286230,15:51:08.710,18.2400,46
57079479550895,15:51:19.479,18.2400,100
57079479550895,15:51:19.479,18.2400,53
57079479550895,15:51:19.479,18.2400,100
57079479550895,15:51:19.479,18.2400,1100
57079506702207,15:51:19.506,18.2400,15
57130355306319,15:52:10.355,18.2400,100
57146077621432,15:52:26.077,18.2300,100
57166323238524,15:52:46.323,18.2200,100
57166323238524,15:52:46.323,18.2200,974
57166323818136,15:52:46.323,18.2200,526
57166323818136,15:52:46.323,18.2200,100
57214316338805,15:53:34.316,18.2200,100
57244404995465,15:54:04.404,18.2300,100
57244404995465,15:54:04.404,18.2300,100
57244405368216,15:54:04.405,18.2300,200
57319604616045,15:55:19.604,18.2300,100
57344087157059,15:55:44.087,18.2300,100
57344087157059,15:55:44.087,18.2300,100
57410664987055,15:56:50.664,18.2350,800
57421000199291,15:57:01.000,18.2350,100
57492984130879,15:58:12.984,18.2400,300
57492984130879,15:58:12.984,18.2400,300
57493299421168,15:58:13.299,18.2400,100
57493299532976,15:58:13.299,18.2400,100
57493299587277,15:58:13.299,18.2400,75
57510549279524,15:58:30.549,18.2400,25
57512805932111,15:58:32.805,18.2400,186
57512805932111,15:58:32.805,18.2400,1
57526000157119,15:58:46.000,18.2400,100
57539752710729,15:58:59.752,18.2450,15
57540000074313,15:59:00.000,18.2400,100
57561319513460,15:59:21.319,18.2400,200
57561319868046,15:59:21.319,18.2400,100
57561319868046,15:59:21.319,18.2400,44
57563255463326,15:59:23.255,18.2400,300
57564147234674,15:59:24.147,18.2400,18
57569603122803,15:59:29.603,18.2400,9
57580837934340,15:59:40.837,18.2400,100
57588000543648,15:59:48.000,18.2500,100
57588000543648,15:59:48.000,18.2500,74
57588031299116,15:59:48.031,18.2500,100
57588031560312,15:59:48.031,18.2500,400
57588031560312,15:59:48.031,18.2500,100
57588031560312,15:59:48.031,18.2500,100
57588148516396,15:59:48.148,18.2500,18
57593694367877,15:59:53.694,18.2450,100
57594148787181,15:59:54.148,18.2500,18
57600004161349,16:00:00.004,18.2500,34
57600363211573,16:00:00.363,0.0000,0
57844474366665,16:04:04.474,18.2600,300
57876728270130,16:04:36.728,18.2600,100
59339003026221,16:28:59.003,18.2300,13
59400787173153,16:30:00.787,18.2300,87
60373990694772,16:46:13.990,18.2400,100
60373990702021,16:46:13.990,18.2400,100
60911556827870,16:55:11.556,18.2100,100
60911556828526,16:55:11.556,18.2100,100
60911560930679,16:55:11.560,18.2200,1500
64612638969727,17:56:52.638,18.2100,600
66154417407943,18:22:34.417,18.3200,1500
69112053336742,19:11:52.053,18.3200,200
