timestamp,time,price,volume
34200449790010,09:30:00.449,0.0000,0
34232868932833,09:30:32.868,6.1600,100
34236497023118,09:30:36.497,6.1800,100
34236497023118,09:30:36.497,6.1800,100
34236497328342,09:30:36.497,6.1700,100
34236497508664,09:30:36.497,6.1700,100
34236497522050,09:30:36.497,6.1700,100
34236500901548,09:30:36.500,6.1800,100
34252202297428,09:30:52.202,6.1800,100
34266835945960,09:31:06.835,6.1800,100
34266835945960,09:31:06.835,6.1800,100
34266836363828,09:31:06.836,6.1800,100
34266836441443,09:31:06.836,6.1800,200
34266836441443,09:31:06.836,6.1800,200
34266836441443,09:31:06.836,6.1800,100
34266836441443,09:31:06.836,6.1800,100
34266836441443,09:31:06.836,6.1800,100
34266836481297,09:31:06.836,6.1800,100
34266836688169,09:31:06.836,6.1800,100
34266836688169,09:31:06.836,6.1800,300
34266837578268,09:31:06.837,6.1700,100
34266837625275,09:31:06.837,6.1700,100
34266837625275,09:31:06.837,6.1700,100
34266851287848,09:31:06.851,6.1700,100
34266851287848,09:31:06.851,6.1700,100
34266851287848,09:31:06.851,6.1700,31
34272156884516,09:31:12.156,6.1700,100
34272156884516,09:31:12.156,6.1700,100
34272160521906,09:31:12.160,6.1800,100
34278813863308,09:31:18.813,6.1800,100
34278897826585,09:31:18.897,6.1700,97
34281340340556,09:31:21.340,6.1700,100
34281340340556,09:31:21.340,6.1700,100
34281340340556,09:31:21.340,6.1700,200
34281340340556,09:31:21.340,6.1700,100
34281340340556,09:31:21.340,6.1700,100
34281340340556,09:31:21.340,6.1700,100
34298749100611,09:31:38.749,6.1700,100
34312445735257,09:31:52.445,6.1700,100
34312448077741,09:31:52.448,6.1800,100
34312449168365,09:31:52.449,6.1800,100
34312449518218,09:31:52.449,6.1800,100
34312450304258,09:31:52.450,6.1800,100
34312450304258,09:31:52.450,6.1800,200
34312450304258,09:31:52.450,6.1800,100
34312450304258,09:31:52.450,6.1800,100
34312450304258,09:31:52.450,6.1800,200
34312450304258,09:31:52.450,6.1800,100
34312451785006,09:31:52.451,6.1800,100
34312451785006,09:31:52.451,6.1800,300
34312451785006,09:31:52.451,6.1800,100
34320301452104,09:32:00.301,6.1900,221
34320304050175,09:32:00.304,6.1900,179
34320829819592,09:32:00.829,6.2000,2500
34320829819592,09:32:00.829,6.2000,2500
34322308607392,09:32:02.308,6.2000,100
34322308634347,09:32:02.308,6.2000,1549
34322308783214,09:32:02.308,6.2000,215
34322308808323,09:32:02.308,6.2000,1285
34324755089687,09:32:04.755,6.1900,200
34324755089687,09:32:04.755,6.1900,100
34332251516831,09:32:12.251,6.1900,200
34332251588492,09:32:12.251,6.1900,354
34332251629141,09:32:12.251,6.1900,146
34332282911026,09:32:12.282,6.1800,100
34332282911026,09:32:12.282,6.1800,65
34332286835580,09:32:12.286,6.1800,35
34332286835580,09:32:12.286,6.1800,100
34343193603521,09:32:23.193,6.1800,200
34343193603521,09:32:23.193,6.1800,100
34343938031879,09:32:23.938,6.1700,100
34343941356342,09:32:23.941,6.1700,367
34343941393325,09:32:23.941,6.1700,933
34343941393325,09:32:23.941,6.1700,667
34343941423300,09:32:23.941,6.1700,333
34351546671962,09:32:31.546,6.1700,667
34351546671962,09:32:31.546,6.1700,333
34353820842615,09:32:33.820,6.1600,100
34358009026237,09:32:38.009,6.1550,400
34381537886290,09:33:01.537,6.1400,100
34395533859785,09:33:15.533,6.1300,100
34406161086788,09:33:26.161,6.1200,200
34451024082498,09:34:11.024,6.1300,200
34451024082498,09:34:11.024,6.1300,100
34451024082498,09:34:11.024,6.1300,100
34459190265524,09:34:19.190,6.1200,200
34465288113253,09:34:25.288,6.1100,6
34469436455646,09:34:29.436,6.1100,1000
34469438441690,09:34:29.438,6.1000,14200
34469438441690,09:34:29.438,6.1000,100
34469438441690,09:34:29.438,6.1000,100
34469438441690,09:34:29.438,6.1000,2500
34471391914246,09:34:31.391,6.0900,200
34471458835272,09:34:31.458,6.0800,20
34471458835272,09:34:31.458,6.0800,70
34471459285420,09:34:31.459,6.0700,1520
34471459808970,09:34:31.459,6.0800,154
34471459852150,09:34:31.459,6.0800,100
34471489251396,09:34:31.489,6.0800,500
34471489251396,09:34:31.489,6.0800,300
34473848637858,09:34:33.848,6.0850,400
34493999041412,09:34:53.999,6.0950,100
34500012603037,09:35:00.012,6.0900,200
34500012603037,09:35:00.012,6.0900,200
34500012603037,09:35:00.012,6.0900,100
34500012780125,09:35:00.012,6.0900,200
34500012847222,09:35:00.012,6.0900,200
34500013004791,09:35:00.013,6.0900,200
34500529511891,09:35:00.529,6.0850,100
34501077527643,09:35:01.077,6.0900,100
34501078098725,09:35:01.078,6.0900,492
34501078098725,09:35:01.078,6.0900,57
34501078135779,09:35:01.078,6.0900,43
34501078135779,09:35:01.078,6.0900,37
34501078143185,09:35:01.078,6.0900,63
34501081449051,09:35:01.081,6.1000,100
34511120387776,09:35:11.120,6.0950,400
34511120387776,09:35:11.120,6.0950,100
34511122459988,09:35:11.122,6.0950,100
34511122459988,09:35:11.122,6.0950,100
34511122459988,09:35:11.122,6.0950,300
34511122876294,09:35:11.122,6.0950,200
34511123820693,09:35:11.123,6.0950,200
34511123820693,09:35:11.123,6.0950,400
34533117616846,09:35:33.117,6.0750,200
34533117616846,09:35:33.117,6.0700,19
34533117878633,09:35:33.117,6.0700,882
34533117878633,09:35:33.117,6.0700,19
34533118485488,09:35:33.118,6.0700,100
34533118485488,09:35:33.118,6.0700,100
34533118485488,09:35:33.118,6.0700,300
34533118631431,09:35:33.118,6.0700,100
34533118666711,09:35:33.118,6.0700,281
34541559822976,09:35:41.559,6.0750,400
34541559822976,09:35:41.559,6.0700,50
34541559822976,09:35:41.559,6.0700,100
34541559822976,09:35:41.559,6.0700,1600
34541559822976,09:35:41.559,6.0700,300
34541559822976,09:35:41.559,6.0700,100
34541559822976,09:35:41.559,6.0700,100
34541559822976,09:35:41.559,6.0700,200
34555938385030,09:35:55.938,6.0700,406
34555938385030,09:35:55.938,6.0700,34
34557588045539,09:35:57.588,6.0750,100
34564248368160,09:36:04.248,6.0900,300
34572651482471,09:36:12.651,6.0800,100
34578102036023,09:36:18.102,6.0800,75
34588384322916,09:36:28.384,6.0900,100
34588384322916,09:36:28.384,6.0900,400
34588384432885,09:36:28.384,6.0900,67
34588384677136,09:36:28.384,6.0900,33
34588384677136,09:36:28.384,6.0900,12
34588384755101,09:36:28.384,6.0900,30
34588384819275,09:36:28.384,6.0900,20
34588384882773,09:36:28.384,6.0900,13
34588384944510,09:36:28.384,6.0900,9
34588385007319,09:36:28.385,6.0900,6
34588385072042,09:36:28.385,6.0900,4
34588385136551,09:36:28.385,6.0900,2
34588385200287,09:36:28.385,6.0900,2
34588385280229,09:36:28.385,6.0900,1
34588385344077,09:36:28.385,6.0900,1
34588409654942,09:36:28.409,6.0900,375
34588409654942,09:36:28.409,6.0900,25
34588431772368,09:36:28.431,6.0900,75
34588431772368,09:36:28.431,6.0900,25
34588455658915,09:36:28.455,6.0900,75
34588455658915,09:36:28.455,6.0900,25
34588477467569,09:36:28.477,6.0900,75
34588477467569,09:36:28.477,6.0900,25
34588503043048,09:36:28.503,6.0900,75
34588503043048,09:36:28.503,6.0900,25
34588506995145,09:36:28.506,6.0900,75
34588506995145,09:36:28.506,6.0900,25
34594016876024,09:36:34.016,6.0800,100
34594016917680,09:36:34.016,6.0800,300
34594016917680,09:36:34.016,6.0800,100
34611067531461,09:36:51.067,6.0850,400
34611067531461,09:36:51.067,6.0850,200
34611067531461,09:36:51.067,6.0900,200
34611067531461,09:36:51.067,6.0900,755
34644779174414,09:37:24.779,6.1100,200
34644780032118,09:37:24.780,6.1100,100
34681084354717,09:38:01.084,6.1100,400
34689178468247,09:38:09.178,6.1100,1
34717395082070,09:38:37.395,6.1200,34
34739628961470,09:38:59.628,6.1300,100
34747384823493,09:39:07.384,6.1300,100
34747410933173,09:39:07.410,6.1250,200
34747410933173,09:39:07.410,6.1250,100
34760110837999,09:39:20.110,6.1200,10
34765281128976,09:39:25.281,6.1200,200
34765281128976,09:39:25.281,6.1200,500
34765281128976,09:39:25.281,6.1200,400
34765281128976,09:39:25.281,6.1200,100
34765281128976,09:39:25.281,6.1200,100
34765281128976,09:39:25.281,6.1200,100
34822499868495,09:40:22.499,6.1100,100
34822499868495,09:40:22.499,6.1100,34
34838411946272,09:40:38.411,6.1100,206
34838411946272,09:40:38.411,6.1100,200
34838412159037,09:40:38.412,6.1100,100
34859173294990,09:40:59.173,6.1100,100
34859173294990,09:40:59.173,6.1100,100
34875683839488,09:41:15.683,6.1150,200
34875683839488,09:41:15.683,6.1100,200
34875683839488,09:41:15.683,6.1100,500
34875683839488,09:41:15.683,6.1100,100
34875683839488,09:41:15.683,6.1100,200
34875683839488,09:41:15.683,6.1100,100
34875683839488,09:41:15.683,6.1100,100
34875683839488,09:41:15.683,6.1100,2800
34899358654857,09:41:39.358,6.1000,300
34907531299281,09:41:47.531,6.1000,200
34907531299281,09:41:47.531,6.1000,100
34945007168336,09:42:25.007,6.0900,100
34945007211550,09:42:25.007,6.0900,100
34957648560415,09:42:37.648,6.0900,200
34957648560415,09:42:37.648,6.0900,100
34993161600001,09:43:13.161,6.1000,200
34993161600001,09:43:13.161,6.1000,100
34993161600001,09:43:13.161,6.1000,100
35019429010865,09:43:39.429,6.1000,188
35019429494557,09:43:39.429,6.1000,100
35038108589906,09:43:58.108,6.1000,100
35070541085923,09:44:30.541,6.0750,100
35070541085923,09:44:30.541,6.0800,100
35070541085923,09:44:30.541,6.0800,34
35070541277818,09:44:30.541,6.0800,66
35070541277818,09:44:30.541,6.0800,34
35090692341987,09:44:50.692,6.0800,100
35095361283240,09:44:55.361,6.0850,100
35095361283240,09:44:55.361,6.0900,100
35095361283240,09:44:55.361,6.0900,26
35095361628949,09:44:55.361,6.0900,74
35099456250810,09:44:59.456,6.0900,100
35116042918452,09:45:16.042,6.0900,80
35116042940443,09:45:16.042,6.0900,20
35167742272112,09:46:07.742,6.0950,200
35187950774538,09:46:27.950,6.0900,298
35187951032084,09:46:27.951,6.0900,298
35260225299451,09:47:40.225,6.0800,36
35290824264846,09:48:10.824,6.0700,100
35290824264846,09:48:10.824,6.0700,1650
35290824264846,09:48:10.824,6.0700,50
35290824311998,09:48:10.824,6.0700,50
35299475522236,09:48:19.475,6.0600,55
35305154034244,09:48:25.154,6.0700,100
35410524136010,09:50:10.524,6.0800,100
35410524136010,09:50:10.524,6.0800,100
35410524136010,09:50:10.524,6.0800,34
35410524136010,09:50:10.524,6.0800,100
35410524136010,09:50:10.524,6.0800,100
35410524136010,09:50:10.524,6.0800,205
35410524626801,09:50:10.524,6.0800,100
35410524626801,09:50:10.524,6.0800,334
35410551959690,09:50:10.551,6.0800,35
35424287861780,09:50:24.287,6.0800,100
35424287861780,09:50:24.287,6.0800,100
35468187516275,09:51:08.187,6.0800,100
35468187516275,09:51:08.187,6.0800,100
35468187516275,09:51:08.187,6.0800,11
35468188138990,09:51:08.188,6.0800,59
35484264793359,09:51:24.264,6.0800,100
35484264793359,09:51:24.264,6.0800,100
35484264793359,09:51:24.264,6.0800,100
35544660570567,09:52:24.660,6.0750,200
35544660570567,09:52:24.660,6.0750,400
35544660570567,09:52:24.660,6.0750,100
35544660570567,09:52:24.660,6.0800,700
35544660570567,09:52:24.660,6.0800,300
35544660570567,09:52:24.660,6.0800,100
35544660570567,09:52:24.660,6.0800,100
35598749006083,09:53:18.749,6.0700,55
35613331776881,09:53:33.331,6.0700,345
35613331776881,09:53:33.331,6.0700,100
35613331776881,09:53:33.331,6.0700,98
35613331776881,09:53:33.331,6.0700,157
35613331810432,09:53:33.331,6.0700,143
35613331810432,09:53:33.331,6.0700,39
35638707395679,09:53:58.707,6.0700,100
35638708131231,09:53:58.708,6.0700,60
35638708131231,09:53:58.708,6.0700,240
35648054971792,09:54:08.054,6.0700,58
35648054971792,09:54:08.054,6.0700,42
35648055048267,09:54:08.055,6.0700,58
35648055048267,09:54:08.055,6.0700,68
35664190113966,09:54:24.190,6.0750,1
35664202787819,09:54:24.202,6.0750,2
35664207339686,09:54:24.207,6.0750,1
35664221596223,09:54:24.221,6.0750,1
35664231845470,09:54:24.231,6.0750,1
35664234259447,09:54:24.234,6.0750,1
35664247071138,09:54:24.247,6.0750,1
35664259099648,09:54:24.259,6.0750,1
35664283311869,09:54:24.283,6.0750,1
35664287848289,09:54:24.287,6.0750,1
35664293886295,09:54:24.293,6.0750,2
35664298967238,09:54:24.298,6.0750,1
35746723649323,09:55:46.723,6.0800,100
35746723649323,09:55:46.723,6.0800,157
35746723649323,09:55:46.723,6.0800,77
35746723740913,09:55:46.723,6.0800,66
35746723770682,09:55:46.723,6.0800,300
35746723770682,09:55:46.723,6.0800,34
35746723770682,09:55:46.723,6.0800,60
35747271251449,09:55:47.271,6.0800,100
35747271251449,09:55:47.271,6.0800,700
35747271251449,09:55:47.271,6.0800,300
35747271251449,09:55:47.271,6.0800,100
35773334902702,09:56:13.334,6.0700,400
35776463171281,09:56:16.463,6.0700,500
35807489178847,09:56:47.489,6.0700,100
35848308622539,09:57:28.308,6.0850,2
35848308622539,09:57:28.308,6.0850,1
35848308622539,09:57:28.308,6.0850,1
35848308622539,09:57:28.308,6.0850,1
35848308622539,09:57:28.308,6.0850,1
35848308622539,09:57:28.308,6.0850,2
35848308622539,09:57:28.308,6.0850,1
35848308622539,09:57:28.308,6.0850,1
35848308622539,09:57:28.308,6.0850,1
35848308622539,09:57:28.308,6.0850,1
35848308622539,09:57:28.308,6.0850,1
35848308622539,09:57:28.308,6.0850,2
35848308622539,09:57:28.308,6.0850,1
35848308622539,09:57:28.308,6.0850,1
35848308622539,09:57:28.308,6.0850,1
35848308622539,09:57:28.308,6.0850,2
35848308622539,09:57:28.308,6.0850,1
35848308622539,09:57:28.308,6.0850,1
35848308641208,09:57:28.308,6.0900,30
35848308714325,09:57:28.308,6.0900,20
35848308778416,09:57:28.308,6.0900,13
35848308841750,09:57:28.308,6.0900,9
35848308906245,09:57:28.308,6.0900,6
35848308971558,09:57:28.308,6.0900,4
35848309040307,09:57:28.309,6.0900,2
35848309136422,09:57:28.309,6.0900,2
35848309198885,09:57:28.309,6.0900,1
35848309263129,09:57:28.309,6.0900,1
35848559320631,09:57:28.559,6.0850,2
35891905728883,09:58:11.905,6.0800,100
35891905728883,09:58:11.905,6.0800,100
35922236014487,09:58:42.236,6.0750,400
36002008491820,10:00:02.008,6.0800,100
36002008491820,10:00:02.008,6.0800,100
36002008491820,10:00:02.008,6.0800,34
36010823774342,10:00:10.823,6.0800,100
36010823774342,10:00:10.823,6.0800,100
36010823972095,10:00:10.823,6.0800,400
36010823972095,10:00:10.823,6.0800,900
36010824235343,10:00:10.824,6.0800,200
36010824250102,10:00:10.824,6.0800,100
36010824573759,10:00:10.824,6.0800,100
36022182012753,10:00:22.182,6.0800,100
36023183014444,10:00:23.183,6.0800,100
36045784493274,10:00:45.784,6.0800,100
36045784493274,10:00:45.784,6.0800,400
36045784493274,10:00:45.784,6.0800,400
36045784493274,10:00:45.784,6.0800,400
36045784493274,10:00:45.784,6.0800,100
36045784493274,10:00:45.784,6.0800,34
36045784563433,10:00:45.784,6.0800,66
36045785367469,10:00:45.785,6.0800,400
36045785367469,10:00:45.785,6.0800,200
36045786002862,10:00:45.786,6.0800,66
36045786205049,10:00:45.786,6.0800,134
36118243025837,10:01:58.243,6.0750,100
36118243027305,10:01:58.243,6.0750,200
36118243027927,10:01:58.243,6.0750,100
36166651920028,10:02:46.651,6.0700,100
36166651920028,10:02:46.651,6.0700,100
36168022190488,10:02:48.022,6.0650,100
36192347878586,10:03:12.347,6.0600,55
36208343406299,10:03:28.343,6.0600,445
36208343406299,10:03:28.343,6.0600,4000
36208343406299,10:03:28.343,6.0600,64
36208343964371,10:03:28.343,6.0600,36
36208343964371,10:03:28.343,6.0600,64
36208344520100,10:03:28.344,6.0600,36
36208344520100,10:03:28.344,6.0600,64
36208344595014,10:03:28.344,6.0600,2
36268598690128,10:04:28.598,6.0500,100
36268598690128,10:04:28.598,6.0500,990
36268599037924,10:04:28.599,6.0500,10
36300211101820,10:05:00.211,6.0450,1
36300211879835,10:05:00.211,6.0450,1
36300243428509,10:05:00.243,6.0450,2
36300248321249,10:05:00.248,6.0450,1
36300255884311,10:05:00.255,6.0450,1
36300286785128,10:05:00.286,6.0450,1
36300291583857,10:05:00.291,6.0450,2
36300299201996,10:05:00.299,6.0450,1
36300329947991,10:05:00.329,6.0450,2
36300337539120,10:05:00.337,6.0450,1
36300350893672,10:05:00.350,6.0450,1
36300385701807,10:05:00.385,6.0450,1
36300390254286,10:05:00.390,6.0450,1
36300397117748,10:05:00.397,6.0450,1
36300426584249,10:05:00.426,6.0450,1
36300431399259,10:05:00.431,6.0450,1
36300438207088,10:05:00.438,6.0450,1
36300462044469,10:05:00.462,6.0450,1
36300472711237,10:05:00.472,6.0450,1
36300490533002,10:05:00.490,6.0450,2
36300495788478,10:05:00.495,6.0450,1
36360259425223,10:06:00.259,6.0500,100
36360259425223,10:06:00.259,6.0500,50
36360259425223,10:06:00.259,6.0500,6000
36388542551873,10:06:28.542,6.0550,1
36407429322352,10:06:47.429,6.0500,3500
36407429322352,10:06:47.429,6.0500,100
36407429322352,10:06:47.429,6.0500,100
36408521426842,10:06:48.521,6.0450,1
36408521426842,10:06:48.521,6.0450,2
36418046678547,10:06:58.046,6.0500,100
36444200214460,10:07:24.200,6.0400,100
36444200214460,10:07:24.200,6.0400,100
36444200214460,10:07:24.200,6.0400,100
36444200214460,10:07:24.200,6.0400,100
36444200214460,10:07:24.200,6.0400,1700
36449045539001,10:07:29.045,6.0400,1000
36449045539001,10:07:29.045,6.0400,100
36449045539001,10:07:29.045,6.0400,100
36452656837136,10:07:32.656,6.0450,1
36452657263612,10:07:32.657,6.0450,1
36452657517813,10:07:32.657,6.0450,1
36452658477690,10:07:32.658,6.0450,1
36452680436238,10:07:32.680,6.0450,1
36452691361581,10:07:32.691,6.0450,1
36452698004547,10:07:32.698,6.0450,1
36452698515624,10:07:32.698,6.0450,1
36452729537627,10:07:32.729,6.0450,1
36457163645706,10:07:37.163,6.0500,1000
36470609999022,10:07:50.609,6.0500,100
36470609999022,10:07:50.609,6.0500,100
36470609999022,10:07:50.609,6.0500,100
36470609999022,10:07:50.609,6.0500,100
36470610967462,10:07:50.610,6.0500,100
36470610967462,10:07:50.610,6.0500,500
36480966040614,10:08:00.966,6.0450,200
36480966040614,10:08:00.966,6.0450,400
36480966040614,10:08:00.966,6.0450,100
36480966040614,10:08:00.966,6.0450,100
36480966040614,10:08:00.966,6.0450,200
36488319266151,10:08:08.319,6.0400,100
36488319266151,10:08:08.319,6.0400,1100
36488319266151,10:08:08.319,6.0400,100
36488319266151,10:08:08.319,6.0400,100
36488319266151,10:08:08.319,6.0400,100
36488319266151,10:08:08.319,6.0400,39
36520155450455,10:08:40.155,6.0350,2
36520155450455,10:08:40.155,6.0350,1
36520155450455,10:08:40.155,6.0350,1
36520155450455,10:08:40.155,6.0350,1
36520155450455,10:08:40.155,6.0350,2
36520155450455,10:08:40.155,6.0350,1
36520155450455,10:08:40.155,6.0350,1
36520155450455,10:08:40.155,6.0350,1
36520155450455,10:08:40.155,6.0350,1
36520155450455,10:08:40.155,6.0350,1
36520155450455,10:08:40.155,6.0350,1
36520155471775,10:08:40.155,6.0400,100
36527448953662,10:08:47.448,6.0500,100
36531179364794,10:08:51.179,6.0500,100
36531179364794,10:08:51.179,6.0500,100
36531179364794,10:08:51.179,6.0500,100
36531179364794,10:08:51.179,6.0500,100
36540938393376,10:09:00.938,6.0500,100
36540938420643,10:09:00.938,6.0500,2949
36540938427783,10:09:00.938,6.0500,100
36540938455360,10:09:00.938,6.0500,351
36594414629140,10:09:54.414,6.0750,200
36594414629140,10:09:54.414,6.0700,100
36594414629140,10:09:54.414,6.0700,200
36594414629140,10:09:54.414,6.0700,1100
36594414629140,10:09:54.414,6.0700,60
36594414629140,10:09:54.414,6.0700,100
36594414629140,10:09:54.414,6.0700,100
36594414629140,10:09:54.414,6.0700,200
36594414629140,10:09:54.414,6.0700,400
36594414629140,10:09:54.414,6.0700,500
36594414629140,10:09:54.414,6.0700,100
36594414629140,10:09:54.414,6.0700,100
36594414629140,10:09:54.414,6.0700,100
36594415118529,10:09:54.415,6.0700,100
36594415118529,10:09:54.415,6.0700,100
36594415118529,10:09:54.415,6.0700,1100
36594621523107,10:09:54.621,6.0700,300
36596861867871,10:09:56.861,6.0650,400
36596861867871,10:09:56.861,6.0650,200
36596861867871,10:09:56.861,6.0650,100
36596861867871,10:09:56.861,6.0650,100
36596861867871,10:09:56.861,6.0650,200
36596861867871,10:09:56.861,6.0600,100
36596861867871,10:09:56.861,6.0600,1100
36615118071064,10:10:15.118,6.0600,100
36615118071064,10:10:15.118,6.0600,100
36615118071064,10:10:15.118,6.0600,300
36615118376015,10:10:15.118,6.0600,100
36615118376015,10:10:15.118,6.0600,600
36615118876688,10:10:15.118,6.0500,1
36677228258794,10:11:17.228,6.0500,100
36691271867489,10:11:31.271,6.0450,1
36708664607709,10:11:48.664,6.0500,100
36708664607709,10:11:48.664,6.0500,100
36708664663328,10:11:48.664,6.0500,200
36708664663328,10:11:48.664,6.0500,400
36721661513451,10:12:01.661,6.0600,100
36721661513451,10:12:01.661,6.0600,100
36721661513451,10:12:01.661,6.0600,300
36726220910979,10:12:06.220,6.0700,100
36726220910979,10:12:06.220,6.0700,100
36726220910979,10:12:06.220,6.0700,100
36726220910979,10:12:06.220,6.0700,300
36726221830430,10:12:06.221,6.0750,100
36726232505760,10:12:06.232,6.0750,100
36762163650311,10:12:42.163,6.0700,100
36762163650311,10:12:42.163,6.0700,100
36786283094918,10:13:06.283,6.0700,100
36802441578533,10:13:22.441,6.0700,200
36921853554495,10:15:21.853,6.0750,400
36921853554495,10:15:21.853,6.0700,100
36921853554495,10:15:21.853,6.0700,100
36921853554495,10:15:21.853,6.0700,200
36921853554495,10:15:21.853,6.0700,100
36921853554495,10:15:21.853,6.0700,100
36921853554495,10:15:21.853,6.0700,1900
36921854195487,10:15:21.854,6.0700,100
36921854195487,10:15:21.854,6.0700,100
36937282240369,10:15:37.282,6.0600,100
36940051576001,10:15:40.051,6.0600,1
36941520412318,10:15:41.520,6.0600,675
36977693770153,10:16:17.693,6.0700,100
36977693770153,10:16:17.693,6.0700,100
36977693770153,10:16:17.693,6.0700,100
37018054559375,10:16:58.054,6.0600,200
37018054568963,10:16:58.054,6.0600,200
37048055327828,10:17:28.055,6.0500,100
37053884175331,10:17:33.884,6.0450,100
37053884175331,10:17:33.884,6.0400,100
37053884175331,10:17:33.884,6.0400,100
37053884175331,10:17:33.884,6.0400,1100
37053884175331,10:17:33.884,6.0400,200
37053884175331,10:17:33.884,6.0400,300
37053884175331,10:17:33.884,6.0400,100
37053884175331,10:17:33.884,6.0400,700
37053884175331,10:17:33.884,6.0400,200
37082447390050,10:18:02.447,6.0400,55
37087390547895,10:18:07.390,6.0400,995
37087390547895,10:18:07.390,6.0400,400
37087390547895,10:18:07.390,6.0400,100
37087390547895,10:18:07.390,6.0400,100
37087390547895,10:18:07.390,6.0400,600
37173685848883,10:19:33.685,6.0400,100
37206272541721,10:20:06.272,6.0450,100
37220119660335,10:20:20.119,6.0500,300
37220119660335,10:20:20.119,6.0500,50
37227831655456,10:20:27.831,6.0550,2
37235821023042,10:20:35.821,6.0600,300
37273052547762,10:21:13.052,6.0600,100
37273052547762,10:21:13.052,6.0600,100
37273052547762,10:21:13.052,6.0600,100
37273054007546,10:21:13.054,6.0500,2
37273054049488,10:21:13.054,6.0500,1
37334884753132,10:22:14.884,6.0600,100
37359384238331,10:22:39.384,6.0600,100
37359384238331,10:22:39.384,6.0600,100
37378256613988,10:22:58.256,6.0500,54
37378258078061,10:22:58.258,6.0400,1
37378258096266,10:22:58.258,6.0400,1
37378258127293,10:22:58.258,6.0400,1
37378258192194,10:22:58.258,6.0400,2
37396915153433,10:23:16.915,6.0400,54
37415217792087,10:23:35.217,6.0500,100
37415217819138,10:23:35.217,6.0500,100
37428843051755,10:23:48.843,6.0600,2
37428848917776,10:23:48.848,6.0550,1
37450134765988,10:24:10.134,6.0550,200
37450136001869,10:24:10.136,6.0600,100
37450137980234,10:24:10.137,6.0600,800
37450138534916,10:24:10.138,6.0600,300
37463052902240,10:24:23.052,6.0600,100
37471240078657,10:24:31.240,6.0500,100
37471241726983,10:24:31.241,6.0400,1
37471241777300,10:24:31.241,6.0400,1
37471241787110,10:24:31.241,6.0400,1
37627697675150,10:27:07.697,6.0400,38
37627697675150,10:27:07.697,6.0400,100
37627697675150,10:27:07.697,6.0400,100
37649112681988,10:27:29.112,6.0400,100
37684053593976,10:28:04.053,6.0400,100
37691052522983,10:28:11.052,6.0400,100
37695172606782,10:28:15.172,6.0400,55
37702746090500,10:28:22.746,6.0400,100
37729698545126,10:28:49.698,6.0400,100
37740198198238,10:29:00.198,6.0400,100
37740967062442,10:29:00.967,6.0400,2
37740967194337,10:29:00.967,6.0400,2
37740967313604,10:29:00.967,6.0400,1
37740967340033,10:29:00.967,6.0400,1
37740967340592,10:29:00.967,6.0400,2
37746484208437,10:29:06.484,6.0400,92
37746484208437,10:29:06.484,6.0400,8
37746656094372,10:29:06.656,6.0400,2
37746656246479,10:29:06.656,6.0400,1
37746656267679,10:29:06.656,6.0400,2
37746656303437,10:29:06.656,6.0400,1
37758943986438,10:29:18.943,6.0400,86
37764776875789,10:29:24.776,6.0400,14
37800068983965,10:30:00.068,6.0450,100
37800068983965,10:30:00.068,6.0500,400
37800068983965,10:30:00.068,6.0500,100
37800068983965,10:30:00.068,6.0500,100
37800069103120,10:30:00.069,6.0500,100
37800069103120,10:30:00.069,6.0500,500
37800069103120,10:30:00.069,6.0500,100
37800069103120,10:30:00.069,6.0600,1100
37800069103120,10:30:00.069,6.0600,1650
37800069103120,10:30:00.069,6.0600,200
37800071334970,10:30:00.071,6.0600,600
37800084703830,10:30:00.084,6.0700,1100
37800084703830,10:30:00.084,6.0700,1000
37800084703830,10:30:00.084,6.0700,1000
37800084703830,10:30:00.084,6.0700,500
37800084703830,10:30:00.084,6.0700,40
37800088222498,10:30:00.088,6.0800,100
37800088222498,10:30:00.088,6.0800,400
37800088222498,10:30:00.088,6.0800,1000
37800088222498,10:30:00.088,6.0800,192
37800088233335,10:30:00.088,6.0800,1108
37800088233335,10:30:00.088,6.0800,120
37800210394884,10:30:00.210,6.0800,400
37800463127450,10:30:00.463,6.0800,500
37800463127450,10:30:00.463,6.0800,100
37800507820655,10:30:00.507,6.0850,11
37800572480261,10:30:00.572,6.0800,11
37800605829786,10:30:00.605,6.0900,200
37800932333696,10:30:00.932,6.0900,1100
37800932333696,10:30:00.932,6.0900,558
37800932333696,10:30:00.932,6.0900,42
37801052791644,10:30:01.052,6.0800,300
37815805653206,10:30:15.805,6.0800,1000
37815805653206,10:30:15.805,6.0800,58
37815805841804,10:30:15.805,6.0800,500
37815805882760,10:30:15.805,6.0800,1000
37824749380451,10:30:24.749,6.0700,100
37824749380451,10:30:24.749,6.0700,400
37825000563403,10:30:25.000,6.0600,594
37825000928843,10:30:25.000,6.0600,100
37837820194081,10:30:37.820,6.0700,300
37837820194081,10:30:37.820,6.0700,100
37841723715766,10:30:41.723,6.0800,1000
37845291050593,10:30:45.291,6.0900,1100
37858671220964,10:30:58.671,6.1000,1500
37858671220964,10:30:58.671,6.1000,1100
37891847813311,10:31:31.847,6.1000,900
37891847813311,10:31:31.847,6.1000,200
37891847849112,10:31:31.847,6.1000,1800
37892027609079,10:31:32.027,6.1100,100
37892027660800,10:31:32.027,6.1100,100
37892027660800,10:31:32.027,6.1100,100
37892028630611,10:31:32.028,6.1100,100
37892028886217,10:31:32.028,6.1100,800
37894049624598,10:31:34.049,6.1200,100
37901339517616,10:31:41.339,6.1200,100
37901350393176,10:31:41.350,6.1200,400
37901350393176,10:31:41.350,6.1200,1000
37901350393176,10:31:41.350,6.1200,100
37901350393176,10:31:41.350,6.1200,100
37901350393176,10:31:41.350,6.1200,700
37902968204965,10:31:42.968,6.1100,2
37903971347904,10:31:43.971,6.1050,100
37929166313619,10:32:09.166,6.1000,1500
37943874765191,10:32:23.874,6.1000,100
37943874765191,10:32:23.874,6.1000,100
37943874765191,10:32:23.874,6.1000,100
37946682354964,10:32:26.682,6.1050,100
37953112329013,10:32:33.112,6.1100,100
37953112329013,10:32:33.112,6.1100,100
37976890611110,10:32:56.890,6.1200,100
37977849298248,10:32:57.849,6.1200,75
37977849374892,10:32:57.849,6.1200,50
37977849473321,10:32:57.849,6.1200,34
37994560381851,10:33:14.560,6.1200,100
38017027338923,10:33:37.027,6.1200,100
38017027338923,10:33:37.027,6.1200,100
38017027338923,10:33:37.027,6.1200,200
38025049624729,10:33:45.049,6.1200,1285
38025049624729,10:33:45.049,6.1200,100
38025049726500,10:33:45.049,6.1200,100
38045980218398,10:34:05.980,6.1250,1
38045980218398,10:34:05.980,6.1250,1
38045980218398,10:34:05.980,6.1250,1
38045980218398,10:34:05.980,6.1250,2
38045980218398,10:34:05.980,6.1250,2
38045980218398,10:34:05.980,6.1300,93
38046393002685,10:34:06.393,6.1300,7
38046393002685,10:34:06.393,6.1300,93
38047044733922,10:34:07.044,6.1300,7
38047044733922,10:34:07.044,6.1300,93
38047808193101,10:34:07.808,6.1300,1
38100573398354,10:35:00.573,6.1250,1
38100573398354,10:35:00.573,6.1250,1
38100573398354,10:35:00.573,6.1250,2
38100573398354,10:35:00.573,6.1250,1
38100573398354,10:35:00.573,6.1250,1
38100573398354,10:35:00.573,6.1250,1
38100573398354,10:35:00.573,6.1250,1
38100573398354,10:35:00.573,6.1250,2
38100573398354,10:35:00.573,6.1250,1
38100573398354,10:35:00.573,6.1250,1
38105562020069,10:35:05.562,6.1300,100
38151574791961,10:35:51.574,6.1350,400
38151574791961,10:35:51.574,6.1350,200
38151574791961,10:35:51.574,6.1350,100
38151574791961,10:35:51.574,6.1350,100
38151577260972,10:35:51.577,6.1350,400
38151596402447,10:35:51.596,6.1300,100
38151596402447,10:35:51.596,6.1300,1
38151596402447,10:35:51.596,6.1300,100
38151596402447,10:35:51.596,6.1300,100
38151596402447,10:35:51.596,6.1300,900
38151715969302,10:35:51.715,6.1300,100
38151715969302,10:35:51.715,6.1300,100
38151715969302,10:35:51.715,6.1300,500
38152604455199,10:35:52.604,6.1250,400
38152604455199,10:35:52.604,6.1250,200
38152604455199,10:35:52.604,6.1200,100
38152604455199,10:35:52.604,6.1200,100
38152604455199,10:35:52.604,6.1200,100
38152604455199,10:35:52.604,6.1200,100
38152604455199,10:35:52.604,6.1200,500
38152604455199,10:35:52.604,6.1200,1
38152604455199,10:35:52.604,6.1200,100
38152604455199,10:35:52.604,6.1200,300
38152604455199,10:35:52.604,6.1200,100
38152604568133,10:35:52.604,6.1200,100
38152606356582,10:35:52.606,6.1200,787
38152606488631,10:35:52.606,6.1200,213
38163774028667,10:36:03.774,6.1250,1
38163774028667,10:36:03.774,6.1250,1
38163774028667,10:36:03.774,6.1250,2
38163774028667,10:36:03.774,6.1250,1
38163774028667,10:36:03.774,6.1250,1
38163774028667,10:36:03.774,6.1250,1
38163774028667,10:36:03.774,6.1250,39
38172426066201,10:36:12.426,6.1250,200
38239256759609,10:37:19.256,6.1200,100
38239256759609,10:37:19.256,6.1200,100
38239256759609,10:37:19.256,6.1200,1
38239256759609,10:37:19.256,6.1200,100
38255187958976,10:37:35.187,6.1100,100
38255187958976,10:37:35.187,6.1100,500
38255187958976,10:37:35.187,6.1100,800
38255187958976,10:37:35.187,6.1100,100
38255187958976,10:37:35.187,6.1100,500
38263690028598,10:37:43.690,6.1050,100
38284907610685,10:38:04.907,6.1000,55
38291355030610,10:38:11.355,6.1050,100
38291355032076,10:38:11.355,6.1050,100
38312287687784,10:38:32.287,6.1100,1300
38312287687784,10:38:32.287,6.1100,97
38312287687784,10:38:32.287,6.1100,300
38343663007079,10:39:03.663,6.1150,1
38360402052886,10:39:20.402,6.1100,2500
38360402052886,10:39:20.402,6.1100,100
38360402052886,10:39:20.402,6.1100,100
38360402052886,10:39:20.402,6.1100,100
38360404103513,10:39:20.404,6.1000,1
38360404107163,10:39:20.404,6.1000,1
38360404126587,10:39:20.404,6.1000,1
38360404143007,10:39:20.404,6.1000,1
38360404150900,10:39:20.404,6.1000,2
38360404162074,10:39:20.404,6.1000,1
38360404202619,10:39:20.404,6.1000,2
38360417852322,10:39:20.417,6.1050,1
38426549010725,10:40:26.549,6.1050,100
38507989221868,10:41:47.989,6.1050,2
38507989221868,10:41:47.989,6.1050,2
38507989221868,10:41:47.989,6.1050,1
38507989221868,10:41:47.989,6.1050,2
38507989221868,10:41:47.989,6.1050,1
38507989221868,10:41:47.989,6.1050,2
38508991369236,10:41:48.991,6.1050,100
38508996225369,10:41:48.996,6.1050,100
38539352695309,10:42:19.352,6.1050,1
38540366536415,10:42:20.366,6.1050,100
38588928873080,10:43:08.928,6.1050,55
38654655657611,10:44:14.655,6.1100,100
38654655657611,10:44:14.655,6.1100,100
38654655657611,10:44:14.655,6.1100,100
38654655657611,10:44:14.655,6.1100,200
38654655657611,10:44:14.655,6.1100,100
38654655657611,10:44:14.655,6.1100,100
38654655657611,10:44:14.655,6.1100,300
38683450476253,10:44:43.450,6.1150,100
38684457253362,10:44:44.457,6.1150,100
38713594749439,10:45:13.594,6.1150,1
38713594749439,10:45:13.594,6.1150,1
38783242855795,10:46:23.242,6.1150,2
38783242855795,10:46:23.242,6.1150,1
38783242855795,10:46:23.242,6.1150,1
38783242855795,10:46:23.242,6.1150,1
38783242855795,10:46:23.242,6.1150,2
38783242855795,10:46:23.242,6.1150,2
38783242855795,10:46:23.242,6.1150,1
38783242855795,10:46:23.242,6.1150,1
38783242855795,10:46:23.242,6.1150,1
38783242855795,10:46:23.242,6.1150,1
38783242855795,10:46:23.242,6.1150,1
38783242855795,10:46:23.242,6.1150,2
38783242855795,10:46:23.242,6.1150,2
38783242855795,10:46:23.242,6.1150,1
38783242855795,10:46:23.242,6.1150,1
38783242855795,10:46:23.242,6.1150,1
38783242855795,10:46:23.242,6.1200,300
38783242855795,10:46:23.242,6.1200,100
38783242855795,10:46:23.242,6.1200,40
38783242855795,10:46:23.242,6.1200,179
38783242890003,10:46:23.242,6.1200,21
38822327693499,10:47:02.327,6.1250,56
38828978732697,10:47:08.978,6.1200,100
38828978732697,10:47:08.978,6.1200,100
38828978732697,10:47:08.978,6.1200,200
38828978732697,10:47:08.978,6.1200,100
38828978732697,10:47:08.978,6.1200,45
38889870498728,10:48:09.870,6.1100,54
38926128763810,10:48:46.128,6.1100,46
38926128763810,10:48:46.128,6.1100,400
38926128763810,10:48:46.128,6.1100,100
38926128763810,10:48:46.128,6.1100,100
38926128763810,10:48:46.128,6.1100,2
38926128763810,10:48:46.128,6.1100,200
38926128763810,10:48:46.128,6.1100,97
38926128763810,10:48:46.128,6.1100,200
38926128763810,10:48:46.128,6.1100,300
38926128763810,10:48:46.128,6.1100,100
38926128763810,10:48:46.128,6.1100,100
38926128763810,10:48:46.128,6.1100,100
38926130732494,10:48:46.130,6.1000,1
38926130859668,10:48:46.130,6.1000,1
38926130884980,10:48:46.130,6.1000,1
38926130932886,10:48:46.130,6.1000,1
38926130948086,10:48:46.130,6.1000,1
38926130954102,10:48:46.130,6.1000,1
38948740308703,10:49:08.740,6.1000,300
38948740308703,10:49:08.740,6.1000,900
38948740308703,10:49:08.740,6.1000,90
38948740326489,10:49:08.740,6.1000,10
38948740326489,10:49:08.740,6.1000,1
38948740335046,10:49:08.740,6.1000,11
38948740338762,10:49:08.740,6.1000,11
38948740543288,10:49:08.740,6.1000,30
38948740753306,10:49:08.740,6.1000,80
38948740793611,10:49:08.740,6.1000,790
38948740793611,10:49:08.740,6.1000,78
39012728884778,10:50:12.728,6.0900,1000
39012728884778,10:50:12.728,6.0900,100
39012728884778,10:50:12.728,6.0900,100
39012728884778,10:50:12.728,6.0900,100
39012728884778,10:50:12.728,6.0900,100
39012728884778,10:50:12.728,6.0900,300
39012730853389,10:50:12.730,6.0800,1
39012730897559,10:50:12.730,6.0800,1
39013850798980,10:50:13.850,6.0900,100
39013850798980,10:50:13.850,6.0900,100
39017634168489,10:50:17.634,6.0900,100
39017634168489,10:50:17.634,6.0900,100
39017634168489,10:50:17.634,6.0900,1000
39078623172185,10:51:18.623,6.0900,100
39078623172185,10:51:18.623,6.0900,200
39078623172185,10:51:18.623,6.0900,100
39078623172185,10:51:18.623,6.0900,100
39078623172185,10:51:18.623,6.0900,300
39083091278996,10:51:23.091,6.0900,100
39083091278996,10:51:23.091,6.0900,100
39083091278996,10:51:23.091,6.0900,200
39083595973064,10:51:23.595,6.0850,100
39083595973064,10:51:23.595,6.0850,200
39083595973064,10:51:23.595,6.0850,400
39083595973064,10:51:23.595,6.0800,998
39083595973064,10:51:23.595,6.0800,100
39083595973064,10:51:23.595,6.0800,1500
39083595973064,10:51:23.595,6.0800,102
39083596700320,10:51:23.596,6.0800,100
39083596700320,10:51:23.596,6.0800,100
39083596700320,10:51:23.596,6.0800,200
39083597240386,10:51:23.597,6.0800,2200
39083597546585,10:51:23.597,6.0700,1
39083597790402,10:51:23.597,6.0750,1
39083597802198,10:51:23.597,6.0750,1
39083597808395,10:51:23.597,6.0750,2
39083597810110,10:51:23.597,6.0750,1
39083597839612,10:51:23.597,6.0750,1
39083598730300,10:51:23.598,6.0750,2
39083823055605,10:51:23.823,6.0800,100
39083823055605,10:51:23.823,6.0800,100
39179242572970,10:52:59.242,6.0900,100
39179242572970,10:52:59.242,6.0900,100
39179242572970,10:52:59.242,6.0900,100
39179242572970,10:52:59.242,6.0900,100
39205028484646,10:53:25.028,6.0800,55
39260362796764,10:54:20.362,6.0850,1
39260362796764,10:54:20.362,6.0850,1
39260362796764,10:54:20.362,6.0850,2
39260362796764,10:54:20.362,6.0850,1
39260362796764,10:54:20.362,6.0850,2
39260362796764,10:54:20.362,6.0850,1
39260362796764,10:54:20.362,6.0850,1
39260362796764,10:54:20.362,6.0850,2
39260362796764,10:54:20.362,6.0850,1
39260362796764,10:54:20.362,6.0850,1
39260362796764,10:54:20.362,6.0850,3
39260362796764,10:54:20.362,6.0900,200
39260362796764,10:54:20.362,6.0900,400
39283695005943,10:54:43.695,6.1000,100
39283695005943,10:54:43.695,6.1000,200
39283695005943,10:54:43.695,6.1000,100
39411535346291,10:56:51.535,6.1150,1
39421579864425,10:57:01.579,6.1150,1
39432872597927,10:57:12.872,6.1150,1
39432872597927,10:57:12.872,6.1150,2
39432872597927,10:57:12.872,6.1150,1
39432872597927,10:57:12.872,6.1150,1
39432872597927,10:57:12.872,6.1150,1
39432872597927,10:57:12.872,6.1150,1
39432872597927,10:57:12.872,6.1150,1
39432872597927,10:57:12.872,6.1150,1
39435747662719,10:57:15.747,6.1200,100
39435747662719,10:57:15.747,6.1200,200
39435747662719,10:57:15.747,6.1200,200
39436978200380,10:57:16.978,6.1250,65
39439145208923,10:57:19.145,6.1200,100
39439145208923,10:57:19.145,6.1200,100
39439145208923,10:57:19.145,6.1200,1000
39439145208923,10:57:19.145,6.1200,52
39439145208923,10:57:19.145,6.1200,100
39467261567161,10:57:47.261,6.1100,592
39467261581541,10:57:47.261,6.1100,408
39481145132318,10:58:01.145,6.1000,100
39481145132318,10:58:01.145,6.1000,100
39481145132318,10:58:01.145,6.1000,100
39481145132318,10:58:01.145,6.1000,100
39481145132318,10:58:01.145,6.1000,2700
39481145132318,10:58:01.145,6.1000,700
39486353025486,10:58:06.353,6.1000,55
39595358313401,10:59:55.358,6.1100,100
39595358313401,10:59:55.358,6.1100,100
39595358313401,10:59:55.358,6.1100,200
39595358313401,10:59:55.358,6.1100,100
39597051276115,10:59:57.051,6.1100,40
39609094030973,11:00:09.094,6.1150,200
39616559025658,11:00:16.559,6.1150,200
39617173135837,11:00:17.173,6.1150,1
39617173135837,11:00:17.173,6.1150,2
39629947027403,11:00:29.947,6.1250,100
39633916034603,11:00:33.916,6.1250,400
39646754037775,11:00:46.754,6.1250,100
39646754039158,11:00:46.754,6.1250,333
39648150597830,11:00:48.150,6.1300,500
39648151029215,11:00:48.151,6.1300,500
39652019265914,11:00:52.019,6.1300,100
39652019265914,11:00:52.019,6.1300,100
39660490186013,11:01:00.490,6.1300,100
39660490186013,11:01:00.490,6.1300,100
39660490186013,11:01:00.490,6.1300,100
39660490186013,11:01:00.490,6.1300,300
39660490239559,11:01:00.490,6.1300,200
39663463726945,11:01:03.463,6.1400,1000
39663463726945,11:01:03.463,6.1400,100
39663463726945,11:01:03.463,6.1400,500
39666943556430,11:01:06.943,6.1450,1
39666943556430,11:01:06.943,6.1450,2
39666943556430,11:01:06.943,6.1450,2
39666943556430,11:01:06.943,6.1450,1
39666943556430,11:01:06.943,6.1450,50
39722889042304,11:02:02.889,6.1450,200
39725205052499,11:02:05.205,6.1450,100
39725205053941,11:02:05.205,6.1450,200
39726250040734,11:02:06.250,6.1450,100
39755975910287,11:02:35.975,6.1450,1
39755975910287,11:02:35.975,6.1450,1
39755975910287,11:02:35.975,6.1450,2
39755975910287,11:02:35.975,6.1450,1
39755975910287,11:02:35.975,6.1450,1
39755975910287,11:02:35.975,6.1450,91
39767271742088,11:02:47.271,6.1400,1
39767271742088,11:02:47.271,6.1400,100
39767271742088,11:02:47.271,6.1400,100
39767271742088,11:02:47.271,6.1400,100
39767271742088,11:02:47.271,6.1400,100
39767271742088,11:02:47.271,6.1400,100
39776547881806,11:02:56.547,6.1400,100
39776547881806,11:02:56.547,6.1400,100
39789247562472,11:03:09.247,6.1400,55
39799268688973,11:03:19.268,6.1400,100
39799268688973,11:03:19.268,6.1400,100
39799268688973,11:03:19.268,6.1400,100
39851593094433,11:04:11.593,6.1350,1
39851593094433,11:04:11.593,6.1350,2
39851593094433,11:04:11.593,6.1350,1
39851593094433,11:04:11.593,6.1350,1
39851593094433,11:04:11.593,6.1350,1
39851593094433,11:04:11.593,6.1350,1
39851593094433,11:04:11.593,6.1350,1
39851593094433,11:04:11.593,6.1350,1
39851593094433,11:04:11.593,6.1350,3
39851593094433,11:04:11.593,6.1400,100
39851593094433,11:04:11.593,6.1400,100
39851593094433,11:04:11.593,6.1400,200
39851593094433,11:04:11.593,6.1400,400
39851593094433,11:04:11.593,6.1400,700
39851593094433,11:04:11.593,6.1400,88
39851593349171,11:04:11.593,6.1400,12
39857749313752,11:04:17.749,6.1400,100
39857749313752,11:04:17.749,6.1400,1
39857750094077,11:04:17.750,6.1300,1
39871586597693,11:04:31.586,6.1400,100
39871590409354,11:04:31.590,6.1450,149
39871590918278,11:04:31.590,6.1450,251
39926066454678,11:05:26.066,6.1500,200
39926066454678,11:05:26.066,6.1500,300
39926066454678,11:05:26.066,6.1500,100
39958952836169,11:05:58.952,6.1500,100
39958952836169,11:05:58.952,6.1500,1
39958952836169,11:05:58.952,6.1500,6
39958952836169,11:05:58.952,6.1500,100
39995128588387,11:06:35.128,6.1400,100
39995128588387,11:06:35.128,6.1400,100
40004882274855,11:06:44.882,6.1400,100
40004882274855,11:06:44.882,6.1400,100
40007458199661,11:06:47.458,6.1450,89
40093610709923,11:08:13.610,6.1400,55
40225668716415,11:10:25.668,6.1450,1
40225668716415,11:10:25.668,6.1450,1
40225668716415,11:10:25.668,6.1450,1
40225668716415,11:10:25.668,6.1450,1
40225668716415,11:10:25.668,6.1500,100
40225668716415,11:10:25.668,6.1500,100
40225668716415,11:10:25.668,6.1500,100
40225668716415,11:10:25.668,6.1500,96
40225668954211,11:10:25.668,6.1500,4
40225668954211,11:10:25.668,6.1500,5
40225668954211,11:10:25.668,6.1500,100
40225702575382,11:10:25.702,6.1500,100
40225702575382,11:10:25.702,6.1500,100
40225702575382,11:10:25.702,6.1500,100
40225702575382,11:10:25.702,6.1500,1200
40225702575382,11:10:25.702,6.1500,800
40225702575382,11:10:25.702,6.1500,300
40225702575382,11:10:25.702,6.1500,200
40225702575382,11:10:25.702,6.1500,100
40225702575382,11:10:25.702,6.1500,400
40225702575382,11:10:25.702,6.1500,100
40225703220086,11:10:25.703,6.1500,100
40225703220086,11:10:25.703,6.1500,100
40225703220086,11:10:25.703,6.1500,100
40225703481322,11:10:25.703,6.1500,300
40225704026414,11:10:25.704,6.1500,600
40245200400702,11:10:45.200,6.1450,100
40249145181887,11:10:49.145,6.1400,45
40249145181887,11:10:49.145,6.1400,100
40249145181887,11:10:49.145,6.1400,100
40249145181887,11:10:49.145,6.1400,100
40249145181887,11:10:49.145,6.1400,1
40249146482720,11:10:49.146,6.1300,1
40249146484004,11:10:49.146,6.1300,1
40249146485381,11:10:49.146,6.1300,1
40249146486765,11:10:49.146,6.1300,1
40249146488630,11:10:49.146,6.1300,1
40249146498594,11:10:49.146,6.1300,1
40249169524975,11:10:49.169,6.1350,400
40249169524975,11:10:49.169,6.1350,100
40249169524975,11:10:49.169,6.1300,94
40249169524975,11:10:49.169,6.1300,100
40249169524975,11:10:49.169,6.1300,300
40249169524975,11:10:49.169,6.1300,200
40249169524975,11:10:49.169,6.1300,500
40249169524975,11:10:49.169,6.1300,700
40249169524975,11:10:49.169,6.1300,100
40249169524975,11:10:49.169,6.1300,1800
40249169524975,11:10:49.169,6.1300,1000
40249169524975,11:10:49.169,6.1300,100
40249169524975,11:10:49.169,6.1300,6
40249169719687,11:10:49.169,6.1300,194
40249169719687,11:10:49.169,6.1300,100
40249170529097,11:10:49.170,6.1300,100
40249171581997,11:10:49.171,6.1300,600
40249172296291,11:10:49.172,6.1300,100
40249172345763,11:10:49.172,6.1300,202
40249172347253,11:10:49.172,6.1300,210
40249172392930,11:10:49.172,6.1300,88
40249172392930,11:10:49.172,6.1300,100
40249172399459,11:10:49.172,6.1300,100
40249172451143,11:10:49.172,6.1300,100
40249223659587,11:10:49.223,6.1300,900
40249223659587,11:10:49.223,6.1300,900
40249223659587,11:10:49.223,6.1300,600
40249223659587,11:10:49.223,6.1300,500
40249223659587,11:10:49.223,6.1300,500
40249223659587,11:10:49.223,6.1300,1200
40270456999819,11:11:10.456,6.1400,100
40270456999819,11:11:10.456,6.1400,100
40270456999819,11:11:10.456,6.1400,100
40270457723072,11:11:10.457,6.1400,100
40293322496956,11:11:33.322,6.1450,1
40294835513957,11:11:34.835,6.1400,100
40294835513957,11:11:34.835,6.1400,100
40294835990263,11:11:34.835,6.1300,1
40294835992783,11:11:34.835,6.1300,1
40294835994058,11:11:34.835,6.1300,1
40294835997361,11:11:34.835,6.1300,3
40294835998604,11:11:34.835,6.1300,1
40294836000124,11:11:34.836,6.1300,1
40374792594695,11:12:54.792,6.1400,100
40374792594695,11:12:54.792,6.1400,100
40374792594695,11:12:54.792,6.1400,100
40374792594695,11:12:54.792,6.1400,1
40385248952057,11:13:05.248,6.1300,100
40402615479168,11:13:22.615,6.1300,100
40402615479168,11:13:22.615,6.1300,100
40403620298412,11:13:23.620,6.1300,100
40404886559347,11:13:24.886,6.1300,100
40408872507764,11:13:28.872,6.1300,100
40408872507764,11:13:28.872,6.1300,300
40408879917371,11:13:28.879,6.1300,900
40408879917371,11:13:28.879,6.1300,1
40409707011888,11:13:29.707,6.1300,1500
40409707011888,11:13:29.707,6.1300,600
40409707011888,11:13:29.707,6.1300,1700
40409707011888,11:13:29.707,6.1300,200
40409707011888,11:13:29.707,6.1300,1200
40409707011888,11:13:29.707,6.1300,100
40409707011888,11:13:29.707,6.1300,200
40413979296754,11:13:33.979,6.1400,54
40420299627407,11:13:40.299,6.1400,200
40420299627407,11:13:40.299,6.1400,100
40426641024882,11:13:46.641,6.1400,100
40487563050532,11:14:47.563,6.1450,2
40487563050532,11:14:47.563,6.1450,2
40487563050532,11:14:47.563,6.1450,2
40487563050532,11:14:47.563,6.1450,1
40487563050532,11:14:47.563,6.1450,1
40487563050532,11:14:47.563,6.1450,1
40487563050532,11:14:47.563,6.1450,1
40487563050532,11:14:47.563,6.1450,1
40487563050532,11:14:47.563,6.1450,1
40487563050532,11:14:47.563,6.1450,1
40487563050532,11:14:47.563,6.1450,1
40487563050532,11:14:47.563,6.1450,1
40487563050532,11:14:47.563,6.1450,1
40487563050532,11:14:47.563,6.1450,1
40487563050532,11:14:47.563,6.1450,1
40487563050532,11:14:47.563,6.1450,1
40487563050532,11:14:47.563,6.1500,2000
40487563050532,11:14:47.563,6.1500,781
40491579803897,11:14:51.579,6.1500,277
40494057564141,11:14:54.057,6.1500,142
40494057564141,11:14:54.057,6.1500,358
40497580767186,11:14:57.580,6.1500,42
40497580767186,11:14:57.580,6.1500,100
40497580767186,11:14:57.580,6.1500,40
40691973959245,11:18:11.973,6.1550,55
40719621259706,11:18:39.621,6.1500,600
40719621259706,11:18:39.621,6.1500,100
40719621259706,11:18:39.621,6.1500,100
40719621259706,11:18:39.621,6.1500,100
40719621259706,11:18:39.621,6.1500,100
40719621259706,11:18:39.621,6.1500,100
40719621259706,11:18:39.621,6.1500,500
40719625258354,11:18:39.625,6.1400,600
40719625258354,11:18:39.625,6.1400,100
40719625258354,11:18:39.625,6.1400,100
40719625258354,11:18:39.625,6.1400,1200
40719625258354,11:18:39.625,6.1400,400
40719625258354,11:18:39.625,6.1400,1000
40719625258354,11:18:39.625,6.1400,1000
40719625258354,11:18:39.625,6.1400,500
40719626973619,11:18:39.626,6.1400,500
40719626973619,11:18:39.626,6.1400,975
40719627207574,11:18:39.627,6.1400,325
40719627207574,11:18:39.627,6.1400,300
40719755955216,11:18:39.755,6.1400,37
40723562804550,11:18:43.562,6.1400,100
40723562804550,11:18:43.562,6.1400,100
40723562804550,11:18:43.562,6.1400,6
40724085016443,11:18:44.085,6.1450,400
40724585010814,11:18:44.585,6.1450,400
40725085012871,11:18:45.085,6.1450,400
40725585010669,11:18:45.585,6.1450,400
40726085009660,11:18:46.085,6.1450,400
40726585011731,11:18:46.585,6.1450,400
40727085010357,11:18:47.085,6.1450,305
40727585010183,11:18:47.585,6.1450,295
40736580487919,11:18:56.580,6.1500,100
40736580487919,11:18:56.580,6.1500,100
40736580487919,11:18:56.580,6.1500,100
40834560897815,11:20:34.560,6.1500,100
40834560897815,11:20:34.560,6.1500,100
40834560897815,11:20:34.560,6.1500,1
40834560897815,11:20:34.560,6.1500,100
40834560897815,11:20:34.560,6.1500,800
40834560897815,11:20:34.560,6.1500,100
40834561010524,11:20:34.561,6.1500,1100
40834561015512,11:20:34.561,6.1500,500
40834561087658,11:20:34.561,6.1500,100
40834561087658,11:20:34.561,6.1500,200
40834561087658,11:20:34.561,6.1500,400
40834561087658,11:20:34.561,6.1500,100
40834561375027,11:20:34.561,6.1400,1
40834561376350,11:20:34.561,6.1400,1
40834561376938,11:20:34.561,6.1400,1
40834561741766,11:20:34.561,6.1400,3
40914709015873,11:21:54.709,6.1450,1
40956421676214,11:22:36.421,6.1450,1
40956422552812,11:22:36.422,6.1450,2
40956422625403,11:22:36.422,6.1450,1
40956422680255,11:22:36.422,6.1450,1
40956422780735,11:22:36.422,6.1450,1
40985448005141,11:23:05.448,6.1450,55
40993391701380,11:23:13.391,6.1500,100
40993391701380,11:23:13.391,6.1500,1300
40993391701380,11:23:13.391,6.1500,100
40993391701380,11:23:13.391,6.1500,100
40993391701380,11:23:13.391,6.1500,200
40993391701380,11:23:13.391,6.1500,200
40993391701380,11:23:13.391,6.1500,400
40993391701380,11:23:13.391,6.1500,200
41028235457978,11:23:48.235,6.1550,3
41058530139857,11:24:18.530,6.1550,2
41058530254904,11:24:18.530,6.1550,1
41058530259758,11:24:18.530,6.1550,2
41093422389320,11:24:53.422,6.1600,1000
41093422389320,11:24:53.422,6.1600,100
41093422389320,11:24:53.422,6.1600,400
41093422389320,11:24:53.422,6.1600,200
41093422389320,11:24:53.422,6.1600,100
41117177940552,11:25:17.177,6.1650,2
41117178033178,11:25:17.178,6.1650,1
41117178072943,11:25:17.178,6.1650,2
41117178272756,11:25:17.178,6.1650,1
41117178372196,11:25:17.178,6.1650,1
41138447526567,11:25:38.447,6.1650,1
41142886370551,11:25:42.886,6.1600,1
41142886370551,11:25:42.886,6.1600,100
41142886370551,11:25:42.886,6.1600,100
41142886370551,11:25:42.886,6.1600,900
41142886370551,11:25:42.886,6.1600,500
41142887582222,11:25:42.887,6.1500,2
41142887659007,11:25:42.887,6.1500,1
41142887667388,11:25:42.887,6.1500,1
41142887675972,11:25:42.887,6.1500,1
41142887683631,11:25:42.887,6.1500,1
41142887695678,11:25:42.887,6.1500,2
41142887711609,11:25:42.887,6.1500,1
41190188130476,11:26:30.188,6.1600,100
41190188130476,11:26:30.188,6.1600,200
41190188130476,11:26:30.188,6.1600,1400
41190188130476,11:26:30.188,6.1600,100
41190188130476,11:26:30.188,6.1600,100
41190188243066,11:26:30.188,6.1600,100
41190188254984,11:26:30.188,6.1600,100
41190188263243,11:26:30.188,6.1600,100
41190188299440,11:26:30.188,6.1600,966
41190188311893,11:26:30.188,6.1600,134
41251479222446,11:27:31.479,6.1600,1384
41251479623041,11:27:31.479,6.1600,1
41251479623041,11:27:31.479,6.1600,100
41251479623041,11:27:31.479,6.1600,100
41251479623041,11:27:31.479,6.1600,100
41251479835593,11:27:31.479,6.1600,100
41251479835593,11:27:31.479,6.1600,100
41251479835593,11:27:31.479,6.1600,1500
41287257932559,11:28:07.257,6.1500,55
41340582646055,11:29:00.582,6.1500,75
41340582646055,11:29:00.582,6.1500,1
41340582646055,11:29:00.582,6.1500,1
41340582646055,11:29:00.582,6.1500,85
41340582659528,11:29:00.582,6.1500,615
41340582659528,11:29:00.582,6.1500,100
41340582659528,11:29:00.582,6.1500,21
41340582695348,11:29:00.582,6.1500,79
41340582695348,11:29:00.582,6.1500,100
41340582695348,11:29:00.582,6.1500,400
41358579495611,11:29:18.579,6.1500,100
41358584230763,11:29:18.584,6.1500,100
41358584230763,11:29:18.584,6.1500,1000
41409095290058,11:30:09.095,6.1550,100
41409095290058,11:30:09.095,6.1550,146
41409095290058,11:30:09.095,6.1550,100
41409095290058,11:30:09.095,6.1550,154
41409095290058,11:30:09.095,6.1550,100
41409095290058,11:30:09.095,6.1550,400
41409095290058,11:30:09.095,6.1550,200
41409095290058,11:30:09.095,6.1600,100
41409095290058,11:30:09.095,6.1600,300
41409095290058,11:30:09.095,6.1600,500
41409095290058,11:30:09.095,6.1600,1000
41409095290058,11:30:09.095,6.1600,5000
41409095290058,11:30:09.095,6.1600,500
41409095290058,11:30:09.095,6.1600,5000
41409095290058,11:30:09.095,6.1600,30
41409095290058,11:30:09.095,6.1600,100
41409095290058,11:30:09.095,6.1600,100
41409702884569,11:30:09.702,6.1600,100
41409702884569,11:30:09.702,6.1600,100
41409702884569,11:30:09.702,6.1600,300
41422057892717,11:30:22.057,6.1600,500
41422057892717,11:30:22.057,6.1600,300
41424820018116,11:30:24.820,6.1650,100
41425340015322,11:30:25.340,6.1650,400
41425819014918,11:30:25.819,6.1650,100
41426980019444,11:30:26.980,6.1650,100
41427439017639,11:30:27.439,6.1650,100
41427439019032,11:30:27.439,6.1650,300
41427939020768,11:30:27.939,6.1650,100
41427939021397,11:30:27.939,6.1650,100
41427939022273,11:30:27.939,6.1650,100
41439773139818,11:30:39.773,6.1700,800
41439773139818,11:30:39.773,6.1700,100
41439773139818,11:30:39.773,6.1700,200
41486304012146,11:31:26.304,6.1750,100
41498497028248,11:31:38.497,6.1750,400
41511292319833,11:31:51.292,6.1750,1
41511292319833,11:31:51.292,6.1750,2
41549332000699,11:32:29.332,6.1800,28
41580935092889,11:33:00.935,6.1750,55
41590354996529,11:33:10.354,6.1750,100
41590354997919,11:33:10.354,6.1750,400
41590354998573,11:33:10.354,6.1750,300
41591974992066,11:33:11.974,6.1750,100
41604746994716,11:33:24.746,6.1750,100
41624962758282,11:33:44.962,6.1700,100
41624962758282,11:33:44.962,6.1700,100
41624962758282,11:33:44.962,6.1700,800
41624962758282,11:33:44.962,6.1700,1500
41624962758282,11:33:44.962,6.1700,100
41624962758282,11:33:44.962,6.1700,100
41624962758282,11:33:44.962,6.1700,100
41624962758282,11:33:44.962,6.1700,100
41624962758282,11:33:44.962,6.1700,100
41624962758282,11:33:44.962,6.1700,100
41624962758282,11:33:44.962,6.1700,39
41624962758282,11:33:44.962,6.1700,34
41624962797836,11:33:44.962,6.1700,100
41658554561714,11:34:18.554,6.1650,1
41802306557893,11:36:42.306,6.1650,72
41917849173380,11:38:37.849,6.1600,54
41917884339371,11:38:37.884,6.1600,46
41917884339371,11:38:37.884,6.1600,89
41917884882408,11:38:37.884,6.1600,11
41917884882408,11:38:37.884,6.1600,100
41917884882408,11:38:37.884,6.1600,100
41917884882408,11:38:37.884,6.1600,156
41917884923127,11:38:37.884,6.1600,144
42089668226376,11:41:29.668,6.1500,100
42089668226376,11:41:29.668,6.1500,200
42089668226376,11:41:29.668,6.1500,1200
42089668226376,11:41:29.668,6.1500,500
42089668226376,11:41:29.668,6.1500,100
42125407884578,11:42:05.407,6.1500,100
42125407884578,11:42:05.407,6.1500,600
42196135852550,11:43:16.135,6.1600,100
42196135852550,11:43:16.135,6.1600,200
42196135852550,11:43:16.135,6.1600,1000
42196135852550,11:43:16.135,6.1600,200
42196135852550,11:43:16.135,6.1600,30
42196135852550,11:43:16.135,6.1600,100
42280156311527,11:44:40.156,6.1600,100
42280156311527,11:44:40.156,6.1600,34
42345265050458,11:45:45.265,6.1550,1
42345265156551,11:45:45.265,6.1550,3
42345265272838,11:45:45.265,6.1550,1
42345265347083,11:45:45.265,6.1550,1
42345265394375,11:45:45.265,6.1550,3
42345265498846,11:45:45.265,6.1550,1
42345265500644,11:45:45.265,6.1550,2
42345265501346,11:45:45.265,6.1550,2
42416733751188,11:46:56.733,6.1600,100
42416733751188,11:46:56.733,6.1600,94
42416733751188,11:46:56.733,6.1600,100
42416733751188,11:46:56.733,6.1600,100
42416733751188,11:46:56.733,6.1600,6
42416733794022,11:46:56.733,6.1600,94
42416733794022,11:46:56.733,6.1600,200
42416733794022,11:46:56.733,6.1600,200
42416733794022,11:46:56.733,6.1600,200
42416733794022,11:46:56.733,6.1600,100
42416733804862,11:46:56.733,6.1600,300
42416747800928,11:46:56.747,6.1650,2
42416760227872,11:46:56.760,6.1650,4
42476229762901,11:47:56.229,6.1650,1
42487468212793,11:48:07.468,6.1600,4500
42487468212793,11:48:07.468,6.1600,100
42487468212793,11:48:07.468,6.1600,585
42487468212793,11:48:07.468,6.1600,209
42487468212793,11:48:07.468,6.1600,700
42487468212793,11:48:07.468,6.1600,100
42487468212793,11:48:07.468,6.1600,100
42487468212793,11:48:07.468,6.1600,100
42487468212793,11:48:07.468,6.1600,300
42487468212793,11:48:07.468,6.1600,200
42487468212793,11:48:07.468,6.1600,300
42489899920270,11:48:09.899,6.1550,55
42554230477903,11:49:14.230,6.1600,100
42554230477903,11:49:14.230,6.1600,100
42554230477903,11:49:14.230,6.1600,200
42554230477903,11:49:14.230,6.1600,100
42554230477903,11:49:14.230,6.1600,100
42554230477903,11:49:14.230,6.1600,100
42554230477903,11:49:14.230,6.1600,100
42729492085350,11:52:09.492,6.1600,45
42729492325833,11:52:09.492,6.1600,27
42729492443393,11:52:09.492,6.1600,28
42729492443393,11:52:09.492,6.1600,100
42729492443393,11:52:09.492,6.1600,100
42729492443393,11:52:09.492,6.1600,300
42729492443393,11:52:09.492,6.1600,100
42729492443393,11:52:09.492,6.1600,39
42729492443393,11:52:09.492,6.1600,100
42792024478896,11:53:12.024,6.1600,100
42792024478896,11:53:12.024,6.1600,100
42792024478896,11:53:12.024,6.1600,100
42792024478896,11:53:12.024,6.1600,100
42792024612185,11:53:12.024,6.1600,700
42792024670499,11:53:12.024,6.1600,1600
42792024778570,11:53:12.024,6.1600,500
42916255961349,11:55:16.255,6.1600,30
42964391191953,11:56:04.391,6.1650,67
43070157039185,11:57:50.157,6.1600,100
43070157039185,11:57:50.157,6.1600,100
43070157039185,11:57:50.157,6.1600,400
43070157039185,11:57:50.157,6.1600,200
43070157039185,11:57:50.157,6.1600,100
43070157039185,11:57:50.157,6.1600,100
43070157039185,11:57:50.157,6.1600,200
43070157039185,11:57:50.157,6.1600,200
43070157602704,11:57:50.157,6.1600,800
43070157602704,11:57:50.157,6.1600,200
43074386161398,11:57:54.386,6.1500,1500
43074386161398,11:57:54.386,6.1500,100
43074386161398,11:57:54.386,6.1500,100
43074386161398,11:57:54.386,6.1500,400
43074386161398,11:57:54.386,6.1500,100
43074386161398,11:57:54.386,6.1500,100
43074386161398,11:57:54.386,6.1500,100
43074386161398,11:57:54.386,6.1500,100
43074386497855,11:57:54.386,6.1500,100
43074386497855,11:57:54.386,6.1500,100
43074386497855,11:57:54.386,6.1500,1600
43074386497855,11:57:54.386,6.1500,300
43074386743345,11:57:54.386,6.1500,100
43074386743345,11:57:54.386,6.1500,100
43074386743345,11:57:54.386,6.1500,32
43074386909827,11:57:54.386,6.1500,300
43074388255035,11:57:54.388,6.1500,100
43074388255035,11:57:54.388,6.1500,100
43074388391738,11:57:54.388,6.1500,1000
43074388595512,11:57:54.388,6.1500,100
43074390347585,11:57:54.390,6.1500,200
43074393764295,11:57:54.393,6.1500,200
43074398319339,11:57:54.398,6.1500,100
43075538606350,11:57:55.538,6.1450,1
43075538751183,11:57:55.538,6.1450,1
43075538787328,11:57:55.538,6.1450,1
43097876428431,11:58:17.876,6.1500,800
43097876428431,11:58:17.876,6.1500,1600
43097876428431,11:58:17.876,6.1500,100
43097876428431,11:58:17.876,6.1500,300
43097876428431,11:58:17.876,6.1500,100
43097876428431,11:58:17.876,6.1500,100
43113382564835,11:58:33.382,6.1600,55
43118685614922,11:58:38.685,6.1600,500
43118686009239,11:58:38.686,6.1600,1200
43118686009239,11:58:38.686,6.1600,100
43118696274341,11:58:38.696,6.1600,9
43204044842515,12:00:04.044,6.1650,400
43204044842515,12:00:04.044,6.1650,300
43204044842515,12:00:04.044,6.1650,200
43204044842515,12:00:04.044,6.1650,200
43204044842515,12:00:04.044,6.1650,150
43204044842515,12:00:04.044,6.1650,100
43204044842515,12:00:04.044,6.1650,100
43204044842515,12:00:04.044,6.1700,100
43204044842515,12:00:04.044,6.1700,700
43204044842515,12:00:04.044,6.1700,100
43204044842515,12:00:04.044,6.1700,300
43204044842515,12:00:04.044,6.1700,400
43204044842515,12:00:04.044,6.1700,900
43204044842515,12:00:04.044,6.1700,100
43204044842515,12:00:04.044,6.1700,950
43253540023933,12:00:53.540,6.1650,100
43262510025769,12:01:02.510,6.1650,400
43306544896328,12:01:46.544,6.1600,100
43306544896328,12:01:46.544,6.1600,100
43306544896328,12:01:46.544,6.1600,100
43306544896328,12:01:46.544,6.1600,100
43306544896328,12:01:46.544,6.1600,100
43306544896328,12:01:46.544,6.1600,34
43306546767587,12:01:46.546,6.1500,2
43306546779733,12:01:46.546,6.1500,2
43306546802862,12:01:46.546,6.1500,1
43306546806181,12:01:46.546,6.1500,2
43306546828788,12:01:46.546,6.1500,1
43306546856989,12:01:46.546,6.1500,1
43306546875200,12:01:46.546,6.1500,3
43306546895142,12:01:46.546,6.1500,1
43306546960550,12:01:46.546,6.1500,2
43306546964113,12:01:46.546,6.1500,2
43306546998641,12:01:46.546,6.1550,1
43306547005072,12:01:46.547,6.1550,2
43306547013831,12:01:46.547,6.1550,2
43306547025796,12:01:46.547,6.1550,2
43306547226794,12:01:46.547,6.1550,2
43306547229324,12:01:46.547,6.1550,1
43306547235343,12:01:46.547,6.1550,1
43306547238826,12:01:46.547,6.1550,2
43306547245033,12:01:46.547,6.1550,1
43311807406679,12:01:51.807,6.1550,1
43311807406679,12:01:51.807,6.1550,1
43311807406679,12:01:51.807,6.1550,2
43311807406679,12:01:51.807,6.1550,1
43319421752043,12:01:59.421,6.1600,705
43319421752043,12:01:59.421,6.1600,100
43319421752043,12:01:59.421,6.1600,100
43381823028783,12:03:01.823,6.1650,200
43396895564286,12:03:16.895,6.1600,54
43406006030120,12:03:26.006,6.1650,200
43406980023927,12:03:26.980,6.1650,200
43467366940757,12:04:27.366,6.1650,2
43467367849339,12:04:27.367,6.1650,1
43526661292621,12:05:26.661,6.1600,100
43526661292621,12:05:26.661,6.1600,1700
43526661292621,12:05:26.661,6.1600,100
43526661292621,12:05:26.661,6.1600,100
43526661292621,12:05:26.661,6.1600,100
43526661292621,12:05:26.661,6.1600,100
43526661292621,12:05:26.661,6.1600,1
43526661292621,12:05:26.661,6.1600,1000
43607592659741,12:06:47.592,6.1550,2
43607593933885,12:06:47.593,6.1550,2
43607595476577,12:06:47.595,6.1550,1
43607596935657,12:06:47.596,6.1550,1
43633790680624,12:07:13.790,6.1550,49
43633790821435,12:07:13.790,6.1550,49
43633791079086,12:07:13.791,6.1550,49
43633821626095,12:07:13.821,6.1550,47
43633821626095,12:07:13.821,6.1550,2
43633821784760,12:07:13.821,6.1550,49
43661552800497,12:07:41.552,6.1550,200
43712363659679,12:08:32.363,6.1550,55
43824736893436,12:10:24.736,6.1550,2
43824737021091,12:10:24.737,6.1550,1
43824737037676,12:10:24.737,6.1550,2
43853690300904,12:10:53.690,6.1550,200
43853690300904,12:10:53.690,6.1600,100
43853690314211,12:10:53.690,6.1600,151
43853690314211,12:10:53.690,6.1600,100
43853690314211,12:10:53.690,6.1600,100
43853690314211,12:10:53.690,6.1600,100
43853690314211,12:10:53.690,6.1600,700
43853690314211,12:10:53.690,6.1600,200
43853690314211,12:10:53.690,6.1600,100
43853690314211,12:10:53.690,6.1600,30
43853690314211,12:10:53.690,6.1600,1500
43853690314211,12:10:53.690,6.1600,100
43853690314211,12:10:53.690,6.1600,100
43853690314211,12:10:53.690,6.1600,100
43853690314211,12:10:53.690,6.1600,100
43853690314211,12:10:53.690,6.1600,100
43853690314211,12:10:53.690,6.1600,100
43853690314211,12:10:53.690,6.1600,300
43853690314211,12:10:53.690,6.1600,400
43853690314211,12:10:53.690,6.1600,100
43853690314211,12:10:53.690,6.1600,319
43853690358813,12:10:53.690,6.1600,81
43853690358813,12:10:53.690,6.1600,100
43853690358813,12:10:53.690,6.1600,100
43853690358813,12:10:53.690,6.1600,96
43853690436949,12:10:53.690,6.1600,100
43853690436949,12:10:53.690,6.1600,100
43853690883629,12:10:53.690,6.1600,1700
43853690883629,12:10:53.690,6.1600,500
43853691306562,12:10:53.691,6.1600,200
43853694232969,12:10:53.694,6.1600,500
43891860379366,12:11:31.860,6.1600,100
43891860379366,12:11:31.860,6.1600,100
43891860379366,12:11:31.860,6.1600,100
43891860379366,12:11:31.860,6.1600,100
43891860533201,12:11:31.860,6.1600,100
43960365686726,12:12:40.365,6.1650,1
43983616522611,12:13:03.616,6.1650,55
44057718541656,12:14:17.718,6.1600,100
44057718541656,12:14:17.718,6.1600,100
44057718541656,12:14:17.718,6.1600,36
44057718574696,12:14:17.718,6.1600,64
44057718574696,12:14:17.718,6.1600,200
44057718574696,12:14:17.718,6.1600,100
44057718903414,12:14:17.718,6.1600,200
44057718903414,12:14:17.718,6.1600,100
44057718958944,12:14:17.718,6.1600,100
44057719019370,12:14:17.719,6.1600,200
44057719019370,12:14:17.719,6.1600,100
44057719383985,12:14:17.719,6.1600,100
44057719442649,12:14:17.719,6.1600,200
44063983079072,12:14:23.983,6.1550,1
44063983079072,12:14:23.983,6.1550,2
44166376763711,12:16:06.376,6.1550,5
44172412613919,12:16:12.412,6.1600,98
44190092618807,12:16:30.092,6.1600,200
44190092618807,12:16:30.092,6.1600,100
44223245384016,12:17:03.245,6.1600,1
44258402056581,12:17:38.402,6.1600,49
44258402056581,12:17:38.402,6.1600,200
44258402056581,12:17:38.402,6.1600,100
44258402056581,12:17:38.402,6.1600,100
44258402056581,12:17:38.402,6.1600,100
44258402056581,12:17:38.402,6.1600,100
44388023725334,12:19:48.023,6.1600,1
44388023725334,12:19:48.023,6.1600,100
44388023725334,12:19:48.023,6.1600,400
44388023725334,12:19:48.023,6.1600,100
44388023725334,12:19:48.023,6.1600,100
44388023725334,12:19:48.023,6.1600,100
44388023725334,12:19:48.023,6.1600,100
44388023725334,12:19:48.023,6.1600,100
44388023725334,12:19:48.023,6.1600,100
44388023725334,12:19:48.023,6.1600,100
44388023725334,12:19:48.023,6.1600,100
44388025761683,12:19:48.025,6.1500,1
44388025772752,12:19:48.025,6.1500,1
44388025774276,12:19:48.025,6.1500,2
44388025788258,12:19:48.025,6.1500,1
44388025809337,12:19:48.025,6.1500,2
44463379014244,12:21:03.379,6.1550,3
44516514830812,12:21:56.514,6.1600,1
44544518028592,12:22:24.518,6.1600,199
44544518028592,12:22:24.518,6.1600,100
44544518028592,12:22:24.518,6.1600,100
44544518028592,12:22:24.518,6.1600,100
44544518028592,12:22:24.518,6.1600,100
44544518028592,12:22:24.518,6.1600,100
44544518028592,12:22:24.518,6.1600,300
44544518028592,12:22:24.518,6.1600,100
44544518028592,12:22:24.518,6.1600,100
44544557241925,12:22:24.557,6.1600,33
44553920668020,12:22:33.920,6.1600,1
44591158229106,12:23:11.158,6.1550,55
44724396249780,12:25:24.396,6.1600,100
44724396249780,12:25:24.396,6.1600,100
44724396249780,12:25:24.396,6.1600,100
44724396249780,12:25:24.396,6.1600,100
44724396249780,12:25:24.396,6.1600,100
44724396249780,12:25:24.396,6.1600,100
44724455806366,12:25:24.455,6.1600,1
44739429275238,12:25:39.429,6.1600,99
44739429275238,12:25:39.429,6.1600,200
44739429275238,12:25:39.429,6.1600,100
44739429275238,12:25:39.429,6.1600,1
44739429403275,12:25:39.429,6.1600,99
44739429403275,12:25:39.429,6.1600,82
44739429458384,12:25:39.429,6.1600,18
44740150782027,12:25:40.150,6.1600,30
44874658227066,12:27:54.658,6.1700,100
44874658227066,12:27:54.658,6.1700,500
44874658227066,12:27:54.658,6.1700,100
44874658259375,12:27:54.658,6.1700,400
44874658259375,12:27:54.658,6.1700,100
44874658259375,12:27:54.658,6.1700,500
44874658259375,12:27:54.658,6.1700,500
44874658259375,12:27:54.658,6.1700,1500
44874658259375,12:27:54.658,6.1700,100
44874658259375,12:27:54.658,6.1700,100
44874658259375,12:27:54.658,6.1700,100
44874658259375,12:27:54.658,6.1700,200
44874658259375,12:27:54.658,6.1700,100
44874716311552,12:27:54.716,6.1750,13
44915291220204,12:28:35.291,6.1750,200
44915291220204,12:28:35.291,6.1750,200
44964821472433,12:29:24.821,6.1800,200
44964821472433,12:29:24.821,6.1800,200
45016565849695,12:30:16.565,6.1800,100
45016565849695,12:30:16.565,6.1800,100
45016565849695,12:30:16.565,6.1800,100
45016704044458,12:30:16.704,6.1800,200
45016704044458,12:30:16.704,6.1800,200
45016705965845,12:30:16.705,6.1800,900
45016707209180,12:30:16.707,6.1800,900
45016707209180,12:30:16.707,6.1800,100
45016707259429,12:30:16.707,6.1800,1500
45069466949535,12:31:09.466,6.1800,4
45093881840887,12:31:33.881,6.1850,77
45094037402427,12:31:34.037,6.1850,2
45115118270196,12:31:55.118,6.1900,500
45115153556259,12:31:55.153,6.1850,73
45129487827772,12:32:09.487,6.1850,48
45129487827772,12:32:09.487,6.1850,61
45129519131604,12:32:09.519,6.1850,6
45134144696636,12:32:14.144,6.1850,85
45134171675382,12:32:14.171,6.1850,28
45138831513434,12:32:18.831,6.1800,41
45147662769280,12:32:27.662,6.1800,1
45147662769280,12:32:27.662,6.1800,100
45147662769280,12:32:27.662,6.1800,100
45147662769280,12:32:27.662,6.1800,200
45147662769280,12:32:27.662,6.1800,1000
45147662769280,12:32:27.662,6.1800,200
45147662827777,12:32:27.662,6.1800,1000
45167174414394,12:32:47.174,6.1700,100
45167174414394,12:32:47.174,6.1700,35
45167174414394,12:32:47.174,6.1700,100
45167174414394,12:32:47.174,6.1700,100
45167174414394,12:32:47.174,6.1700,200
45167174414394,12:32:47.174,6.1700,100
45167174414394,12:32:47.174,6.1700,100
45167174414394,12:32:47.174,6.1700,100
45167174414394,12:32:47.174,6.1700,100
45167174414394,12:32:47.174,6.1700,100
45167174414394,12:32:47.174,6.1700,700
45167174414394,12:32:47.174,6.1700,1
45167178308196,12:32:47.178,6.1650,400
45167178308196,12:32:47.178,6.1650,200
45167178308196,12:32:47.178,6.1600,100
45167178308196,12:32:47.178,6.1600,2500
45167178308196,12:32:47.178,6.1600,1000
45167178308196,12:32:47.178,6.1600,600
45167178308196,12:32:47.178,6.1600,100
45167178308196,12:32:47.178,6.1600,300
45167178308196,12:32:47.178,6.1600,300
45167178308196,12:32:47.178,6.1600,100
45167183406439,12:32:47.183,6.1600,100
45167183406439,12:32:47.183,6.1600,200
45167184018314,12:32:47.184,6.1600,77
45167186425259,12:32:47.186,6.1600,9
45167193406369,12:32:47.193,6.1600,1000
45167193406369,12:32:47.193,6.1600,600
45167193417823,12:32:47.193,6.1600,100
45167193417823,12:32:47.193,6.1600,200
45167198238268,12:32:47.198,6.1600,92
45192161130602,12:33:12.161,6.1600,55
45282430014787,12:34:42.430,6.1650,200
45360280389749,12:36:00.280,6.1600,100
45360280389749,12:36:00.280,6.1600,100
45360280389749,12:36:00.280,6.1600,100
45360280389749,12:36:00.280,6.1600,100
45360280389749,12:36:00.280,6.1600,100
45360280389749,12:36:00.280,6.1600,1
45360280389749,12:36:00.280,6.1600,1000
45419171850111,12:36:59.171,6.1600,100
45419182242157,12:36:59.182,6.1650,9
45505318935098,12:38:25.318,6.1600,1
45505318935098,12:38:25.318,6.1600,54
45506694423753,12:38:26.694,6.1600,46
45506694423753,12:38:26.694,6.1600,100
45506694423753,12:38:26.694,6.1600,1
45573116167731,12:39:33.116,6.1600,100
45573116167731,12:39:33.116,6.1600,67
45573116241419,12:39:33.116,6.1600,33
45573116241419,12:39:33.116,6.1600,5
45573142678959,12:39:33.142,6.1650,8
45708566341970,12:41:48.566,6.1600,300
45708566341970,12:41:48.566,6.1600,86
45708566349022,12:41:48.566,6.1600,114
45708566349022,12:41:48.566,6.1600,100
45708566349022,12:41:48.566,6.1600,1
45772228175393,12:42:52.228,6.1600,100
45772228175393,12:42:52.228,6.1600,800
45772228175393,12:42:52.228,6.1600,100
45772228175393,12:42:52.228,6.1600,200
45772228175393,12:42:52.228,6.1600,100
45802200608439,12:43:22.200,6.1600,30
45829968774334,12:43:49.968,6.1600,70
45829968774334,12:43:49.968,6.1600,100
45829968774334,12:43:49.968,6.1600,100
45829968774334,12:43:49.968,6.1600,100
45829968774334,12:43:49.968,6.1600,1
45893338934335,12:44:53.338,6.1600,100
45893338934335,12:44:53.338,6.1600,100
45893338934335,12:44:53.338,6.1600,26
45893338966223,12:44:53.338,6.1600,74
45893338966223,12:44:53.338,6.1600,200
45893338966223,12:44:53.338,6.1600,100
45893386991891,12:44:53.386,6.1600,55
46088804874673,12:48:08.804,6.1600,54
46281730914917,12:51:21.730,6.1700,400
46281730914917,12:51:21.730,6.1700,100
46281730914917,12:51:21.730,6.1700,100
46281730914917,12:51:21.730,6.1700,900
46281730914917,12:51:21.730,6.1700,300
46281730914917,12:51:21.730,6.1700,100
46281730914917,12:51:21.730,6.1700,100
46281730914917,12:51:21.730,6.1700,100
46281730914917,12:51:21.730,6.1700,100
46281730914917,12:51:21.730,6.1700,100
46281730914917,12:51:21.730,6.1700,100
46281730914917,12:51:21.730,6.1700,100
46281866579270,12:51:21.866,6.1700,22
46409960315132,12:53:29.960,6.1700,55
46409960342341,12:53:29.960,6.1700,245
46409960342341,12:53:29.960,6.1700,600
46409960342341,12:53:29.960,6.1700,1
46409960342341,12:53:29.960,6.1700,100
46409960342341,12:53:29.960,6.1700,100
46409960342341,12:53:29.960,6.1700,900
46409960342341,12:53:29.960,6.1700,100
46409960342341,12:53:29.960,6.1700,200
46409960342341,12:53:29.960,6.1700,900
46409960342341,12:53:29.960,6.1700,100
46409960342341,12:53:29.960,6.1700,100
46409984291185,12:53:29.984,6.1600,19
46457058862837,12:54:17.058,6.1650,255
46457059362322,12:54:17.059,6.1650,145
46457059362322,12:54:17.059,6.1650,100
46465051011192,12:54:25.051,6.1650,226
46531088624652,12:55:31.088,6.1650,100
46531799006105,12:55:31.799,6.1650,400
46630503066639,12:57:10.503,6.1650,35
46673086179465,12:57:53.086,6.1600,27
46673086179465,12:57:53.086,6.1600,73
46711720493635,12:58:31.720,6.1600,27
46711720493635,12:58:31.720,6.1600,28
46722332490367,12:58:42.332,6.1650,8
46750933947473,12:59:10.933,6.1600,172
46750933947473,12:59:10.933,6.1600,74
46750933947473,12:59:10.933,6.1600,1300
46750933947473,12:59:10.933,6.1600,1
46750933947473,12:59:10.933,6.1600,100
46750933947473,12:59:10.933,6.1600,100
46750933947473,12:59:10.933,6.1600,100
46750933947473,12:59:10.933,6.1600,100
46750933947473,12:59:10.933,6.1600,100
46750933947473,12:59:10.933,6.1600,700
46750933947473,12:59:10.933,6.1600,600
46758143410916,12:59:18.143,6.1600,100
46758143410916,12:59:18.143,6.1600,100
46758143410916,12:59:18.143,6.1600,100
46758143410916,12:59:18.143,6.1600,100
46758143641274,12:59:18.143,6.1600,400
46758148033482,12:59:18.148,6.1650,59
46758169364973,12:59:18.169,6.1650,75
46758234147073,12:59:18.234,6.1650,25
46758234147073,12:59:18.234,6.1650,150
46758234147073,12:59:18.234,6.1600,7000
46758234147073,12:59:18.234,6.1600,1700
46758234147073,12:59:18.234,6.1600,300
46758234147073,12:59:18.234,6.1600,600
46758234147073,12:59:18.234,6.1600,1000
46758234147073,12:59:18.234,6.1600,300
46758234147073,12:59:18.234,6.1600,200
46758234147073,12:59:18.234,6.1600,700
46758234147073,12:59:18.234,6.1600,1600
46758234147073,12:59:18.234,6.1600,100
46758234147073,12:59:18.234,6.1600,656
46758234491957,12:59:18.234,6.1600,30
46864359263306,13:01:04.359,6.1650,32
47003262952168,13:03:23.262,6.1600,55
47059355999544,13:04:19.355,6.1650,83
47162433206841,13:06:02.433,6.1650,71
47196296212959,13:06:36.296,6.1650,4
47304946351164,13:08:24.946,6.1600,45
47304946351164,13:08:24.946,6.1600,10
47308310036706,13:08:28.310,6.1700,29
47444269001270,13:10:44.269,6.1650,400
47447259006354,13:10:47.259,6.1650,400
47447259007041,13:10:47.259,6.1650,100
47447759006606,13:10:47.759,6.1650,400
47448259005696,13:10:48.259,6.1650,100
47467597132566,13:11:07.597,6.1650,100
47467597132566,13:11:07.597,6.1650,400
47467597132566,13:11:07.597,6.1650,421
47467597132566,13:11:07.597,6.1600,90
47467597132566,13:11:07.597,6.1600,100
47467597132566,13:11:07.597,6.1600,100
47467597132566,13:11:07.597,6.1600,227
47467597132566,13:11:07.597,6.1600,1
47467597132566,13:11:07.597,6.1600,800
47467597132566,13:11:07.597,6.1600,100
47467597132566,13:11:07.597,6.1600,100
47467597132566,13:11:07.597,6.1600,1361
47479804024421,13:11:19.804,6.1650,240
47484316007641,13:11:24.316,6.1650,100
47486316009908,13:11:26.316,6.1650,100
47518627130471,13:11:58.627,6.1700,44
47549703130530,13:12:29.703,6.1700,1556
47549703130530,13:12:29.703,6.1700,100
47549703130530,13:12:29.703,6.1700,100
47549703130530,13:12:29.703,6.1700,100
47549703130530,13:12:29.703,6.1700,300
47549703130530,13:12:29.703,6.1700,100
47549703130530,13:12:29.703,6.1700,500
47549703130530,13:12:29.703,6.1700,100
47549703130530,13:12:29.703,6.1700,100
47549703130530,13:12:29.703,6.1700,100
47549703130530,13:12:29.703,6.1700,300
47549703130530,13:12:29.703,6.1700,100
47549703337064,13:12:29.703,6.1700,100
47555881657836,13:12:35.881,6.1750,100
47555881657836,13:12:35.881,6.1750,200
47555884646255,13:12:35.884,6.1800,85
47558796189298,13:12:38.796,6.1800,100
47572611829818,13:12:52.611,6.1800,100
47572669431235,13:12:52.669,6.1800,100
47572816350575,13:12:52.816,6.1800,200
47586055173392,13:13:06.055,6.1750,100
47589132450560,13:13:09.132,6.1750,100
47600374976500,13:13:20.374,6.1800,27
47601465985645,13:13:21.465,6.1750,100
47641915435293,13:14:01.915,6.1750,100
47676609758556,13:14:36.609,6.1800,100
47700027480441,13:15:00.027,6.1800,100
47700094849377,13:15:00.094,6.1800,200
47711960976035,13:15:11.960,6.1800,100
47714942591046,13:15:14.942,6.1800,100
47715207940270,13:15:15.207,6.1800,100
47723410781286,13:15:23.410,6.1800,100
47770776172210,13:16:10.776,6.1800,100
47796804171303,13:16:36.804,6.1800,100
47812333615301,13:16:52.333,6.1800,100
47826859130636,13:17:06.859,6.1800,100
47834547943857,13:17:14.547,6.1800,100
47837760698745,13:17:17.760,6.1800,100
47844028200478,13:17:24.028,6.1800,100
47844078085221,13:17:24.078,6.1800,100
47856917296283,13:17:36.917,6.1800,100
47863967600874,13:17:43.967,6.1800,100
47864025130320,13:17:44.025,6.1800,100
47864497019052,13:17:44.497,6.1800,40
47866124497522,13:17:46.124,6.1800,60
47866124497522,13:17:46.124,6.1800,40
47869042913949,13:17:49.042,6.1800,360
47869042913949,13:17:49.042,6.1800,300
47869042913949,13:17:49.042,6.1800,700
47869042913949,13:17:49.042,6.1800,68
47869042913949,13:17:49.042,6.1800,100
47869042913949,13:17:49.042,6.1800,200
47869042913949,13:17:49.042,6.1800,100
47869042913949,13:17:49.042,6.1800,100
47869042913949,13:17:49.042,6.1800,2361
47869042913949,13:17:49.042,6.1800,100
47869042913949,13:17:49.042,6.1800,100
48002047937522,13:20:02.047,6.1900,300
48002047937522,13:20:02.047,6.1900,669
48002048286814,13:20:02.048,6.1900,1331
48002048286814,13:20:02.048,6.1900,58
48002048286814,13:20:02.048,6.1900,100
48002048286814,13:20:02.048,6.1900,100
48002048286814,13:20:02.048,6.1900,100
48002048286814,13:20:02.048,6.1900,100
48002048286814,13:20:02.048,6.1900,500
48010743593855,13:20:10.743,6.1950,18
48011375015612,13:20:11.375,6.1950,40
48012191813398,13:20:12.191,6.1950,100
48028437529581,13:20:28.437,6.2000,87
48076081977573,13:21:16.081,6.1950,200
48076081977573,13:21:16.081,6.1950,400
48076081977573,13:21:16.081,6.1900,1700
48076081977573,13:21:16.081,6.1900,660
48076081977573,13:21:16.081,6.1900,100
48076081977573,13:21:16.081,6.1900,1
48076081977573,13:21:16.081,6.1900,100
48076081977573,13:21:16.081,6.1900,100
48076081977573,13:21:16.081,6.1900,239
48101315979477,13:21:41.315,6.1950,33
48125535726550,13:22:05.535,6.1900,561
48125535726550,13:22:05.535,6.1900,100
48125535726550,13:22:05.535,6.1900,100
48125535726550,13:22:05.535,6.1900,100
48125535726550,13:22:05.535,6.1900,100
48125535726550,13:22:05.535,6.1900,100
48125535726550,13:22:05.535,6.1900,100
48125535726550,13:22:05.535,6.1900,100
48125535726550,13:22:05.535,6.1900,1
48125538158881,13:22:05.538,6.1800,200
48125669043002,13:22:05.669,6.1850,200
48125669043002,13:22:05.669,6.1850,100
48125669043002,13:22:05.669,6.1900,100
48207954472417,13:23:27.954,6.1800,55
48296280499242,13:24:56.280,6.1800,45
48296280499242,13:24:56.280,6.1800,100
48296280499242,13:24:56.280,6.1800,200
48296280499242,13:24:56.280,6.1800,100
48296280499242,13:24:56.280,6.1800,1
48296280499242,13:24:56.280,6.1800,100
48296298524826,13:24:56.298,6.1750,200
48296298524826,13:24:56.298,6.1750,400
48296298524826,13:24:56.298,6.1700,300
48296298524826,13:24:56.298,6.1700,600
48296298524826,13:24:56.298,6.1700,200
48296298524826,13:24:56.298,6.1700,400
48296298524826,13:24:56.298,6.1700,100
48296298524826,13:24:56.298,6.1700,100
48296298524826,13:24:56.298,6.1700,200
48296298524826,13:24:56.298,6.1700,200
48296298524826,13:24:56.298,6.1700,100
48296298524826,13:24:56.298,6.1700,2100
48296299062805,13:24:56.299,6.1700,200
48296300198447,13:24:56.300,6.1700,1000
48296300266786,13:24:56.300,6.1700,600
48296368431015,13:24:56.368,6.1650,72
48395518294868,13:26:35.518,6.1650,200
48395518294868,13:26:35.518,6.1650,100
48486555004890,13:28:06.555,6.1650,55
48715683875183,13:31:55.683,6.1700,79
48783036829169,13:33:03.036,6.1700,21
48783036829169,13:33:03.036,6.1700,100
48783036829169,13:33:03.036,6.1700,1301
48783036957218,13:33:03.036,6.1700,100
48783036957218,13:33:03.036,6.1700,100
48783036957218,13:33:03.036,6.1700,100
48783036957218,13:33:03.036,6.1700,66
48783036957218,13:33:03.036,6.1700,200
48783036957218,13:33:03.036,6.1700,100
48783036957218,13:33:03.036,6.1700,100
48783036957218,13:33:03.036,6.1700,100
48783036957218,13:33:03.036,6.1700,100
48783036957218,13:33:03.036,6.1700,100
48783036957218,13:33:03.036,6.1700,53
48783037222342,13:33:03.037,6.1700,547
48783037222342,13:33:03.037,6.1700,100
48783037222342,13:33:03.037,6.1700,100
48783037222342,13:33:03.037,6.1700,300
48783037222342,13:33:03.037,6.1700,374
48783037251722,13:33:03.037,6.1700,26
48783037408391,13:33:03.037,6.1700,1600
48783074175573,13:33:03.074,6.1700,5
48783312812298,13:33:03.312,6.1750,63
48927965529854,13:35:27.965,6.1700,1473
48927965529854,13:35:27.965,6.1700,100
48927965529854,13:35:27.965,6.1700,1100
48927965529854,13:35:27.965,6.1700,100
48927965529854,13:35:27.965,6.1700,100
48927965529854,13:35:27.965,6.1700,700
48927965529854,13:35:27.965,6.1700,900
48927965529854,13:35:27.965,6.1700,1
48927965529854,13:35:27.965,6.1700,800
48927966194350,13:35:27.966,6.1700,100
48927966363921,13:35:27.966,6.1700,222
48927966365549,13:35:27.966,6.1700,4100
49081013529032,13:38:01.013,6.1600,54
49170608212178,13:39:30.608,6.1650,95
49184605860619,13:39:44.605,6.1700,50
49348979271224,13:42:28.979,6.1650,100
49353340386381,13:42:33.340,6.1650,78
49370629362292,13:42:50.629,6.1650,19
49396249736298,13:43:16.249,6.1600,46
49396249736298,13:43:16.249,6.1600,9
49408230296714,13:43:28.230,6.1650,3
49408230296714,13:43:28.230,6.1650,25
49412575977536,13:43:32.575,6.1600,91
49412575977536,13:43:32.575,6.1600,100
49412575977536,13:43:32.575,6.1600,100
49412575977536,13:43:32.575,6.1600,100
49412575977536,13:43:32.575,6.1600,100
49412575977536,13:43:32.575,6.1600,700
49412575977536,13:43:32.575,6.1600,100
49412575977536,13:43:32.575,6.1600,100
49412575977536,13:43:32.575,6.1600,1100
49412575977536,13:43:32.575,6.1600,100
49412575977536,13:43:32.575,6.1600,100
49412575977536,13:43:32.575,6.1600,209
49412576019443,13:43:32.576,6.1600,91
49604352576284,13:46:44.352,6.1550,56
49673389519742,13:47:53.389,6.1550,31
49723315483842,13:48:43.315,6.1500,55
49751329121162,13:49:11.329,6.1550,1
49772603464925,13:49:32.603,6.1500,45
49772603464925,13:49:32.603,6.1500,1
49772603464925,13:49:32.603,6.1500,100
49772603464925,13:49:32.603,6.1500,100
49772603464925,13:49:32.603,6.1500,100
49772603464925,13:49:32.603,6.1500,100
49772603464925,13:49:32.603,6.1500,100
49772603464925,13:49:32.603,6.1500,400
49772603464925,13:49:32.603,6.1500,100
49772603464925,13:49:32.603,6.1500,100
49772603464925,13:49:32.603,6.1500,100
49772603464925,13:49:32.603,6.1500,1954
49772603542397,13:49:32.603,6.1500,46
49791004767218,13:49:51.004,6.1450,200
49809460997090,13:50:09.460,6.1450,8
49888423042367,13:51:28.423,6.1450,18
49941030512125,13:52:21.030,6.1450,39
49944131703547,13:52:24.131,6.1400,100
49944131703547,13:52:24.131,6.1400,100
49944131703547,13:52:24.131,6.1400,100
49944131703547,13:52:24.131,6.1400,100
49944131703547,13:52:24.131,6.1400,1
49944131703547,13:52:24.131,6.1400,100
49944131703547,13:52:24.131,6.1400,100
49944131703547,13:52:24.131,6.1400,100
49944131703547,13:52:24.131,6.1400,300
49944131703547,13:52:24.131,6.1400,400
49944131703547,13:52:24.131,6.1400,100
49944131703547,13:52:24.131,6.1400,600
50005993546307,13:53:25.993,6.1300,55
50006348888593,13:53:26.348,6.1350,81
50144684261591,13:55:44.684,6.1350,19
50144684261591,13:55:44.684,6.1350,1
50144684261591,13:55:44.684,6.1350,1
50144684261591,13:55:44.684,6.1350,2
50144684261591,13:55:44.684,6.1350,1
50144684261591,13:55:44.684,6.1350,76
50155105046573,13:55:55.105,6.1300,45
50155105046573,13:55:55.105,6.1300,100
50155105046573,13:55:55.105,6.1300,100
50155105046573,13:55:55.105,6.1300,100
50155105046573,13:55:55.105,6.1300,100
50155105046573,13:55:55.105,6.1300,100
50155105046573,13:55:55.105,6.1300,100
50155105046573,13:55:55.105,6.1300,100
50155105046573,13:55:55.105,6.1300,100
50155105046573,13:55:55.105,6.1300,100
50155106209005,13:55:55.106,6.1300,100
50185049634074,13:56:25.049,6.1250,59
50216855726821,13:56:56.855,6.1200,100
50216855726821,13:56:56.855,6.1200,100
50216855726821,13:56:56.855,6.1200,100
50216855726821,13:56:56.855,6.1200,100
50216855726821,13:56:56.855,6.1200,100
50229166007417,13:57:09.166,6.1250,100
50242437654821,13:57:22.437,6.1200,100
50242437654821,13:57:22.437,6.1200,300
50242437654821,13:57:22.437,6.1200,1
50244042802145,13:57:24.042,6.1200,1900
50244042802145,13:57:24.042,6.1200,1800
50244042802145,13:57:24.042,6.1200,100
50244042802145,13:57:24.042,6.1200,100
50244042802145,13:57:24.042,6.1200,100
50244042802145,13:57:24.042,6.1200,500
50253220340512,13:57:33.220,6.1300,93
50253220340512,13:57:33.220,6.1300,100
50253220340512,13:57:33.220,6.1300,100
50253220340512,13:57:33.220,6.1300,100
50253220340512,13:57:33.220,6.1300,200
50253220340512,13:57:33.220,6.1300,100
50253220340512,13:57:33.220,6.1300,100
50253220340512,13:57:33.220,6.1300,100
50308985072853,13:58:28.985,6.1350,55
50335289607686,13:58:55.289,6.1300,311
50335289607686,13:58:55.289,6.1300,1000
50335289607686,13:58:55.289,6.1300,200
50335289607686,13:58:55.289,6.1300,100
50335289607686,13:58:55.289,6.1300,300
50335289607686,13:58:55.289,6.1300,100
50335289607686,13:58:55.289,6.1300,100
50335289607686,13:58:55.289,6.1300,100
50335289607686,13:58:55.289,6.1300,700
50335289720446,13:58:55.289,6.1300,100
50335289720446,13:58:55.289,6.1300,100
50335289770774,13:58:55.289,6.1300,800
50335289773432,13:58:55.289,6.1300,100
50335289782695,13:58:55.289,6.1300,725
50335290331676,13:58:55.290,6.1200,300
50335290331676,13:58:55.290,6.1200,185
50335290417706,13:58:55.290,6.1200,109
50335290522154,13:58:55.290,6.1200,100
50335290560166,13:58:55.290,6.1300,2072
50335293648359,13:58:55.293,6.1200,4300
50335293648359,13:58:55.293,6.1200,100
50335293648359,13:58:55.293,6.1200,1000
50335304601729,13:58:55.304,6.1200,1400
50335304601729,13:58:55.304,6.1200,1000
50335308098285,13:58:55.308,6.1300,32
50376250453213,13:59:36.250,6.1200,57
50377310750632,13:59:37.310,6.1200,1000
50377310750632,13:59:37.310,6.1200,100
50382837828569,13:59:42.837,6.1200,200
50382838201723,13:59:42.838,6.1200,55
50385037959617,13:59:45.037,6.1250,100
50389834180722,13:59:49.834,6.1200,200
50389835076892,13:59:49.835,6.1200,408
50389835279482,13:59:49.835,6.1200,100
50400922624695,14:00:00.922,6.1250,200
50400922624695,14:00:00.922,6.1300,100
50400922624695,14:00:00.922,6.1300,68
50400923109162,14:00:00.923,6.1300,100
50402715236406,14:00:02.715,6.1300,100
50402715236406,14:00:02.715,6.1300,1100
50408992038270,14:00:08.992,6.1400,17
50408992038270,14:00:08.992,6.1400,2000
50408992038270,14:00:08.992,6.1400,100
50408992386455,14:00:08.992,6.1400,100
50409010260893,14:00:09.010,6.1500,394
50409010267551,14:00:09.010,6.1500,1600
50409010270951,14:00:09.010,6.1500,6
50409263327903,14:00:09.263,6.1600,10
50411513559568,14:00:11.513,6.1500,2
50416225969010,14:00:16.225,6.1500,100
50416819506079,14:00:16.819,6.1500,1000
50416819506079,14:00:16.819,6.1500,100
50416820225193,14:00:16.820,6.1500,55
50416823363907,14:00:16.823,6.1500,1055
50416823382520,14:00:16.823,6.1500,45
50416830433351,14:00:16.830,6.1500,252
50416830449079,14:00:16.830,6.1500,848
50419285952481,14:00:19.285,6.1500,100
50423327272940,14:00:23.327,6.1500,2101
50423329554684,14:00:23.329,6.1500,100
50423339039705,14:00:23.339,6.1500,100
50466726644602,14:01:06.726,6.1500,100
50467229222726,14:01:07.229,6.1400,297
50467229224001,14:01:07.229,6.1400,1603
50467272692140,14:01:07.272,6.1400,800
50471989705079,14:01:11.989,6.1400,100
50471989945237,14:01:11.989,6.1400,1528
50495162754719,14:01:35.162,6.1500,100
50495162754719,14:01:35.162,6.1500,100
50495162840469,14:01:35.162,6.1500,100
50495165740192,14:01:35.165,6.1600,100
50495165740192,14:01:35.165,6.1600,3000
50495165740192,14:01:35.165,6.1600,1979
50495165740192,14:01:35.165,6.1600,21
50495165740192,14:01:35.165,6.1600,100
50495165795471,14:01:35.165,6.1600,300
50527829604409,14:02:07.829,6.1700,100
50527829604409,14:02:07.829,6.1700,100
50527829604409,14:02:07.829,6.1700,2000
50527829604409,14:02:07.829,6.1700,100
50527829604409,14:02:07.829,6.1700,100
50527829604409,14:02:07.829,6.1700,100
50527833830693,14:02:07.833,6.1800,1800
50527833830693,14:02:07.833,6.1800,1800
50527833830693,14:02:07.833,6.1800,1979
50527833830693,14:02:07.833,6.1800,100
50527833830693,14:02:07.833,6.1800,321
50527833883953,14:02:07.833,6.1800,300
50527833883953,14:02:07.833,6.1800,200
50527833944571,14:02:07.833,6.1800,100
50527835229090,14:02:07.835,6.1800,100
50547469542409,14:02:27.469,6.1750,1
50547469542409,14:02:27.469,6.1800,99
50547469590715,14:02:27.469,6.1800,1
50555495409126,14:02:35.495,6.1800,100
50555495409126,14:02:35.495,6.1800,100
50555495602973,14:02:35.495,6.1800,55
50555510804501,14:02:35.510,6.1800,200
50555513624188,14:02:35.513,6.1800,7
50555541995030,14:02:35.541,6.1800,200
50555552324273,14:02:35.552,6.1800,100
50555563906921,14:02:35.563,6.1800,100
50555576441309,14:02:35.576,6.1800,100
50556011786341,14:02:36.011,6.1800,99
50558952653040,14:02:38.952,6.1800,200
50558952653040,14:02:38.952,6.1800,100
50558952653040,14:02:38.952,6.1800,400
50558953263971,14:02:38.953,6.1800,400
50558953263971,14:02:38.953,6.1800,100
50558953287450,14:02:38.953,6.1800,400
50558953308744,14:02:38.953,6.1800,400
50558953384963,14:02:38.953,6.1800,100
50558953460908,14:02:38.953,6.1800,100
50558953460908,14:02:38.953,6.1800,100
50558953460908,14:02:38.953,6.1800,100
50558953460908,14:02:38.953,6.1800,700
50566448590855,14:02:46.448,6.1850,1
50566448630921,14:02:46.448,6.1850,1
50569918408403,14:02:49.918,6.1900,100
50569918408403,14:02:49.918,6.1900,100
50575914291724,14:02:55.914,6.1850,200
50575914291724,14:02:55.914,6.1800,500
50578943204698,14:02:58.943,6.1800,200
50578943204698,14:02:58.943,6.1800,58
50579055172187,14:02:59.055,6.1900,400
50579055172187,14:02:59.055,6.1900,100
50579055172187,14:02:59.055,6.1900,200
50579105260196,14:02:59.105,6.1900,200
50579105260196,14:02:59.105,6.1900,200
50579105260196,14:02:59.105,6.1900,200
50582464361361,14:03:02.464,6.1900,200
50582464361361,14:03:02.464,6.1900,100
50600904601731,14:03:20.904,6.1900,100
50600904739122,14:03:20.904,6.1900,100
50651694539753,14:04:11.694,6.1950,2
50651694539753,14:04:11.694,6.1950,1
50651694539753,14:04:11.694,6.1950,1
50651694539753,14:04:11.694,6.1950,1
50651694539753,14:04:11.694,6.2000,413
50651694539753,14:04:11.694,6.2000,200
50651694539753,14:04:11.694,6.2000,100
50651694539753,14:04:11.694,6.2000,100
50651694539753,14:04:11.694,6.2000,100
50651694539753,14:04:11.694,6.2000,900
50651694539753,14:04:11.694,6.2000,95
50651694595883,14:04:11.694,6.2000,5
50655655448610,14:04:15.655,6.2100,47
50703965333234,14:05:03.965,6.2100,353
50703965333234,14:05:03.965,6.2100,300
50703965333234,14:05:03.965,6.2100,100
50703965333234,14:05:03.965,6.2100,100
50711101344917,14:05:11.101,6.2200,381
50711101403880,14:05:11.101,6.2200,72
50711101438440,14:05:11.101,6.2200,47
50711101438440,14:05:11.101,6.2200,58
50712371321832,14:05:12.371,6.2200,22
50713120433812,14:05:13.120,6.2250,200
50713120433812,14:05:13.120,6.2200,66
50713120433812,14:05:13.120,6.2200,100
50713120433812,14:05:13.120,6.2200,100
50713120433812,14:05:13.120,6.2200,500
50713141755582,14:05:13.141,6.2200,100
50713142047320,14:05:13.142,6.2200,400
50713221552343,14:05:13.221,6.2200,500
50713221554307,14:05:13.221,6.2200,400
50784145611226,14:06:24.145,6.2200,200
50784145611226,14:06:24.145,6.2200,200
50784145611226,14:06:24.145,6.2200,100
50784145715975,14:06:24.145,6.2200,200
50784145745409,14:06:24.145,6.2200,100
50784147745867,14:06:24.147,6.2100,100
50784147745867,14:06:24.147,6.2100,500
50784147745867,14:06:24.147,6.2100,200
50784149530784,14:06:24.149,6.2100,100
50786526740901,14:06:26.526,6.2200,100
50792994417140,14:06:32.994,6.2200,400
50861361088568,14:07:41.361,6.2300,192
50861361088568,14:07:41.361,6.2300,100
50861361088568,14:07:41.361,6.2300,100
50861361088568,14:07:41.361,6.2300,100
50861361088568,14:07:41.361,6.2300,500
50861361088568,14:07:41.361,6.2300,100
50862661701188,14:07:42.661,6.2350,8
50878922693556,14:07:58.922,6.2400,97
50878991639773,14:07:58.991,6.2350,1
50878991639773,14:07:58.991,6.2350,1
50878991639773,14:07:58.991,6.2350,1
50878991639773,14:07:58.991,6.2350,1
50955774912582,14:09:15.774,6.2350,1
50955774912582,14:09:15.774,6.2350,1
50963668912588,14:09:23.668,6.2350,70
50996649829146,14:09:56.649,6.2300,100
50996649829146,14:09:56.649,6.2300,1000
50996649829146,14:09:56.649,6.2300,100
50996649829146,14:09:56.649,6.2300,100
50996649829146,14:09:56.649,6.2300,100
50996649829146,14:09:56.649,6.2300,200
50996649829146,14:09:56.649,6.2300,1
50996649829146,14:09:56.649,6.2300,100
50996649829146,14:09:56.649,6.2300,100
50996696026606,14:09:56.696,6.2200,1
51032600138893,14:10:32.600,6.2200,700
51032600138893,14:10:32.600,6.2200,900
51032600138893,14:10:32.600,6.2200,100
51032600138893,14:10:32.600,6.2200,1
51032600138893,14:10:32.600,6.2200,100
51032600138893,14:10:32.600,6.2200,199
51032600390658,14:10:32.600,6.2200,801
51032600390658,14:10:32.600,6.2200,1300
51033605188712,14:10:33.605,6.2100,100
51033605188712,14:10:33.605,6.2100,100
51033605188712,14:10:33.605,6.2100,100
51033605188712,14:10:33.605,6.2100,100
51033605188712,14:10:33.605,6.2100,100
51033605188712,14:10:33.605,6.2100,100
51033605188712,14:10:33.605,6.2100,300
51033605188712,14:10:33.605,6.2100,200
51033605188712,14:10:33.605,6.2100,100
51033605188712,14:10:33.605,6.2100,400
51033607193437,14:10:33.607,6.2000,60
51037353931740,14:10:37.353,6.2100,100
51037353931740,14:10:37.353,6.2100,60
51037353931740,14:10:37.353,6.2100,100
51037353931740,14:10:37.353,6.2100,1
51037353931740,14:10:37.353,6.2100,4
51037353931740,14:10:37.353,6.2100,135
51037354246742,14:10:37.354,6.2100,100
51060976300990,14:11:00.976,6.2200,60
51129265080050,14:12:09.265,6.2300,60
51129265080050,14:12:09.265,6.2300,100
51129265136574,14:12:09.265,6.2300,5
51195857366991,14:13:15.857,6.2350,55
51300257012726,14:15:00.257,6.2350,96
51300767722578,14:15:00.767,6.2350,52
51318555366947,14:15:18.555,6.2350,2
51318555366947,14:15:18.555,6.2350,2
51318555366947,14:15:18.555,6.2350,1
51318555366947,14:15:18.555,6.2350,1
51318555366947,14:15:18.555,6.2350,1
51318555366947,14:15:18.555,6.2350,1
51318555366947,14:15:18.555,6.2350,1
51318555366947,14:15:18.555,6.2350,1
51318555366947,14:15:18.555,6.2350,1
51318555366947,14:15:18.555,6.2350,1
51318555366947,14:15:18.555,6.2350,1
51318555366947,14:15:18.555,6.2350,2
51318555366947,14:15:18.555,6.2350,1
51318555366947,14:15:18.555,6.2350,1
51321967487790,14:15:21.967,6.2350,21
51474393816087,14:17:54.393,6.2350,56
51510593346542,14:18:30.593,6.2300,55
51517865078939,14:18:37.865,6.2350,2
51517865078939,14:18:37.865,6.2350,82
51565540330472,14:19:25.540,6.2350,200
51565541493414,14:19:25.541,6.2300,45
51565541493414,14:19:25.541,6.2300,100
51565541493414,14:19:25.541,6.2300,200
51565541493414,14:19:25.541,6.2300,100
51565541493414,14:19:25.541,6.2300,100
51565541493414,14:19:25.541,6.2300,200
51565541493414,14:19:25.541,6.2300,400
51565541493414,14:19:25.541,6.2300,200
51565541493414,14:19:25.541,6.2300,100
51565541493414,14:19:25.541,6.2300,100
51565541493414,14:19:25.541,6.2300,500
51565541493414,14:19:25.541,6.2300,355
51565542672233,14:19:25.542,6.2300,200
51565542672233,14:19:25.542,6.2300,100
51565542672233,14:19:25.542,6.2300,900
51565601078939,14:19:25.601,6.2300,100
51565601078939,14:19:25.601,6.2300,1200
51565601078939,14:19:25.601,6.2300,100
51565601078939,14:19:25.601,6.2300,100
51657954608548,14:20:57.954,6.2250,1
51657954608548,14:20:57.954,6.2250,1
51657954608548,14:20:57.954,6.2250,1
51657954716541,14:20:57.954,6.2300,100
51657954716541,14:20:57.954,6.2300,50
51657954716541,14:20:57.954,6.2300,60
51657954716541,14:20:57.954,6.2300,100
51739319584388,14:22:19.319,6.2400,100
51739319584388,14:22:19.319,6.2400,100
51739319584388,14:22:19.319,6.2400,100
51739319584388,14:22:19.319,6.2400,100
51739319584388,14:22:19.319,6.2400,100
51739319584388,14:22:19.319,6.2400,50
51739319584388,14:22:19.319,6.2400,100
51739319584388,14:22:19.319,6.2400,4
51739319584388,14:22:19.319,6.2400,100
51739319584388,14:22:19.319,6.2400,100
51739319584388,14:22:19.319,6.2400,200
51739319584388,14:22:19.319,6.2400,100
51750414077941,14:22:30.414,6.2400,200
51750414077941,14:22:30.414,6.2400,1300
51750414077941,14:22:30.414,6.2400,100
51750414077941,14:22:30.414,6.2400,100
51750414077941,14:22:30.414,6.2400,100
51750414077941,14:22:30.414,6.2400,100
51750414077941,14:22:30.414,6.2400,1
51750414077941,14:22:30.414,6.2400,200
51815743135681,14:23:35.743,6.2300,55
51932013782745,14:25:32.013,6.2350,94
51933893945502,14:25:33.893,6.2300,145
51933893945502,14:25:33.893,6.2300,1
51933893945502,14:25:33.893,6.2300,1
51933893945502,14:25:33.893,6.2300,153
51933894501188,14:25:33.894,6.2300,447
51933894501188,14:25:33.894,6.2300,100
51933894501188,14:25:33.894,6.2300,18
51933894526497,14:25:33.894,6.2300,82
51933894526497,14:25:33.894,6.2300,100
51962362310079,14:26:02.362,6.2200,200
51962362310079,14:26:02.362,6.2200,200
51962362336704,14:26:02.362,6.2200,100
51962362336704,14:26:02.362,6.2200,100
51962362549743,14:26:02.362,6.2200,200
51962362549743,14:26:02.362,6.2200,900
51962362549743,14:26:02.362,6.2200,100
51962362749636,14:26:02.362,6.2200,200
51962362790026,14:26:02.362,6.2200,600
51962363260975,14:26:02.363,6.2200,200
52083670603818,14:28:03.670,6.2150,100
52091129146424,14:28:11.129,6.2100,2
52091129146424,14:28:11.129,6.2100,100
52091129146424,14:28:11.129,6.2100,100
52095329091168,14:28:15.329,6.2000,8
52100033931656,14:28:20.033,6.2050,96
52112526789415,14:28:32.526,6.2000,54
52112587841345,14:28:32.587,6.2000,138
52112587841345,14:28:32.587,6.2000,200
52112587841345,14:28:32.587,6.2000,100
52149286491361,14:29:09.286,6.1950,1
52149286491361,14:29:09.286,6.2000,100
52149286491361,14:29:09.286,6.2000,66
52149286491361,14:29:09.286,6.2000,40
52149286491361,14:29:09.286,6.2000,482
52149286564349,14:29:09.286,6.2000,4518
52149286564349,14:29:09.286,6.2000,200
52154519758999,14:29:14.519,6.2000,3000
52154519758999,14:29:14.519,6.2000,200
52154519758999,14:29:14.519,6.2000,500
52154519758999,14:29:14.519,6.2000,200
52154519758999,14:29:14.519,6.2000,100
52154519758999,14:29:14.519,6.2000,500
52154521205879,14:29:14.521,6.1900,40
52202764514834,14:30:02.764,6.1900,610
52202764514834,14:30:02.764,6.1900,100
52202764514834,14:30:02.764,6.1900,100
52223758534043,14:30:23.758,6.1850,2
52237176357405,14:30:37.176,6.1900,45
52237176357405,14:30:37.176,6.1900,22
52237176387831,14:30:37.176,6.1900,18
52237176387831,14:30:37.176,6.1900,100
52237176387831,14:30:37.176,6.1900,100
52237176387831,14:30:37.176,6.1900,100
52237176387831,14:30:37.176,6.1900,4
52237176387831,14:30:37.176,6.1900,100
52251878324563,14:30:51.878,6.2000,40
52251878324563,14:30:51.878,6.2000,2
52251878324563,14:30:51.878,6.2000,100
52381812797134,14:33:01.812,6.2050,162
52381813286732,14:33:01.813,6.2050,190
52381816669878,14:33:01.816,6.2050,200
52381816669878,14:33:01.816,6.2000,100
52381816669878,14:33:01.816,6.2000,100
52381816669878,14:33:01.816,6.2000,100
52381816669878,14:33:01.816,6.2000,100
52381816669878,14:33:01.816,6.2000,600
52381816669878,14:33:01.816,6.2000,100
52381816669878,14:33:01.816,6.2000,200
52381817025153,14:33:01.817,6.2000,1300
52381817054658,14:33:01.817,6.2000,100
52381817054658,14:33:01.817,6.2000,100
52381817293970,14:33:01.817,6.2000,100
52382904087136,14:33:02.904,6.1950,1
52382904087136,14:33:02.904,6.2000,12
52389000614533,14:33:09.000,6.1900,55
52564415666601,14:36:04.415,6.1900,100
52564415666601,14:36:04.415,6.1900,100
52564416625638,14:36:04.416,6.1900,100
52645815148835,14:37:25.815,6.1900,100
52645815148835,14:37:25.815,6.1900,100
52645815148835,14:37:25.815,6.1900,100
52645815148835,14:37:25.815,6.1900,30
52645815148835,14:37:25.815,6.1900,100
52645815148835,14:37:25.815,6.1900,100
52645815165941,14:37:25.815,6.1900,100
52645875159626,14:37:25.875,6.1900,30
52645879976226,14:37:25.879,6.1900,30
52645880239023,14:37:25.880,6.1900,30
52646039755286,14:37:26.039,6.1900,30
52646039958873,14:37:26.039,6.1900,30
52646040144776,14:37:26.040,6.1900,30
52646234668341,14:37:26.234,6.1900,30
52646236626729,14:37:26.236,6.1900,20
52646236948177,14:37:26.236,6.1900,20
52648347335118,14:37:28.347,6.1900,20
52648348807035,14:37:28.348,6.1900,20
52648350399726,14:37:28.350,6.1900,20
52648350546331,14:37:28.350,6.1900,20
52674246119245,14:37:54.246,6.1950,81
52710439232614,14:38:30.439,6.1950,28
52835415362552,14:40:35.415,6.1900,100
52835415362552,14:40:35.415,6.1900,200
52835415362552,14:40:35.415,6.1900,100
52835415362552,14:40:35.415,6.1900,100
52835415564383,14:40:35.415,6.1900,100
52864195606964,14:41:04.195,6.1900,3000
52864195606964,14:41:04.195,6.1900,100
52864195606964,14:41:04.195,6.1900,36
52864195606964,14:41:04.195,6.1900,20
52914442929653,14:41:54.442,6.2000,1
52914442956543,14:41:54.442,6.2000,99
52914442956543,14:41:54.442,6.2000,100
52914442956543,14:41:54.442,6.2000,100
52914442956543,14:41:54.442,6.2000,200
52914442956543,14:41:54.442,6.2000,100
52914442956543,14:41:54.442,6.2000,100
52914442956543,14:41:54.442,6.2000,100
52914442956543,14:41:54.442,6.2000,35
52914442956543,14:41:54.442,6.2000,200
52914442956543,14:41:54.442,6.2000,20
52914442956543,14:41:54.442,6.2000,100
52914443500129,14:41:54.443,6.2000,200
52943098743731,14:42:23.098,6.2100,1
52949331600391,14:42:29.331,6.2100,49
52978056712247,14:42:58.056,6.2000,100
52978056712247,14:42:58.056,6.2000,1
52978056712247,14:42:58.056,6.2000,100
52978056712247,14:42:58.056,6.2000,500
52983446935843,14:43:03.446,6.1950,69
53002878121887,14:43:22.878,6.1900,1
53002878121887,14:43:22.878,6.1900,1
53002878121887,14:43:22.878,6.1900,53
53086951283841,14:44:46.951,6.1900,2
53164537875371,14:46:04.537,6.1950,1
53164537875371,14:46:04.537,6.2000,94
53194544890215,14:46:34.544,6.2000,2
53214440218628,14:46:54.440,6.2000,4
53214440218628,14:46:54.440,6.2000,200
53214440218628,14:46:54.440,6.2000,100
53214440218628,14:46:54.440,6.2000,100
53214440218628,14:46:54.440,6.2000,1400
53214440218628,14:46:54.440,6.2000,23
53214440218628,14:46:54.440,6.2000,200
53214440218628,14:46:54.440,6.2000,20
53230117875287,14:47:10.117,6.2100,50
53230117875287,14:47:10.117,6.2100,100
53230117875287,14:47:10.117,6.2100,267
53230123894700,14:47:10.123,6.2100,205
53230123894700,14:47:10.123,6.2100,528
53230123894700,14:47:10.123,6.2100,200
53244204862592,14:47:24.204,6.2100,100
