timestamp,time,price,volume
25930643620927,07:12:10.643,62.5500,200
34200064098217,09:30:00.064,0.0000,0
34200508921047,09:30:00.508,62.8800,100
34200508921047,09:30:00.508,62.8800,100
34200509369266,09:30:00.509,62.9300,100
34200630074811,09:30:00.630,62.9000,100
34200630716867,09:30:00.630,62.9000,48
34200632506752,09:30:00.632,62.9000,20
34200964198885,09:30:00.964,62.9000,32
34201044936229,09:30:01.044,62.9000,100
34201045521312,09:30:01.045,62.9100,21
34201046257535,09:30:01.046,62.9100,79
34204995345284,09:30:04.995,62.9100,300
34205000443699,09:30:05.000,62.9100,300
34206990195336,09:30:06.990,62.9100,100
34220279995635,09:30:20.279,62.8900,600
34220292363747,09:30:20.292,62.8900,200
34220292450582,09:30:20.292,62.8900,100
34220486557513,09:30:20.486,62.8900,100
34220535886089,09:30:20.535,62.8900,99
34220536045952,09:30:20.536,62.8900,1
34220536045952,09:30:20.536,62.8900,1
34221007218439,09:30:21.007,62.8800,100
34221684978118,09:30:21.684,62.8900,100
34221684978118,09:30:21.684,62.8900,100
34221685590722,09:30:21.685,62.8900,100
34221712217065,09:30:21.712,62.8800,100
34233722723386,09:30:33.722,62.9100,100
34233727938781,09:30:33.727,62.9100,100
34235118335814,09:30:35.118,62.9100,100
34235876590875,09:30:35.876,62.9000,100
34235876590875,09:30:35.876,62.9000,100
34235876590875,09:30:35.876,62.9000,100
34235993130240,09:30:35.993,62.9100,100
34236043301196,09:30:36.043,62.9200,100
34236246305324,09:30:36.246,62.9300,100
34236246900591,09:30:36.246,62.9300,100
34236246900591,09:30:36.246,62.9300,100
34236246900591,09:30:36.246,62.9300,100
34236246900591,09:30:36.246,62.9300,100
34236246900591,09:30:36.246,62.9300,100
34236247307948,09:30:36.247,62.9300,48
34236248338426,09:30:36.248,62.9300,100
34236248338426,09:30:36.248,62.9300,100
34236248338426,09:30:36.248,62.9300,54
34236249242833,09:30:36.249,62.9300,46
34238135192814,09:30:38.135,62.9200,100
34238135192814,09:30:38.135,62.9200,100
34238135784532,09:30:38.135,62.9200,200
34238148585574,09:30:38.148,62.9200,200
34238148585574,09:30:38.148,62.9200,100
34238149408149,09:30:38.149,62.9200,100
34238149408149,09:30:38.149,62.9200,36
34238149497725,09:30:38.149,62.9200,200
34238149497725,09:30:38.149,62.9200,100
34240135233743,09:30:40.135,62.9200,100
34240135233743,09:30:40.135,62.9200,300
34242264669724,09:30:42.264,62.9200,100
34242273207352,09:30:42.273,62.9200,100
34242273249484,09:30:42.273,62.9200,100
34242273249484,09:30:42.273,62.9200,31
34245033722538,09:30:45.033,62.9400,25
34245033752586,09:30:45.033,62.9300,75
34245426028802,09:30:45.426,62.9400,84
34245477423166,09:30:45.477,62.9400,100
34245924684962,09:30:45.924,62.9300,100
34245924684962,09:30:45.924,62.9300,100
34248675158123,09:30:48.675,62.9400,100
34248681105161,09:30:48.681,62.9400,100
34252020015926,09:30:52.020,62.9600,100
34252020795319,09:30:52.020,62.9700,5
34256615449325,09:30:56.615,62.9700,1
34257174337167,09:30:57.174,62.9700,99
34257179606817,09:30:57.179,62.9900,100
34257188619669,09:30:57.188,62.9800,100
34257192843491,09:30:57.192,62.9800,100
34257192843491,09:30:57.192,62.9800,100
34257192843491,09:30:57.192,62.9800,100
34257192843491,09:30:57.192,62.9800,100
34257192843491,09:30:57.192,62.9800,100
34257487591482,09:30:57.487,62.9800,100
34259784257895,09:30:59.784,62.9900,100
34259787081418,09:30:59.787,63.0000,100
34261073691854,09:31:01.073,63.0000,100
34261073691854,09:31:01.073,63.0000,100
34261076728544,09:31:01.076,63.0100,200
34261086507481,09:31:01.086,63.0000,25
34265027544051,09:31:05.027,62.9700,100
34265027544051,09:31:05.027,62.9700,200
34265027578969,09:31:05.027,62.9700,300
34265057667224,09:31:05.057,62.9600,100
34265057733418,09:31:05.057,62.9600,100
34265060290787,09:31:05.060,62.9700,100
34265060290787,09:31:05.060,62.9700,100
34265060316004,09:31:05.060,62.9700,200
34265782418281,09:31:05.782,62.9600,100
34265782663717,09:31:05.782,62.9500,100
34265782663717,09:31:05.782,62.9500,100
34265782663717,09:31:05.782,62.9500,200
34265782721020,09:31:05.782,62.9500,100
34266243944536,09:31:06.243,62.9700,200
34266244440754,09:31:06.244,62.9600,100
34266296579147,09:31:06.296,62.9600,77
34266296605332,09:31:06.296,62.9600,23
34266296605332,09:31:06.296,62.9600,100
34266296712793,09:31:06.296,62.9600,100
34266296778458,09:31:06.296,62.9600,100
34266297001647,09:31:06.297,62.9600,100
34266297136505,09:31:06.297,62.9600,300
34266662104390,09:31:06.662,62.9600,100
34267744660851,09:31:07.744,62.9500,100
34267746005442,09:31:07.746,62.9400,100
34267746005442,09:31:07.746,62.9400,100
34267746350712,09:31:07.746,62.9400,100
34268140870217,09:31:08.140,62.9500,200
34268144671714,09:31:08.144,62.9600,100
34268144737809,09:31:08.144,62.9600,200
34268144755124,09:31:08.144,62.9600,100
34268243020251,09:31:08.243,62.9600,100
34272156536850,09:31:12.156,62.9600,100
34272156906670,09:31:12.156,62.9700,77
34272157662271,09:31:12.157,62.9700,100
34272158135967,09:31:12.158,62.9700,200
34272158532686,09:31:12.158,62.9700,100
34272158569839,09:31:12.158,62.9700,300
34272158569839,09:31:12.158,62.9700,100
34272158703654,09:31:12.158,62.9700,100
34272158727905,09:31:12.158,62.9700,100
34272159019675,09:31:12.159,62.9700,100
34272159767543,09:31:12.159,62.9800,100
34272160623648,09:31:12.160,62.9800,205
34272602921201,09:31:12.602,62.9700,100
34273427444930,09:31:13.427,62.9600,100
34273773594204,09:31:13.773,62.9700,100
34273773594204,09:31:13.773,62.9700,100
34273773594204,09:31:13.773,62.9700,100
34273773594204,09:31:13.773,62.9800,100
34273773594204,09:31:13.773,62.9800,100
34273773594204,09:31:13.773,62.9800,100
34273773594204,09:31:13.773,62.9900,100
34273773594204,09:31:13.773,62.9900,100
34273773594204,09:31:13.773,62.9900,100
34273774005855,09:31:13.774,62.9700,200
34273774005855,09:31:13.774,62.9700,300
34273774005855,09:31:13.774,62.9700,300
34273774005855,09:31:13.774,62.9700,300
34273774005855,09:31:13.774,62.9700,25
34273774005855,09:31:13.774,62.9700,300
34273774074854,09:31:13.774,62.9700,100
34273774094334,09:31:13.774,62.9700,100
34273774094334,09:31:13.774,62.9700,100
34273774222160,09:31:13.774,62.9700,200
34273774279557,09:31:13.774,62.9700,100
34273774349264,09:31:13.774,62.9700,100
34273774362081,09:31:13.774,62.9700,200
34275270638231,09:31:15.270,62.9800,1200
34275271176753,09:31:15.271,62.9800,500
34275271176753,09:31:15.271,62.9800,100
34275271176753,09:31:15.271,62.9800,400
34275271176753,09:31:15.271,62.9800,400
34275271176753,09:31:15.271,62.9800,100
34275271176753,09:31:15.271,62.9800,25
34275271176753,09:31:15.271,62.9800,100
34275272256566,09:31:15.272,62.9800,400
34275272256566,09:31:15.272,62.9800,500
34275272256566,09:31:15.272,62.9800,100
34275272256566,09:31:15.272,62.9800,100
34275272256566,09:31:15.272,62.9800,100
34275537208503,09:31:15.537,62.9800,100
34275588081711,09:31:15.588,62.9800,100
34275588142240,09:31:15.588,62.9800,200
34276645203717,09:31:16.645,62.9700,100
34276645419219,09:31:16.645,62.9700,100
34276645444226,09:31:16.645,62.9700,700
34276645444226,09:31:16.645,62.9700,1000
34276645543032,09:31:16.645,62.9700,700
34276645585205,09:31:16.645,62.9700,300
34276645585205,09:31:16.645,62.9700,100
34276645600353,09:31:16.645,62.9700,100
34276645612996,09:31:16.645,62.9700,100
34276646228972,09:31:16.646,62.9700,100
34276646228972,09:31:16.646,62.9700,56
34276646256975,09:31:16.646,62.9700,502
34276646270486,09:31:16.646,62.9700,100
34276646290872,09:31:16.646,62.9700,100
34276647083170,09:31:16.647,62.9700,100
34276647136111,09:31:16.647,62.9700,662
34280492634543,09:31:20.492,62.9700,100
34283032222056,09:31:23.032,62.9600,100
34283032222056,09:31:23.032,62.9600,1000
34283032222056,09:31:23.032,62.9600,395
34283032222056,09:31:23.032,62.9600,300
34283033900811,09:31:23.033,62.9600,25
34283033931778,09:31:23.033,62.9600,180
34283033931778,09:31:23.033,62.9600,100
34283034371570,09:31:23.034,62.9600,1200
34283034371570,09:31:23.034,62.9600,1300
34283034371570,09:31:23.034,62.9600,1200
34283034371570,09:31:23.034,62.9600,100
34283034371570,09:31:23.034,62.9600,100
34283036500588,09:31:23.036,62.9600,100
34283040699180,09:31:23.040,62.9600,192
34283043324292,09:31:23.043,62.9700,100
34287342271229,09:31:27.342,62.9800,25
34291631251663,09:31:31.631,62.9800,1
34293248964066,09:31:33.248,62.9700,100
34293250214843,09:31:33.250,62.9800,100
34302761820647,09:31:42.761,62.9600,51
34302761824156,09:31:42.761,62.9600,49
34302771528839,09:31:42.771,62.9600,300
34302771528839,09:31:42.771,62.9600,49
34302771528839,09:31:42.771,62.9600,100
34303136988575,09:31:43.136,62.9500,100
34303177914137,09:31:43.177,62.9500,506
34303177939668,09:31:43.177,62.9500,1794
34303177939668,09:31:43.177,62.9500,300
34303177939668,09:31:43.177,62.9500,200
34303177939668,09:31:43.177,62.9500,100
34303178687658,09:31:43.178,62.9600,100
34303178687658,09:31:43.178,62.9600,100
34303184035026,09:31:43.184,62.9700,100
34303184035026,09:31:43.184,62.9700,100
34305910547815,09:31:45.910,62.9600,100
34305910547815,09:31:45.910,62.9600,100
34305910547815,09:31:45.910,62.9600,100
34305928360606,09:31:45.928,62.9600,42
34305945028537,09:31:45.945,62.9600,42
34305960755784,09:31:45.960,62.9600,25
34305960755784,09:31:45.960,62.9600,9
34305964250911,09:31:45.964,62.9600,27
34305965980608,09:31:45.965,62.9600,27
34305967682410,09:31:45.967,62.9600,27
34305970980850,09:31:45.970,62.9600,10
34307856573435,09:31:47.856,62.9500,100
34307863334736,09:31:47.863,62.9500,22
34307866965850,09:31:47.866,62.9500,18
34307870436223,09:31:47.870,62.9500,14
34307873897340,09:31:47.873,62.9500,12
34307877365982,09:31:47.877,62.9500,9
34307880840365,09:31:47.880,62.9500,8
34307882545999,09:31:47.882,62.9500,8
34307886036011,09:31:47.886,62.9500,6
34307887741916,09:31:47.887,62.9500,6
34307889448920,09:31:47.889,62.9500,6
34308173835908,09:31:48.173,62.9600,6
34308176852133,09:31:48.176,62.9600,5
34308178557879,09:31:48.178,62.9600,5
34308180263865,09:31:48.180,62.9600,5
34309254214806,09:31:49.254,62.9600,4
34309255926113,09:31:49.255,62.9600,4
34309255955788,09:31:49.255,62.9600,71
34310424762406,09:31:50.424,62.9700,100
34310424762406,09:31:50.424,62.9700,100
34312256642400,09:31:52.256,62.9700,100
34312445948819,09:31:52.445,62.9700,100
34312445948819,09:31:52.445,62.9700,100
34312445948819,09:31:52.445,62.9700,25
34312445948819,09:31:52.445,62.9700,100
34312447112556,09:31:52.447,62.9700,100
34312447183380,09:31:52.447,62.9700,600
34312447391556,09:31:52.447,62.9700,100
34312447391556,09:31:52.447,62.9700,91
34312449496412,09:31:52.449,62.9700,109
34312449496412,09:31:52.449,62.9700,100
34312449496412,09:31:52.449,62.9700,45
34312449559766,09:31:52.449,62.9700,55
34312458953167,09:31:52.458,62.9700,200
34312458953167,09:31:52.458,62.9700,400
34312500969701,09:31:52.500,62.9700,400
34312501399678,09:31:52.501,62.9700,54
34312561406884,09:31:52.561,62.9700,46
34318176054493,09:31:58.176,62.9800,5
34318176079513,09:31:58.176,62.9800,95
34318176978666,09:31:58.176,62.9900,87
34318177221386,09:31:58.177,62.9900,13
34318178984742,09:31:58.178,62.9900,100
34320297079846,09:32:00.297,62.9900,100
34320300864778,09:32:00.300,63.0000,100
34320301330645,09:32:00.301,63.0000,200
34320302110347,09:32:00.302,63.0000,100
34320304555602,09:32:00.304,63.0000,100
34320304555602,09:32:00.304,63.0000,200
34320304555602,09:32:00.304,63.0000,100
34320304555602,09:32:00.304,63.0000,100
34320304555602,09:32:00.304,63.0000,300
34320307083178,09:32:00.307,63.0000,100
34320343368209,09:32:00.343,63.0000,200
34320343368209,09:32:00.343,63.0000,100
34320663714920,09:32:00.663,62.9900,100
34321290786961,09:32:01.290,62.9800,100
34321290786961,09:32:01.290,62.9800,100
34321537426309,09:32:01.537,62.9800,100
34321878146243,09:32:01.878,62.9800,100
34321878146243,09:32:01.878,62.9800,100
34321878146243,09:32:01.878,62.9800,100
34321880185872,09:32:01.880,62.9700,100
34321880238782,09:32:01.880,62.9700,100
34321880788510,09:32:01.880,62.9700,100
34322308221781,09:32:02.308,62.9700,100
34322308221781,09:32:02.308,62.9700,100
34323949612441,09:32:03.949,62.9700,423
34323949639010,09:32:03.949,62.9700,177
34323950117883,09:32:03.950,62.9700,100
34324135171717,09:32:04.135,62.9800,100
34324135171717,09:32:04.135,62.9800,100
34325412948218,09:32:05.412,62.9900,100
34325412948218,09:32:05.412,62.9900,100
34325419294602,09:32:05.419,63.0000,100
34325419322452,09:32:05.419,63.0000,100
34325419322452,09:32:05.419,63.0000,100
34325419829948,09:32:05.419,63.0000,200
34325419877295,09:32:05.419,63.0000,100
34325419877295,09:32:05.419,63.0000,300
34325419976646,09:32:05.419,63.0000,100
34325958079758,09:32:05.958,63.0000,100
34326170220605,09:32:06.170,62.9900,200
34326170220605,09:32:06.170,62.9900,100
34326647827443,09:32:06.647,62.9900,300
34326713890117,09:32:06.713,62.9900,100
34326713890117,09:32:06.713,62.9900,100
34326713890117,09:32:06.713,62.9900,41
34326721418444,09:32:06.721,62.9900,400
34326721418444,09:32:06.721,62.9900,100
34330079377304,09:32:10.079,62.9900,100
34330430803682,09:32:10.430,62.9900,200
34330430803682,09:32:10.430,62.9900,231
34333834417285,09:32:13.834,62.9900,96
34334284044358,09:32:14.284,62.9900,100
34335090955749,09:32:15.090,62.9900,100
34335090955749,09:32:15.090,62.9900,100
34335090955749,09:32:15.090,62.9900,100
34335428218340,09:32:15.428,62.9900,100
34335810020005,09:32:15.810,62.9800,100
34335810020005,09:32:15.810,62.9800,2
34335810020005,09:32:15.810,62.9800,100
34337307896173,09:32:17.307,63.0000,100
34337307921597,09:32:17.307,63.0000,77
34337309098249,09:32:17.309,63.0000,13
34337309279799,09:32:17.309,63.0000,10
34340250025291,09:32:20.250,63.0100,100
34340250025291,09:32:20.250,63.0100,100
34340255508416,09:32:20.255,63.0100,1
34340255532325,09:32:20.255,63.0100,33
34340411205196,09:32:20.411,63.0000,100
34342180012850,09:32:22.180,62.9900,100
34342180012850,09:32:22.180,62.9900,100
34342180012850,09:32:22.180,62.9900,10
34342180109890,09:32:22.180,62.9900,3
34342180385786,09:32:22.180,62.9900,87
34343175052671,09:32:23.175,62.9800,100
34346874263022,09:32:26.874,62.9700,231
34346874263022,09:32:26.874,62.9700,69
34350867485868,09:32:30.867,62.9800,1
34351632623634,09:32:31.632,62.9800,1
34351718222500,09:32:31.718,62.9800,98
34353013217626,09:32:33.013,62.9700,31
34353013217626,09:32:33.013,62.9700,100
34353818248144,09:32:33.818,62.9600,100
34354061594044,09:32:34.061,62.9500,100
34354061594044,09:32:34.061,62.9500,1
34354061656604,09:32:34.061,62.9500,100
34354371663183,09:32:34.371,62.9500,100
34355732763382,09:32:35.732,62.9500,100
34355732763382,09:32:35.732,62.9500,100
34356465189102,09:32:36.465,62.9500,100
34356465189102,09:32:36.465,62.9500,100
34356498521993,09:32:36.498,62.9500,200
34356498521993,09:32:36.498,62.9500,25
34356498521993,09:32:36.498,62.9500,100
34356498521993,09:32:36.498,62.9500,12
34356498555625,09:32:36.498,62.9500,88
34357657684368,09:32:37.657,62.9400,100
34357657684368,09:32:37.657,62.9400,2
34357694739650,09:32:37.694,62.9300,100
34360391358811,09:32:40.391,62.9300,200
34360391358811,09:32:40.391,62.9300,100
34360392773907,09:32:40.392,62.9200,69
34360392773907,09:32:40.392,62.9200,100
34360437048754,09:32:40.437,62.9200,100
34362775582550,09:32:42.775,62.9300,200
34363441188225,09:32:43.441,62.9300,100
34363441222680,09:32:43.441,62.9300,100
34363461873291,09:32:43.461,62.9400,100
34363462162710,09:32:43.462,62.9400,100
34363462162710,09:32:43.462,62.9400,272
34363462162710,09:32:43.462,62.9400,100
34363462162710,09:32:43.462,62.9400,100
34363462162710,09:32:43.462,62.9400,100
34363468011258,09:32:43.468,62.9400,200
34363468011258,09:32:43.468,62.9400,200
34363468011258,09:32:43.468,62.9400,100
34363468011258,09:32:43.468,62.9400,100
34363468011258,09:32:43.468,62.9400,100
34363468011258,09:32:43.468,62.9400,100
34364044488642,09:32:44.044,62.9400,100
34364044488642,09:32:44.044,62.9400,100
34364044488642,09:32:44.044,62.9400,200
34364059915270,09:32:44.059,62.9500,100
34364743976480,09:32:44.743,62.9600,100
34364744441799,09:32:44.744,62.9600,200
34364744468261,09:32:44.744,62.9600,300
34364744468261,09:32:44.744,62.9600,400
34364744468261,09:32:44.744,62.9600,100
34364744468261,09:32:44.744,62.9600,100
34364744910555,09:32:44.744,62.9600,300
34367537388483,09:32:47.537,62.9400,100
34367537388483,09:32:47.537,62.9400,1
34367537388483,09:32:47.537,62.9400,100
34367668668379,09:32:47.668,62.9300,169
34367668797339,09:32:47.668,62.9300,140
34367668837543,09:32:47.668,62.9300,51
34367668865656,09:32:47.668,62.9300,40
34367668865656,09:32:47.668,62.9300,60
34367668881664,09:32:47.668,62.9300,40
34371715372144,09:32:51.715,62.9400,400
34375240626064,09:32:55.240,62.9400,100
34376478348755,09:32:56.478,62.9300,100
34376478348755,09:32:56.478,62.9300,100
34377048457132,09:32:57.048,62.9100,100
34377051768326,09:32:57.051,62.9000,100
34377052751658,09:32:57.052,62.9000,100
34377052794583,09:32:57.052,62.9000,100
34377053850646,09:32:57.053,62.9100,100
34377054300033,09:32:57.054,62.9100,100
34379662102703,09:32:59.662,62.9000,100
34380005866126,09:33:00.005,62.8900,100
34380006303970,09:33:00.006,62.8900,200
34380006319745,09:33:00.006,62.8900,200
34380006337155,09:33:00.006,62.8900,25
34380006337155,09:33:00.006,62.8900,100
34380006579772,09:33:00.006,62.8900,100
34380006579772,09:33:00.006,62.8900,300
34380006579772,09:33:00.006,62.8900,100
34380006579772,09:33:00.006,62.8900,200
34380006579772,09:33:00.006,62.8900,100
34380006579772,09:33:00.006,62.8900,100
34380006720984,09:33:00.006,62.8900,200
34380006720984,09:33:00.006,62.8900,300
34380902460508,09:33:00.902,62.8900,100
34380902460508,09:33:00.902,62.8900,100
34381003429054,09:33:01.003,62.8800,93
34381003457140,09:33:01.003,62.8800,7
34381003457140,09:33:01.003,62.8800,100
34381004366941,09:33:01.004,62.8800,100
34381004366941,09:33:01.004,62.8800,100
34381004503269,09:33:01.004,62.8800,100
34381004503269,09:33:01.004,62.8800,24
34381004584578,09:33:01.004,62.8800,76
34381004584578,09:33:01.004,62.8800,25
34381513821314,09:33:01.513,62.8850,176
34381513821314,09:33:01.513,62.8900,24
34381513872379,09:33:01.513,62.8900,76
34381513872379,09:33:01.513,62.8900,100
34381515546595,09:33:01.515,62.8900,300
34381515546595,09:33:01.515,62.8900,100
34381515546595,09:33:01.515,62.8900,100
34381516398047,09:33:01.516,62.8900,100
34381536433264,09:33:01.536,62.8800,100
34381536433264,09:33:01.536,62.8800,100
34381536433264,09:33:01.536,62.8800,100
34381536433264,09:33:01.536,62.8800,100
34381903994568,09:33:01.903,62.8700,100
34381904058549,09:33:01.904,62.8700,100
34381954432296,09:33:01.954,62.8750,100
34381955040858,09:33:01.955,62.8800,100
34383430704976,09:33:03.430,62.9000,100
34383641083768,09:33:03.641,62.9000,100
34383742588267,09:33:03.742,62.9000,100
34386066172756,09:33:06.066,62.9100,91
34386066181787,09:33:06.066,62.9100,9
34386073324886,09:33:06.073,62.9200,100
34386073809724,09:33:06.073,62.9200,300
34386073809724,09:33:06.073,62.9200,100
34386073809724,09:33:06.073,62.9200,100
34386073809724,09:33:06.073,62.9200,100
34386073809724,09:33:06.073,62.9200,100
34386073842298,09:33:06.073,62.9200,100
34386093925229,09:33:06.093,62.9100,100
34386387072994,09:33:06.387,62.9200,200
34391429985280,09:33:11.429,62.9200,100
34391430046974,09:33:11.430,62.9200,100
34391443308114,09:33:11.443,62.9200,200
34393192156900,09:33:13.192,62.9100,29
34393192499051,09:33:13.192,62.9100,100
34395202604252,09:33:15.202,62.9000,100
34395202604252,09:33:15.202,62.9000,200
34399475017259,09:33:19.475,62.8400,100
34399475017259,09:33:19.475,62.8400,100
34400627248093,09:33:20.627,62.8500,100
34400627465669,09:33:20.627,62.8500,100
34400640324139,09:33:20.640,62.8500,400
34400640324139,09:33:20.640,62.8500,100
34402193601896,09:33:22.193,62.8400,100
34402193722976,09:33:22.193,62.8400,200
34402193722976,09:33:22.193,62.8400,200
34402193722976,09:33:22.193,62.8400,100
34402193722976,09:33:22.193,62.8400,100
34402193752825,09:33:22.193,62.8400,25
34402193752825,09:33:22.193,62.8400,100
34402406073264,09:33:22.406,62.8400,100
34402406073264,09:33:22.406,62.8400,100
34402406073264,09:33:22.406,62.8400,500
34402406073264,09:33:22.406,62.8400,100
34402408390642,09:33:22.408,62.8400,100
34402408390642,09:33:22.408,62.8400,100
34403530100062,09:33:23.530,62.8400,100
34403530100062,09:33:23.530,62.8400,100
34404292876795,09:33:24.292,62.8300,100
34404578215977,09:33:24.578,62.8200,25
34404578710250,09:33:24.578,62.8200,100
34405818730185,09:33:25.818,62.8200,100
34406386992034,09:33:26.386,62.8200,200
34408392996603,09:33:28.392,62.8000,25
34409413794676,09:33:29.413,62.8100,100
34411781132094,09:33:31.781,62.8100,100
34411843351640,09:33:31.843,62.8100,100
34415059306787,09:33:35.059,62.7900,100
34415059926036,09:33:35.059,62.7900,100
34415060155957,09:33:35.060,62.7900,100
34415060155957,09:33:35.060,62.7900,100
34415060155957,09:33:35.060,62.7900,100
34415142016795,09:33:35.142,62.7900,400
34415142016795,09:33:35.142,62.7900,100
34415142016795,09:33:35.142,62.7900,82
34415439119871,09:33:35.439,62.7900,100
34417446146191,09:33:37.446,62.7800,100
34417683848499,09:33:37.683,62.7800,245
34417683876932,09:33:37.683,62.7800,55
34420015895164,09:33:40.015,62.7700,100
34420015895164,09:33:40.015,62.7700,100
34420036132006,09:33:40.036,62.7700,200
34422423443650,09:33:42.423,62.7800,100
34423336893985,09:33:43.336,62.7900,100
34423337370346,09:33:43.337,62.7900,100
34423337467161,09:33:43.337,62.7900,100
34423337507780,09:33:43.337,62.7900,100
34423337549292,09:33:43.337,62.7900,100
34423337549292,09:33:43.337,62.7900,100
34423337634346,09:33:43.337,62.7900,100
34423337634346,09:33:43.337,62.7900,100
34423660463188,09:33:43.660,62.7800,100
34423660463188,09:33:43.660,62.7800,100
34425985122135,09:33:45.985,62.7800,100
34425997911807,09:33:45.997,62.7800,200
34427277115001,09:33:47.277,62.7800,100
34427277587657,09:33:47.277,62.7800,100
34429455617073,09:33:49.455,62.7600,100
34429456095005,09:33:49.456,62.7600,100
34429465756625,09:33:49.465,62.7600,100
34429521433900,09:33:49.521,62.7700,25
34429521433900,09:33:49.521,62.7700,100
34430214218348,09:33:50.214,62.7600,100
34431385829013,09:33:51.385,62.7600,100
34431553295141,09:33:51.553,62.7600,25
34433277148468,09:33:53.277,62.7600,100
34433277148468,09:33:53.277,62.7600,100
34435280462092,09:33:55.280,62.7700,100
34440250516456,09:34:00.250,62.7700,100
34440250516456,09:34:00.250,62.7700,71
34441814093332,09:34:01.814,62.7700,100
34441895734789,09:34:01.895,62.7800,100
34441895734789,09:34:01.895,62.7800,300
34441908671105,09:34:01.908,62.7800,100
34441959792326,09:34:01.959,62.7800,100
34442479289683,09:34:02.479,62.7800,100
34443238704915,09:34:03.238,62.7800,100
34444305183255,09:34:04.305,62.7900,100
34444376306071,09:34:04.376,62.7900,100
34445407412094,09:34:05.407,62.7900,30
34445407437703,09:34:05.407,62.7900,70
34446379305606,09:34:06.379,62.7900,400
34446379305606,09:34:06.379,62.7900,100
34446379305606,09:34:06.379,62.7900,100
34446380815508,09:34:06.380,62.7900,200
34446380815508,09:34:06.380,62.7900,100
34446380815508,09:34:06.380,62.7900,100
34446380815508,09:34:06.380,62.7900,25
34448032336991,09:34:08.032,62.7900,225
34448032355532,09:34:08.032,62.7900,275
34448032355532,09:34:08.032,62.7900,100
34448032355532,09:34:08.032,62.7900,100
34448032355532,09:34:08.032,62.7900,25
34448032373866,09:34:08.032,62.7900,75
34448033387407,09:34:08.033,62.7900,1
34449257648975,09:34:09.257,62.7900,75
34449329723198,09:34:09.329,62.7900,100
34451378066140,09:34:11.378,62.7800,100
34451378572093,09:34:11.378,62.7800,1
34451467617520,09:34:11.467,62.7800,25
34451895192531,09:34:11.895,62.7800,100
34451895192531,09:34:11.895,62.7800,25
34453084747509,09:34:13.084,62.7700,100
34453092307769,09:34:13.092,62.7600,19
34454079157187,09:34:14.079,62.7600,81
34454079157187,09:34:14.079,62.7600,100
34454637657305,09:34:14.637,62.7600,100
34454637657305,09:34:14.637,62.7600,100
34454637657305,09:34:14.637,62.7600,100
34454638104551,09:34:14.638,62.7600,200
34454638104551,09:34:14.638,62.7600,200
34454681356398,09:34:14.681,62.7600,200
34459096668206,09:34:19.096,62.7500,500
34459112622077,09:34:19.112,62.7400,89
34459112623461,09:34:19.112,62.7400,11
34459368413370,09:34:19.368,62.7300,100
34459368413370,09:34:19.368,62.7300,100
34459368537666,09:34:19.368,62.7300,100
34460560891063,09:34:20.560,62.7400,100
34461019672950,09:34:21.019,62.7400,100
34461375269882,09:34:21.375,62.7400,100
34461508477215,09:34:21.508,62.7400,100
34463838868154,09:34:23.838,62.7400,100
34463838868154,09:34:23.838,62.7400,100
34464103549686,09:34:24.103,62.7500,100
34464103549686,09:34:24.103,62.7500,100
34464103549686,09:34:24.103,62.7500,25
34464618487103,09:34:24.618,62.7400,100
34468402817109,09:34:28.402,62.7400,100
34468415772089,09:34:28.415,62.7400,300
34468415772089,09:34:28.415,62.7400,100
34468415772089,09:34:28.415,62.7400,100
34468415772089,09:34:28.415,62.7400,100
34468415772089,09:34:28.415,62.7400,100
34468574777728,09:34:28.574,62.7400,100
34471390221470,09:34:31.390,62.7300,91
34471405829340,09:34:31.405,62.7300,25
34471405829340,09:34:31.405,62.7300,200
34471405829340,09:34:31.405,62.7300,100
34471405829340,09:34:31.405,62.7300,200
34471406313642,09:34:31.406,62.7300,100
34471418582652,09:34:31.418,62.7300,100
34471418970051,09:34:31.418,62.7300,4
34472022180972,09:34:32.022,62.7200,100
34472022467901,09:34:32.022,62.7200,100
34472279667463,09:34:32.279,62.7200,100
34472608588131,09:34:32.608,62.7300,100
34473847884313,09:34:33.847,62.7300,100
34473847884313,09:34:33.847,62.7300,300
34474795455981,09:34:34.795,62.7300,100
34474795455981,09:34:34.795,62.7300,100
34478862518597,09:34:38.862,62.7300,100
34478862518597,09:34:38.862,62.7300,100
34482367916911,09:34:42.367,62.7300,300
34482367916911,09:34:42.367,62.7300,109
34482367937431,09:34:42.367,62.7300,100
34482367976126,09:34:42.367,62.7300,191
34482367976126,09:34:42.367,62.7300,300
34482367976126,09:34:42.367,62.7300,200
34482367976126,09:34:42.367,62.7300,9
34482367981400,09:34:42.367,62.7300,91
34482368022579,09:34:42.368,62.7300,209
34482368137084,09:34:42.368,62.7300,91
34482368137084,09:34:42.368,62.7300,91
34482419680346,09:34:42.419,62.7300,100
34483340314759,09:34:43.340,62.7300,100
34483340321414,09:34:43.340,62.7300,11
34486984716373,09:34:46.984,62.7400,72
34487599880693,09:34:47.599,62.7400,28
34487612449401,09:34:47.612,62.7400,300
34487612449401,09:34:47.612,62.7400,100
34487612449401,09:34:47.612,62.7400,100
34488554429754,09:34:48.554,62.7300,100
34488557816278,09:34:48.557,62.7200,96
34488557860847,09:34:48.557,62.7200,4
34488558138966,09:34:48.558,62.7200,300
34488558274654,09:34:48.558,62.7200,4
34494145548234,09:34:54.145,62.7300,1
34495500315985,09:34:55.500,62.7200,396
34495500315985,09:34:55.500,62.7200,4
34495500664609,09:34:55.500,62.7200,96
34495530885887,09:34:55.530,62.7200,100
34495530885887,09:34:55.530,62.7200,300
34495530885887,09:34:55.530,62.7200,200
34495530885887,09:34:55.530,62.7200,25
34495530885887,09:34:55.530,62.7200,100
34495586745383,09:34:55.586,62.7200,89
34495586745383,09:34:55.586,62.7200,11
34498540895263,09:34:58.540,62.7200,100
34500048186427,09:35:00.048,62.7100,100
34500048466348,09:35:00.048,62.7100,100
34500048709206,09:35:00.048,62.7100,67
34500062398367,09:35:00.062,62.7100,200
34500235214004,09:35:00.235,62.7100,25
34500235214004,09:35:00.235,62.7100,100
34500235214004,09:35:00.235,62.7100,100
34500974909839,09:35:00.974,62.7200,100
34500974909839,09:35:00.974,62.7200,200
34501072990025,09:35:01.072,62.7300,99
34501076152081,09:35:01.076,62.7400,100
34501076224301,09:35:01.076,62.7400,17
34501076494874,09:35:01.076,62.7400,83
34501115213689,09:35:01.115,62.7400,200
34501115213689,09:35:01.115,62.7400,100
34501115213689,09:35:01.115,62.7400,100
34501115262166,09:35:01.115,62.7400,100
34501115540797,09:35:01.115,62.7400,100
34501115540797,09:35:01.115,62.7400,100
34501116097922,09:35:01.116,62.7400,200
34501116998193,09:35:01.116,62.7400,100
34501116998193,09:35:01.116,62.7400,400
34501116998193,09:35:01.116,62.7400,300
34501116998193,09:35:01.116,62.7400,100
34501116998193,09:35:01.116,62.7400,100
34501116998193,09:35:01.116,62.7400,66
34501117018190,09:35:01.117,62.7400,34
34501117056032,09:35:01.117,62.7400,100
34501154643399,09:35:01.154,62.7400,100
34501154643399,09:35:01.154,62.7400,100
34501960588990,09:35:01.960,62.7400,200
34501960673778,09:35:01.960,62.7400,100
34501982833099,09:35:01.982,62.7500,81
34501982851026,09:35:01.982,62.7500,19
34502037338830,09:35:02.037,62.7500,100
34502037338830,09:35:02.037,62.7500,69
34502037347265,09:35:02.037,62.7500,31
34502037347265,09:35:02.037,62.7500,100
34502037347265,09:35:02.037,62.7500,189
34502037359480,09:35:02.037,62.7500,11
34502037359480,09:35:02.037,62.7500,100
34502195451330,09:35:02.195,62.7500,25
34502195451330,09:35:02.195,62.7500,75
34502195865490,09:35:02.195,62.7500,25
34504129012696,09:35:04.129,62.7600,100
34505819515703,09:35:05.819,62.7600,52
34506704953609,09:35:06.704,62.7400,100
34506704997100,09:35:06.704,62.7400,100
34508558617737,09:35:08.558,62.7300,10
34509507202106,09:35:09.507,62.7400,100
34509507202106,09:35:09.507,62.7400,200
34509507711114,09:35:09.507,62.7400,100
34509507711114,09:35:09.507,62.7400,100
34509521553279,09:35:09.521,62.7400,100
34509521553279,09:35:09.521,62.7400,100
34510018526270,09:35:10.018,62.7300,90
34510018526270,09:35:10.018,62.7300,100
34510018526270,09:35:10.018,62.7300,100
34510968413274,09:35:10.968,62.7200,100
34515322837415,09:35:15.322,62.7200,90
34518286393406,09:35:18.286,62.7300,15
34518693678851,09:35:18.693,62.7500,1
34518693704801,09:35:18.693,62.7500,99
34518693704801,09:35:18.693,62.7500,100
34518693786962,09:35:18.693,62.7500,100
34518694196764,09:35:18.694,62.7500,300
34518694196764,09:35:18.694,62.7500,100
34518694239175,09:35:18.694,62.7500,100
34521778450719,09:35:21.778,62.7500,100
34521778450719,09:35:21.778,62.7500,100
34521778450719,09:35:21.778,62.7500,200
34521779110210,09:35:21.779,62.7500,400
34521779110210,09:35:21.779,62.7500,100
34521779110210,09:35:21.779,62.7500,25
34521779110210,09:35:21.779,62.7500,100
34521789403709,09:35:21.789,62.7500,60
34523783353872,09:35:23.783,62.7500,100
34527215552682,09:35:27.215,62.7600,100
34527215552682,09:35:27.215,62.7600,200
34527215552682,09:35:27.215,62.7600,100
34527215552682,09:35:27.215,62.7600,100
34529957063445,09:35:29.957,62.7600,1
34530679509951,09:35:30.679,62.7400,100
34530679509951,09:35:30.679,62.7400,100
34530679509951,09:35:30.679,62.7400,3
34530956928911,09:35:30.956,62.7300,100
34530956928911,09:35:30.956,62.7300,100
34532683296080,09:35:32.683,62.7100,100
34533441583883,09:35:33.441,62.7100,65
34533441624025,09:35:33.441,62.7100,35
34535180698901,09:35:35.180,62.7200,100
34535180698901,09:35:35.180,62.7200,100
34536700984534,09:35:36.700,62.7200,100
34540868492458,09:35:40.868,62.7100,34
34542150117002,09:35:42.150,62.7000,100
34542150117002,09:35:42.150,62.7000,40
34542150117002,09:35:42.150,62.7000,100
34542888166643,09:35:42.888,62.7000,3
34544561438668,09:35:44.561,62.7000,197
34552202192407,09:35:52.202,62.7100,100
34552202386068,09:35:52.202,62.7100,100
34554997993478,09:35:54.997,62.7200,100
34554997993478,09:35:54.997,62.7200,100
34556269668027,09:35:56.269,62.7300,100
34556269668027,09:35:56.269,62.7300,78
34556269735530,09:35:56.269,62.7300,22
34556270272084,09:35:56.270,62.7300,400
34556270272084,09:35:56.270,62.7300,100
34556270433714,09:35:56.270,62.7300,100
34557437280397,09:35:57.437,62.7200,100
34557437280397,09:35:57.437,62.7200,100
34557437280397,09:35:57.437,62.7200,100
34557437639323,09:35:57.437,62.7200,100
34557437655402,09:35:57.437,62.7200,100
34557437655402,09:35:57.437,62.7200,118
34560720357133,09:36:00.720,62.7300,100
34561461570836,09:36:01.461,62.7400,17
34561461609459,09:36:01.461,62.7400,83
34561512890180,09:36:01.512,62.7500,100
34566554108905,09:36:06.554,62.7600,100
34569129106758,09:36:09.129,62.7700,200
34569129106758,09:36:09.129,62.7700,100
34571575412249,09:36:11.575,62.7700,1
34571575489362,09:36:11.575,62.7700,99
34571575489362,09:36:11.575,62.7700,200
34571575708531,09:36:11.575,62.7700,227
34571575730301,09:36:11.575,62.7700,73
34571575730301,09:36:11.575,62.7700,100
34571575730301,09:36:11.575,62.7700,25
34571575730301,09:36:11.575,62.7700,100
34571575730301,09:36:11.575,62.7700,22
34571575784486,09:36:11.575,62.7700,178
34572649491910,09:36:12.649,62.7600,600
34572649491910,09:36:12.649,62.7600,100
34575396277298,09:36:15.396,62.7500,100
34575396277298,09:36:15.396,62.7500,100
34576299572306,09:36:16.299,62.7400,100
34579987135921,09:36:19.987,62.7600,100
34583425685544,09:36:23.425,62.7700,100
34584050817799,09:36:24.050,62.7800,100
34584054547218,09:36:24.054,62.7900,100
34586540145659,09:36:26.540,62.8000,25
34586540145659,09:36:26.540,62.8000,100
34591054466711,09:36:31.054,62.8000,76
34591054480655,09:36:31.054,62.8000,24
34591054480655,09:36:31.054,62.8000,200
34593568872277,09:36:33.568,62.7900,200
34593850889745,09:36:33.850,62.7800,100
34594400163489,09:36:34.400,62.7800,100
34594400163489,09:36:34.400,62.7800,100
34600848897460,09:36:40.848,62.7900,100
34600848897460,09:36:40.848,62.7900,100
34601224941637,09:36:41.224,62.7900,1
34602595032206,09:36:42.595,62.7800,100
34602595032206,09:36:42.595,62.7800,100
34602595032206,09:36:42.595,62.7800,100
34605410426196,09:36:45.410,62.7500,100
34606750908373,09:36:46.750,62.7600,100
34607501970845,09:36:47.501,62.7600,100
34607665452398,09:36:47.665,62.7600,100
34607665452398,09:36:47.665,62.7600,200
34608767895671,09:36:48.767,62.7600,100
34608993235001,09:36:48.993,62.7600,100
34609438566177,09:36:49.438,62.7700,100
34611979704467,09:36:51.979,62.7900,99
34611979704467,09:36:51.979,62.7900,1
34613530008782,09:36:53.530,62.7900,99
34613530680411,09:36:53.530,62.7900,100
34613635495096,09:36:53.635,62.7900,100
34613635495096,09:36:53.635,62.7900,100
34613666299163,09:36:53.666,62.7900,200
34613943195919,09:36:53.943,62.7900,100
34616609938533,09:36:56.609,62.8000,400
34616609988953,09:36:56.609,62.8000,300
34616609988953,09:36:56.609,62.8000,100
34616609988953,09:36:56.609,62.8000,100
34616615563467,09:36:56.615,62.8000,400
34616615563467,09:36:56.615,62.8000,100
34620117802929,09:37:00.117,62.8000,100
34620117802929,09:37:00.117,62.8000,100
34620894785333,09:37:00.894,62.7900,100
34620898413708,09:37:00.898,62.7800,100
34622804665687,09:37:02.804,62.8100,100
34623735567463,09:37:03.735,62.8200,100
34623838300333,09:37:03.838,62.8200,100
34630508264413,09:37:10.508,62.8200,100
34636472196190,09:37:16.472,62.8500,100
34636472196190,09:37:16.472,62.8500,100
34642781189560,09:37:22.781,62.8500,100
34649688177607,09:37:29.688,62.8400,200
34649688177607,09:37:29.688,62.8400,100
34649689168531,09:37:29.689,62.8400,100
34649689224578,09:37:29.689,62.8400,100
34649689224578,09:37:29.689,62.8400,100
34649689224578,09:37:29.689,62.8400,100
34649689224578,09:37:29.689,62.8400,200
34649689224578,09:37:29.689,62.8400,100
34649689224578,09:37:29.689,62.8400,200
34649689224578,09:37:29.689,62.8400,100
34649689224578,09:37:29.689,62.8400,100
34649689224578,09:37:29.689,62.8400,200
34651077395847,09:37:31.077,62.8300,100
34651077395847,09:37:31.077,62.8300,100
34651081457176,09:37:31.081,62.8300,100
34651081457176,09:37:31.081,62.8300,100
34651081457176,09:37:31.081,62.8300,20
34651351026566,09:37:31.351,62.8300,100
34655522671026,09:37:35.522,62.8000,100
34655522671026,09:37:35.522,62.8000,100
34656029144010,09:37:36.029,62.8000,200
34660924480124,09:37:40.924,62.8200,100
34663415809230,09:37:43.415,62.8300,100
34663415809230,09:37:43.415,62.8300,100
34664885211392,09:37:44.885,62.8300,100
34666977209505,09:37:46.977,62.8400,100
34675605553079,09:37:55.605,62.8600,100
34677812527582,09:37:57.812,62.8800,100
34680335192157,09:38:00.335,62.8800,100
34685777486781,09:38:05.777,62.9100,100
34685777486781,09:38:05.777,62.9100,22
34687711711824,09:38:07.711,62.9100,100
34688806240775,09:38:08.806,62.9000,100
34688806240775,09:38:08.806,62.9000,200
34688806240775,09:38:08.806,62.9000,100
34690074109236,09:38:10.074,62.9100,100
34690091298210,09:38:10.091,62.9100,25
34691533716213,09:38:11.533,62.9000,1
34692887260649,09:38:12.887,62.9000,100
34692887260649,09:38:12.887,62.9000,100
34693676588807,09:38:13.676,62.9000,100
34693676588807,09:38:13.676,62.9000,200
34697142718562,09:38:17.142,62.9000,100
34697142718562,09:38:17.142,62.9000,100
34697142718562,09:38:17.142,62.9000,100
34697142718562,09:38:17.142,62.9000,100
34698901839676,09:38:18.901,62.9000,100
34698979012622,09:38:18.979,62.9000,100
34699589824750,09:38:19.589,62.9000,100
34699589824750,09:38:19.589,62.9000,100
34701158960191,09:38:21.158,62.9100,100
34701158960191,09:38:21.158,62.9100,100
34704476257113,09:38:24.476,62.9100,200
34704578358544,09:38:24.578,62.9100,100
34706016429491,09:38:26.016,62.9200,28
34706016538746,09:38:26.016,62.9200,72
34706102968919,09:38:26.102,62.9200,25
34709234163452,09:38:29.234,62.9100,100
34709787693638,09:38:29.787,62.9100,100
34709787693638,09:38:29.787,62.9100,100
34710424024976,09:38:30.424,62.9200,100
34710650803082,09:38:30.650,62.9200,25
34714663961688,09:38:34.663,62.9200,100
34718073943516,09:38:38.073,62.9300,100
34718879793876,09:38:38.879,62.9400,100
34718879819136,09:38:38.879,62.9400,100
34724659068105,09:38:44.659,62.9400,4
34730773284271,09:38:50.773,62.9300,100
34730773284271,09:38:50.773,62.9300,200
34733454809336,09:38:53.454,62.9300,100
34738423437103,09:38:58.423,62.9300,100
34738423437103,09:38:58.423,62.9300,1
34739314008759,09:38:59.314,62.9300,100
34739314008759,09:38:59.314,62.9300,1
34740153747039,09:39:00.153,62.9500,100
34740198353095,09:39:00.198,62.9500,100
34740805670654,09:39:00.805,62.9500,100
34740805670654,09:39:00.805,62.9500,100
34743881672677,09:39:03.881,62.9500,100
34743935569474,09:39:03.935,62.9500,200
34743935569474,09:39:03.935,62.9500,25
34755810941172,09:39:15.810,62.9500,100
34755827263111,09:39:15.827,62.9500,100
34755827263111,09:39:15.827,62.9500,25
34757798425830,09:39:17.798,62.9400,100
34760110101879,09:39:20.110,62.9200,100
34765523500356,09:39:25.523,62.9200,100
34765554194146,09:39:25.554,62.9200,100
34765554194146,09:39:25.554,62.9200,25
34770404711815,09:39:30.404,62.9100,100
34770404711815,09:39:30.404,62.9100,100
34770404984975,09:39:30.404,62.9100,200
34770425644719,09:39:30.425,62.9100,25
34770425644719,09:39:30.425,62.9100,100
34770426093252,09:39:30.426,62.9100,100
34771623335189,09:39:31.623,62.9100,100
34771623335189,09:39:31.623,62.9100,200
34771850194450,09:39:31.850,62.9100,100
34771850194450,09:39:31.850,62.9100,200
34771850194450,09:39:31.850,62.9100,100
34773084944307,09:39:33.084,62.9100,200
34774179398464,09:39:34.179,62.9200,100
34774179398464,09:39:34.179,62.9200,200
34776371179371,09:39:36.371,62.9300,200
34776371179371,09:39:36.371,62.9300,100
34778921825887,09:39:38.921,62.9300,100
34778934764170,09:39:38.934,62.9300,200
34778934764170,09:39:38.934,62.9300,25
34778934764170,09:39:38.934,62.9300,100
34778941373219,09:39:38.941,62.9300,300
34778941373219,09:39:38.941,62.9300,100
34778941373219,09:39:38.941,62.9300,100
34783899110745,09:39:43.899,62.9300,100
34796433103457,09:39:56.433,62.9000,100
34799382110273,09:39:59.382,62.9000,100
34801193730106,09:40:01.193,62.9100,100
34803217801797,09:40:03.217,62.9100,100
34803217801797,09:40:03.217,62.9100,100
34803217861678,09:40:03.217,62.9100,100
34803773828359,09:40:03.773,62.9100,100
34805292601379,09:40:05.292,62.9100,200
34808025188171,09:40:08.025,62.9100,100
34809824630074,09:40:09.824,62.9000,100
34809943365926,09:40:09.943,62.8900,100
34814325116532,09:40:14.325,62.8800,100
34814325160922,09:40:14.325,62.8800,743
34814325170591,09:40:14.325,62.8800,237
34814325216409,09:40:14.325,62.8800,320
34814325217067,09:40:14.325,62.8800,2600
34814325217067,09:40:14.325,62.8800,557
34814325229765,09:40:14.325,62.8800,102
34814325242140,09:40:14.325,62.8800,221
34823016915850,09:40:23.016,62.9200,100
34824126877781,09:40:24.126,62.9300,100
34824127174296,09:40:24.127,62.9300,100
34828807697437,09:40:28.807,62.9300,100
34830609845932,09:40:30.609,62.9300,100
34831705551247,09:40:31.705,62.9300,100
34831756492611,09:40:31.756,62.9300,25
34836461964593,09:40:36.461,62.9000,200
34836461964593,09:40:36.461,62.9000,67
34844242749204,09:40:44.242,62.8900,100
34846074160512,09:40:46.074,62.8900,100
34850755993041,09:40:50.755,62.9200,100
34851112123690,09:40:51.112,62.9200,31
34851112123690,09:40:51.112,62.9200,100
34851112123690,09:40:51.112,62.9200,169
34857770009006,09:40:57.770,62.9200,200
34857770009006,09:40:57.770,62.9200,100
34859114175145,09:40:59.114,62.9200,300
34860103175079,09:41:00.103,62.9300,100
34860103175079,09:41:00.103,62.9300,100
34860937474062,09:41:00.937,62.9600,100
34860937474062,09:41:00.937,62.9600,100
34861051565997,09:41:01.051,62.9700,100
34861052475559,09:41:01.052,62.9700,31
34861052475559,09:41:01.052,62.9700,100
34861052475559,09:41:01.052,62.9700,100
34861086252232,09:41:01.086,62.9700,100
34861086294819,09:41:01.086,62.9700,33
34861086360352,09:41:01.086,62.9700,67
34861086360352,09:41:01.086,62.9700,33
34861086899713,09:41:01.086,62.9700,100
34861086899713,09:41:01.086,62.9700,200
34861086899713,09:41:01.086,62.9700,100
34861086899713,09:41:01.086,62.9700,200
34861086899713,09:41:01.086,62.9700,100
34862060129125,09:41:02.060,62.9600,100
34862060129125,09:41:02.060,62.9600,100
34865577183485,09:41:05.577,62.9700,100
34865577183485,09:41:05.577,62.9700,400
34867528555272,09:41:07.528,62.9800,2
34870424177195,09:41:10.424,62.9700,100
34870424177195,09:41:10.424,62.9700,100
34870424241738,09:41:10.424,62.9700,400
34870424349228,09:41:10.424,62.9700,35
34870424349228,09:41:10.424,62.9700,100
34870424349228,09:41:10.424,62.9700,400
34870424349228,09:41:10.424,62.9700,300
34870424349228,09:41:10.424,62.9700,25
34870424349228,09:41:10.424,62.9700,100
34870433725720,09:41:10.433,62.9700,100
34870433725720,09:41:10.433,62.9700,100
34870433725720,09:41:10.433,62.9700,100
34870433725720,09:41:10.433,62.9700,300
34870433725720,09:41:10.433,62.9700,400
34870434131086,09:41:10.434,62.9700,100
34872064700569,09:41:12.064,62.9600,51
34872065359626,09:41:12.065,62.9600,49
34875390048257,09:41:15.390,62.9600,100
34875390048257,09:41:15.390,62.9600,100
34875390094528,09:41:15.390,62.9600,64
34875390152753,09:41:15.390,62.9600,36
34880116293557,09:41:20.116,62.9500,100
34880116293557,09:41:20.116,62.9500,200
34882929030857,09:41:22.929,62.9400,100
34887180711386,09:41:27.180,62.9300,100
34890154545869,09:41:30.154,62.9400,100
34899839758811,09:41:39.839,62.9300,100
34900355516184,09:41:40.355,62.9200,25
34900355516184,09:41:40.355,62.9200,100
34900355516184,09:41:40.355,62.9200,137
34900355535074,09:41:40.355,62.9200,63
34903229721402,09:41:43.229,62.9300,100
34904643161618,09:41:44.643,62.9100,100
34904643161618,09:41:44.643,62.9100,100
34904643161618,09:41:44.643,62.9100,100
34904743917210,09:41:44.743,62.9100,35
34911683668154,09:41:51.683,62.9200,100
34912406743243,09:41:52.406,62.9300,100
34915180547591,09:41:55.180,62.9200,100
34919587871629,09:41:59.587,62.9200,100
34919782457840,09:41:59.782,62.9200,35
34919782457840,09:41:59.782,62.9200,25
34919782457840,09:41:59.782,62.9200,100
34919782570041,09:41:59.782,62.9200,100
34919782570041,09:41:59.782,62.9200,200
34919782570041,09:41:59.782,62.9200,34
34919782570041,09:41:59.782,62.9200,200
34919782570041,09:41:59.782,62.9200,100
34919783947877,09:41:59.783,62.9200,100
34924102672916,09:42:04.102,62.9300,100
34927453303095,09:42:07.453,62.9300,100
34927453303095,09:42:07.453,62.9300,1
34930877837890,09:42:10.877,62.9200,100
34934268301939,09:42:14.268,62.9200,100
34939066653301,09:42:19.066,62.9300,100
34939066653301,09:42:19.066,62.9300,100
34939066653301,09:42:19.066,62.9300,100
34950482952193,09:42:30.482,62.9200,100
34954975006229,09:42:34.975,62.9200,100
34954975006229,09:42:34.975,62.9200,100
34954975006229,09:42:34.975,62.9200,100
34954975006229,09:42:34.975,62.9200,100
34954975006229,09:42:34.975,62.9200,4
34954975006229,09:42:34.975,62.9200,100
34954975102236,09:42:34.975,62.9200,100
34954975102236,09:42:34.975,62.9200,100
34954975102236,09:42:34.975,62.9200,100
34954975102236,09:42:34.975,62.9200,100
34954975102236,09:42:34.975,62.9200,35
34955508080794,09:42:35.508,62.9200,100
34962778196350,09:42:42.778,62.9400,100
34962778196350,09:42:42.778,62.9400,25
34962778234565,09:42:42.778,62.9400,44
34962778761431,09:42:42.778,62.9400,31
34962778761431,09:42:42.778,62.9400,100
34965899530755,09:42:45.899,62.9500,100
34982776788868,09:43:02.776,62.9600,25
34989629970762,09:43:09.629,62.9800,100
34994151180251,09:43:14.151,62.9900,1
34999163753682,09:43:19.163,63.0000,100
35003086031985,09:43:23.086,63.0100,300
35003086031985,09:43:23.086,63.0100,100
35003086031985,09:43:23.086,63.0100,36
35003086031985,09:43:23.086,63.0100,200
35003086031985,09:43:23.086,63.0100,300
35003086031985,09:43:23.086,63.0100,100
35011721089693,09:43:31.721,63.0000,200
35011721089693,09:43:31.721,63.0000,100
35016770935936,09:43:36.770,63.0000,1
35016771215764,09:43:36.771,63.0000,24
35016771215764,09:43:36.771,63.0000,76
35016771296063,09:43:36.771,63.0000,24
35019429603159,09:43:39.429,62.9900,100
35019429603159,09:43:39.429,62.9900,100
35021275875757,09:43:41.275,62.9800,100
35026055289019,09:43:46.055,62.9800,100
35034993404101,09:43:54.993,63.0200,100
35038860400950,09:43:58.860,63.0200,100
35038860400950,09:43:58.860,63.0200,1
35042230295035,09:44:02.230,63.0100,100
35042230295035,09:44:02.230,63.0100,100
35042230295035,09:44:02.230,63.0100,1000
35042828356409,09:44:02.828,62.9900,100
35042828356409,09:44:02.828,62.9900,100
35042828356409,09:44:02.828,62.9900,100
35042828595256,09:44:02.828,62.9900,100
35042828595256,09:44:02.828,62.9900,100
35042828595256,09:44:02.828,62.9900,200
35042828595256,09:44:02.828,62.9900,200
35042828595256,09:44:02.828,62.9900,100
35042828595256,09:44:02.828,62.9900,100
35042828681932,09:44:02.828,62.9900,200
35042828681932,09:44:02.828,62.9900,600
35042828681932,09:44:02.828,62.9900,100
35042828681932,09:44:02.828,62.9900,44
35042828681932,09:44:02.828,62.9900,100
35042829644927,09:44:02.829,62.9900,100
35042829644927,09:44:02.829,62.9900,100
35042829644927,09:44:02.829,62.9900,200
35043891137655,09:44:03.891,62.9900,100
35043891137655,09:44:03.891,62.9900,100
35043891137655,09:44:03.891,62.9900,57
35044311840725,09:44:04.311,62.9900,100
35047802023773,09:44:07.802,62.9900,100
35047802023773,09:44:07.802,62.9900,100
35047806036546,09:44:07.806,62.9800,100
35047806036546,09:44:07.806,62.9800,100
35047806036546,09:44:07.806,62.9800,100
35047807115576,09:44:07.807,62.9800,100
35047868674020,09:44:07.868,62.9700,57
35047868696393,09:44:07.868,62.9700,243
35047868696393,09:44:07.868,62.9700,42
35047868696393,09:44:07.868,62.9700,35
35047868725330,09:44:07.868,62.9700,65
35047868725330,09:44:07.868,62.9700,100
35051905160374,09:44:11.905,62.9700,100
35051905828996,09:44:11.905,62.9700,100
35052285924277,09:44:12.285,62.9700,100
35052285924277,09:44:12.285,62.9700,100
35052505766748,09:44:12.505,62.9700,200
35052505766748,09:44:12.505,62.9700,100
35052505766748,09:44:12.505,62.9700,100
35054379015828,09:44:14.379,62.9600,94
35054379216446,09:44:14.379,62.9600,6
35055726487464,09:44:15.726,62.9500,100
35056736320068,09:44:16.736,62.9400,100
35056736320068,09:44:16.736,62.9400,100
35056881398816,09:44:16.881,62.9400,40
35057970111574,09:44:17.970,62.9400,100
35070540013877,09:44:30.540,62.9100,100
35071059883859,09:44:31.059,62.9200,100
35073542200282,09:44:33.542,62.9200,100
35073542295614,09:44:33.542,62.9200,100
35077963012635,09:44:37.963,62.9100,100
35077963012635,09:44:37.963,62.9100,200
35082921798434,09:44:42.921,62.9100,100
35084106430968,09:44:44.106,62.9100,100
35084106470547,09:44:44.106,62.9100,100
35090691247123,09:44:50.691,62.9200,100
35091223327614,09:44:51.223,62.9300,100
35091979358742,09:44:51.979,62.9400,26
35091979398138,09:44:51.979,62.9400,74
35091979398138,09:44:51.979,62.9400,100
35094366081920,09:44:54.366,62.9500,100
35094366081920,09:44:54.366,62.9500,100
35095359024910,09:44:55.359,62.9600,100
35098403214429,09:44:58.403,62.9600,100
35098403254973,09:44:58.403,62.9600,100
35102080262355,09:45:02.080,62.9600,100
35102080405310,09:45:02.080,62.9600,100
35102080412074,09:45:02.080,62.9600,100
35102080487103,09:45:02.080,62.9600,200
35102080515168,09:45:02.080,62.9600,100
35102080599744,09:45:02.080,62.9600,100
35102080636374,09:45:02.080,62.9600,100
35102080672968,09:45:02.080,62.9600,24
35102096055213,09:45:02.096,62.9500,100
35103037287888,09:45:03.037,62.9500,100
35103037287888,09:45:03.037,62.9500,100
35103387382024,09:45:03.387,62.9500,15
35103387407841,09:45:03.387,62.9500,100
35103387407841,09:45:03.387,62.9500,100
35103387407841,09:45:03.387,62.9500,60
35103424832397,09:45:03.424,62.9500,400
35103424832397,09:45:03.424,62.9500,100
35109014761290,09:45:09.014,62.9700,200
35109014761290,09:45:09.014,62.9700,100
35112739585767,09:45:12.739,62.9700,100
35112739585767,09:45:12.739,62.9700,800
35116020250268,09:45:16.020,62.9800,100
35116020250268,09:45:16.020,62.9800,800
35116020315939,09:45:16.020,62.9800,33
35116020315939,09:45:16.020,62.9800,500
35116020315939,09:45:16.020,62.9800,267
35116020357058,09:45:16.020,62.9800,33
35116020357058,09:45:16.020,62.9800,67
35116042759170,09:45:16.042,62.9800,200
35116042801220,09:45:16.042,62.9800,100
35116042801220,09:45:16.042,62.9800,100
35116042801220,09:45:16.042,62.9800,100
35116042858028,09:45:16.042,62.9800,25
35116042858028,09:45:16.042,62.9800,500
35116043221134,09:45:16.043,62.9800,100
35116043497054,09:45:16.043,62.9800,500
35116043497054,09:45:16.043,62.9800,50
35116043548305,09:45:16.043,62.9800,50
35116043548305,09:45:16.043,62.9800,100
35116043569161,09:45:16.043,62.9800,100
35116043573014,09:45:16.043,62.9800,1
35116043594628,09:45:16.043,62.9800,74
35116044432678,09:45:16.044,62.9800,500
35116044432678,09:45:16.044,62.9800,100
35116044432678,09:45:16.044,62.9800,100
35116044432678,09:45:16.044,62.9800,26
35116044432678,09:45:16.044,62.9800,122
35116047219655,09:45:16.047,62.9800,89
35116048096567,09:45:16.048,62.9800,411
35116048096567,09:45:16.048,62.9800,100
35116048096567,09:45:16.048,62.9800,74
35116048096567,09:45:16.048,62.9800,26
35116508571999,09:45:16.508,62.9800,100
35116939004898,09:45:16.939,62.9800,100
35116939425708,09:45:16.939,62.9800,100
35116939466326,09:45:16.939,62.9800,100
35116940351089,09:45:16.940,62.9800,1
35117059259163,09:45:17.059,62.9800,79
35117059259163,09:45:17.059,62.9900,100
35118417837650,09:45:18.417,62.9900,100
35118417837650,09:45:18.417,62.9900,100
35118417837650,09:45:18.417,62.9900,100
35119059152716,09:45:19.059,63.0000,100
35119059152716,09:45:19.059,63.0000,100
35119059152716,09:45:19.059,63.0000,100
35119059152716,09:45:19.059,63.0000,100
35122058694474,09:45:22.058,63.0000,300
35124058947644,09:45:24.058,63.0000,100
35133059056028,09:45:33.059,62.9900,200
35133059056028,09:45:33.059,62.9900,100
35148059117614,09:45:48.059,62.9900,100
35148059117614,09:45:48.059,62.9900,100
35154362052997,09:45:54.362,63.0000,225
35154362092381,09:45:54.362,63.0000,100
35154362151276,09:45:54.362,63.0000,200
35154362166877,09:45:54.362,63.0000,200
35154362201520,09:45:54.362,63.0000,196
35154362260329,09:45:54.362,63.0000,100
35154362266613,09:45:54.362,63.0000,100
35154362296185,09:45:54.362,63.0000,379
35154362296185,09:45:54.362,63.0000,5
35154362324382,09:45:54.362,63.0000,195
35154362324382,09:45:54.362,63.0000,205
35154362367897,09:45:54.362,63.0000,100
35154362398544,09:45:54.362,63.0000,100
35154362874567,09:45:54.362,63.0000,195
35160018534858,09:46:00.018,63.0000,100
35160018576170,09:46:00.018,63.0000,100
35160018576170,09:46:00.018,63.0000,20
35160018723393,09:46:00.018,63.0000,80
35160018723393,09:46:00.018,63.0000,20
35160059466807,09:46:00.059,62.9900,100
35160059466807,09:46:00.059,62.9900,100
35160059466807,09:46:00.059,62.9900,100
35160059750095,09:46:00.059,62.9900,100
35176164499286,09:46:16.164,62.9900,20
35181259776134,09:46:21.259,62.9900,20
35181259776134,09:46:21.259,62.9900,100
35195797199350,09:46:35.797,62.9900,20
35195797199350,09:46:35.797,62.9900,100
35196305643277,09:46:36.305,63.0000,100
35196306257365,09:46:36.306,63.0000,100
35196306286762,09:46:36.306,63.0000,20
35198059508904,09:46:38.059,63.0100,1
35200026477425,09:46:40.026,63.0100,100
35200026519423,09:46:40.026,63.0100,20
35201628396047,09:46:41.628,63.0100,100
35201628396047,09:46:41.628,63.0100,1
35205076615678,09:46:45.076,62.9900,100
35212401359753,09:46:52.401,62.9900,20
35217839005706,09:46:57.839,62.9900,20
35217839005706,09:46:57.839,62.9900,1
35217839005706,09:46:57.839,62.9900,1
35229340552830,09:47:09.340,62.9900,20
35231796986496,09:47:11.796,62.9900,3
35231796986496,09:47:11.796,62.9900,20
35233180923255,09:47:13.180,62.9800,20
35233244326084,09:47:13.244,62.9700,100
35233244326084,09:47:13.244,62.9700,200
35233244326084,09:47:13.244,62.9700,200
35233244326084,09:47:13.244,62.9700,600
35233244326084,09:47:13.244,62.9700,100
35234538004475,09:47:14.538,62.9800,20
35242886751892,09:47:22.886,62.9800,20
35242886751892,09:47:22.886,62.9800,100
35244162959852,09:47:24.162,62.9700,2830
35244162959852,09:47:24.162,62.9700,20
35245148363338,09:47:25.148,62.9700,100
35248334021836,09:47:28.334,62.9700,20
35258534103365,09:47:38.534,62.9700,20
35258534103365,09:47:38.534,62.9700,80
35258534105405,09:47:38.534,62.9700,20
35259610373533,09:47:39.610,62.9500,20
35261571154185,09:47:41.571,62.9400,100
35261572376673,09:47:41.572,62.9400,20
35268401016291,09:47:48.401,62.9500,20
35280119028320,09:48:00.119,62.9500,20
35280119028320,09:48:00.119,62.9500,20
35286218547530,09:48:06.218,62.9400,100
35287893803815,09:48:07.893,62.9200,20
35287893803815,09:48:07.893,62.9200,100
35288638781932,09:48:08.638,62.9200,20
35291247040416,09:48:11.247,62.9200,20
35293024126039,09:48:13.024,62.9100,20
35302520489389,09:48:22.520,62.9200,20
35303299474525,09:48:23.299,62.9300,20
35306896977361,09:48:26.896,62.9400,100
35306896977361,09:48:26.896,62.9400,20
35306896977361,09:48:26.896,62.9400,100
35307409867299,09:48:27.409,62.9400,100
35307409867299,09:48:27.409,62.9400,20
35308525978260,09:48:28.525,62.9400,100
35314857912026,09:48:34.857,62.9300,20
35315366533600,09:48:35.366,62.9200,20
35319009016368,09:48:39.009,62.9100,20
35324303292052,09:48:44.303,62.9100,20
35324303292052,09:48:44.303,62.9100,80
35324303319788,09:48:44.303,62.9100,20
35329008701167,09:48:49.008,62.9200,200
35329008746212,09:48:49.008,62.9200,20
35329580877026,09:48:49.580,62.9200,200
35330634466871,09:48:50.634,62.9150,100
35330634466871,09:48:50.634,62.9100,20
35330634466871,09:48:50.634,62.9100,200
35330634466871,09:48:50.634,62.9100,100
35330634466871,09:48:50.634,62.9100,80
35330634510184,09:48:50.634,62.9100,20
35330635493934,09:48:50.635,62.9100,48
35330635493934,09:48:50.635,62.9100,52
35330636873912,09:48:50.636,62.9100,100
35330638521249,09:48:50.638,62.9000,100
35330638521249,09:48:50.638,62.9000,100
35330638521249,09:48:50.638,62.9000,900
35330643547791,09:48:50.643,62.9000,100
35330645529286,09:48:50.645,62.9000,100
35330645674863,09:48:50.645,62.9000,100
35330645754583,09:48:50.645,62.9000,100
35331529427315,09:48:51.529,62.8900,20
35333722371890,09:48:53.722,62.8900,20
35336287850213,09:48:56.287,62.9000,51
35340935577136,09:49:00.935,62.9000,20
35340935577136,09:49:00.935,62.9000,80
35340935880907,09:49:00.935,62.9000,120
35340935904684,09:49:00.935,62.9000,95
35346675210202,09:49:06.675,62.9000,400
35346675287264,09:49:06.675,62.9000,100
35346675287264,09:49:06.675,62.9000,20
35346682016582,09:49:06.682,62.9000,300
35346682016582,09:49:06.682,62.9000,100
35346682016582,09:49:06.682,62.9000,25
35346682016582,09:49:06.682,62.9000,200
35348698052081,09:49:08.698,62.8900,20
35349445964773,09:49:09.445,62.8800,20
35349445964773,09:49:09.445,62.8800,100
35358667023202,09:49:18.667,62.8800,100
35358667023202,09:49:18.667,62.8800,100
35358667074742,09:49:18.667,62.8800,200
35358667100532,09:49:18.667,62.8800,100
35358667208225,09:49:18.667,62.8800,200
35358668224408,09:49:18.668,62.8800,200
35358668224408,09:49:18.668,62.8800,200
35358668224408,09:49:18.668,62.8800,604
35360573611523,09:49:20.573,62.9000,100
35360573611523,09:49:20.573,62.9000,20
35360573611523,09:49:20.573,62.9000,80
35360573684101,09:49:20.573,62.9000,20
35360574238967,09:49:20.574,62.9000,100
35360574264189,09:49:20.574,62.9000,200
35360574264749,09:49:20.574,62.9000,100
35360574377535,09:49:20.574,62.9000,220
35360583032685,09:49:20.583,62.9000,467
35363046032066,09:49:23.046,62.9100,200
35363046032066,09:49:23.046,62.9100,20
35367768669813,09:49:27.768,62.9200,20
35380168006136,09:49:40.168,62.9200,100
35388797974921,09:49:48.797,62.9100,200
35388797974921,09:49:48.797,62.9100,20
35388797974921,09:49:48.797,62.9100,100
35388805136964,09:49:48.805,62.9200,100
35388805136964,09:49:48.805,62.9200,200
35388805136964,09:49:48.805,62.9200,200
35388805136964,09:49:48.805,62.9200,100
35388805187346,09:49:48.805,62.9200,100
35391325999527,09:49:51.325,62.9200,20
35391325999527,09:49:51.325,62.9200,20
35398735036208,09:49:58.735,62.9300,100
35398735036208,09:49:58.735,62.9300,100
35399955101363,09:49:59.955,62.9300,100
35399955101363,09:49:59.955,62.9300,100
35399955765402,09:49:59.955,62.9300,20
35399955765402,09:49:59.955,62.9300,80
35399955815753,09:49:59.955,62.9300,20
35402726175203,09:50:02.726,62.9400,20
35402726175203,09:50:02.726,62.9400,100
35402968969010,09:50:02.968,62.9400,200
35405639495302,09:50:05.639,62.9400,20
35405639495302,09:50:05.639,62.9400,100
35409296713402,09:50:09.296,62.9400,1
35414339676857,09:50:14.339,62.9400,20
35414339676857,09:50:14.339,62.9400,20
35414339676857,09:50:14.339,62.9400,100
35415629682132,09:50:15.629,62.9400,200
35415629682132,09:50:15.629,62.9400,100
35416742306663,09:50:16.742,62.9400,20
35418220719702,09:50:18.220,62.9400,200
35418220823830,09:50:18.220,62.9400,20
35421490360376,09:50:21.490,62.9500,163
35421491149339,09:50:21.491,62.9500,37
35421491149339,09:50:21.491,62.9500,100
35421491149339,09:50:21.491,62.9500,43
35421491192823,09:50:21.491,62.9500,57
35421491192823,09:50:21.491,62.9500,20
35423101953776,09:50:23.101,62.9600,100
35423102177812,09:50:23.102,62.9600,20
35424248787733,09:50:24.248,62.9500,200
35424248787733,09:50:24.248,62.9500,2
35424248787733,09:50:24.248,62.9500,20
35425938643112,09:50:25.938,62.9400,100
35430448712778,09:50:30.448,62.9400,20
35435859531333,09:50:35.859,62.9300,20
35435891540467,09:50:35.891,62.9200,100
35437230888382,09:50:37.230,62.9200,200
35437230888382,09:50:37.230,62.9200,20
35445306189030,09:50:45.306,62.9300,100
35447750011358,09:50:47.750,62.9300,20
35447750011358,09:50:47.750,62.9300,100
35450751842674,09:50:50.751,62.9300,20
35453975032376,09:50:53.975,62.9300,100
35453982522000,09:50:53.982,62.9300,20
35455916193081,09:50:55.916,62.9300,20
35458434963569,09:50:58.434,62.9200,91
35458435053941,09:50:58.435,62.9200,9
35458435053941,09:50:58.435,62.9200,20
35464378219765,09:51:04.378,62.9200,20
35465350096869,09:51:05.350,62.9200,200
35465350096869,09:51:05.350,62.9200,20
35468895860662,09:51:08.895,62.9300,20
35468895860662,09:51:08.895,62.9300,100
35470247205044,09:51:10.247,62.9300,20
35473103796563,09:51:13.103,62.9400,100
35473103839412,09:51:13.103,62.9400,100
35473103839412,09:51:13.103,62.9400,20
35479040229202,09:51:19.040,62.9400,20
35483272791693,09:51:23.272,62.9300,20
35483697314630,09:51:23.697,62.9200,29
35483697314630,09:51:23.697,62.9200,100
35484633107106,09:51:24.633,62.9100,2
35484633107106,09:51:24.633,62.9100,23
35484633107106,09:51:24.633,62.9100,20
35484733740988,09:51:24.733,62.9100,200
35484733740988,09:51:24.733,62.9100,200
35484733740988,09:51:24.733,62.9100,404
35487501340244,09:51:27.501,62.9000,20
35493023529439,09:51:33.023,62.9000,1
35493024189312,09:51:33.024,62.9000,100
35493024253705,09:51:33.024,62.9000,119
35499130285510,09:51:39.130,62.9000,20
35500188916140,09:51:40.188,62.8900,200
35500188916140,09:51:40.188,62.8900,20
35505710039914,09:51:45.710,62.8900,200
35505710157177,09:51:45.710,62.8900,20
35521864448824,09:52:01.864,62.9100,39
35526846467496,09:52:06.846,62.9000,20
35526976219971,09:52:06.976,62.9000,20
35526976219971,09:52:06.976,62.9000,80
35526979548473,09:52:06.979,62.9000,200
35529924323892,09:52:09.924,62.9000,20
35530476203687,09:52:10.476,62.9000,197
35530476227227,09:52:10.476,62.9000,3
35530580053840,09:52:10.580,62.9000,25
35531951249960,09:52:11.951,62.8950,10
35533171183530,09:52:13.171,62.8900,20
35533759890093,09:52:13.759,62.8800,200
35537810450434,09:52:17.810,62.8700,100
35539516410766,09:52:19.516,62.8700,20
35541228705233,09:52:21.228,62.8700,200
35542288612466,09:52:22.288,62.8700,100
35542288612466,09:52:22.288,62.8700,20
35545333241439,09:52:25.333,62.8500,20
35545333241439,09:52:25.333,62.8500,20
35554950653930,09:52:34.950,62.8700,20
35554950653930,09:52:34.950,62.8700,100
35554950889119,09:52:34.950,62.8700,100
35558808504798,09:52:38.808,62.8700,100
35558808504798,09:52:38.808,62.8700,100
35561249667166,09:52:41.249,62.8700,200
35563080155595,09:52:43.080,62.8700,100
35563080232679,09:52:43.080,62.8700,100
35563082655741,09:52:43.082,62.8700,100
35563082655741,09:52:43.082,62.8700,300
35563082655741,09:52:43.082,62.8700,100
35563082655741,09:52:43.082,62.8700,100
35563082655741,09:52:43.082,62.8700,400
35563082655741,09:52:43.082,62.8700,200
35563082655741,09:52:43.082,62.8700,200
35563082655741,09:52:43.082,62.8700,100
35567963824012,09:52:47.963,62.8700,100
35570251090176,09:52:50.251,62.8700,100
35570251090176,09:52:50.251,62.8700,200
35570253070504,09:52:50.253,62.8700,500
35570253070504,09:52:50.253,62.8700,300
35570253070504,09:52:50.253,62.8700,100
35570253070504,09:52:50.253,62.8700,100
35570253070504,09:52:50.253,62.8700,300
35570253070504,09:52:50.253,62.8700,100
35570253070504,09:52:50.253,62.8700,200
35570253070504,09:52:50.253,62.8700,100
35575839701806,09:52:55.839,62.8700,100
35575839701806,09:52:55.839,62.8700,1
35575839701806,09:52:55.839,62.8700,1
35580799506086,09:53:00.799,62.8700,200
35580799506086,09:53:00.799,62.8700,100
35584207985664,09:53:04.207,62.8700,148
35584208034418,09:53:04.208,62.8700,52
35584541842387,09:53:04.541,62.8700,100
35584541842387,09:53:04.541,62.8700,100
35584542352816,09:53:04.542,62.8700,100
35587850926315,09:53:07.850,62.8600,44
35587850929373,09:53:07.850,62.8600,56
35587850929373,09:53:07.850,62.8600,20
35598891766701,09:53:18.891,62.8400,200
35602983292369,09:53:22.983,62.8500,200
35602983292369,09:53:22.983,62.8500,20
35610468728725,09:53:30.468,62.8400,20
35615651941715,09:53:35.651,62.8300,20
35615651941715,09:53:35.651,62.8300,20
35619378416082,09:53:39.378,62.8200,20
35619378416082,09:53:39.378,62.8200,20
35619387613865,09:53:39.387,62.8200,100
35619387613865,09:53:39.387,62.8200,100
35619387613865,09:53:39.387,62.8200,25
35619387613865,09:53:39.387,62.8200,63
35623077546700,09:53:43.077,62.8100,20
35623077546700,09:53:43.077,62.8100,20
35624470944481,09:53:44.470,62.8100,200
35625295488534,09:53:45.295,62.8200,100
35630584092857,09:53:50.584,62.8300,42
35630584180773,09:53:50.584,62.8300,158
35640962156395,09:54:00.962,62.8500,20
35640962156395,09:54:00.962,62.8500,20
35641822999783,09:54:01.822,62.8500,200
35645063048001,09:54:05.063,62.8500,20
35645063048001,09:54:05.063,62.8500,20
35650709838935,09:54:10.709,62.8400,20
35650709838935,09:54:10.709,62.8400,20
35650995296020,09:54:10.995,62.8400,100
35659883304600,09:54:19.883,62.8400,20
35659883304600,09:54:19.883,62.8400,20
35659883304600,09:54:19.883,62.8400,1
35664374241545,09:54:24.374,62.8500,100
35666451946680,09:54:26.451,62.8500,20
35666451946680,09:54:26.451,62.8500,20
35669062531049,09:54:29.062,62.8400,20
35669062531049,09:54:29.062,62.8400,20
35680339837969,09:54:40.339,62.8500,100
35680340843913,09:54:40.340,62.8500,100
35680340843913,09:54:40.340,62.8500,100
35680340843913,09:54:40.340,62.8500,100
35680340843913,09:54:40.340,62.8500,69
35680340843913,09:54:40.340,62.8500,100
35680340843913,09:54:40.340,62.8500,100
35680340843913,09:54:40.340,62.8500,25
35680340843913,09:54:40.340,62.8500,200
35680340843913,09:54:40.340,62.8500,200
35683778526995,09:54:43.778,62.8500,2
35683778931276,09:54:43.778,62.8500,98
35683778931276,09:54:43.778,62.8500,2
35683778974346,09:54:43.778,62.8500,98
35683778974346,09:54:43.778,62.8500,62
35683779050678,09:54:43.779,62.8500,38
35685465988720,09:54:45.465,62.8600,100
35696914076716,09:54:56.914,62.8600,112
35696914715885,09:54:56.914,62.8600,188
35696914715885,09:54:56.914,62.8600,12
35696914744340,09:54:56.914,62.8600,188
35709703358680,09:55:09.703,62.8600,208
35709703403862,09:55:09.703,62.8600,92
35709703403862,09:55:09.703,62.8600,20
35709703403862,09:55:09.703,62.8600,20
35709703403862,09:55:09.703,62.8600,5
35709703403862,09:55:09.703,62.8600,275
35723591015010,09:55:23.591,62.8600,100
35723591015010,09:55:23.591,62.8600,100
35723591995023,09:55:23.591,62.8600,97
35723592044536,09:55:23.592,62.8600,224
35723593458112,09:55:23.593,62.8600,100
35723593501384,09:55:23.593,62.8600,79
35723593501384,09:55:23.593,62.8600,21
35723594402875,09:55:23.594,62.8600,100
35724007724247,09:55:24.007,62.8600,100
35724008138036,09:55:24.008,62.8600,100
35724008229688,09:55:24.008,62.8600,127
35724008233906,09:55:24.008,62.8600,18
35724009334522,09:55:24.009,62.8600,200
35724266678746,09:55:24.266,62.8600,100
35730597767944,09:55:30.597,62.8600,20
35730597767944,09:55:30.597,62.8600,20
35731438303965,09:55:31.438,62.8500,100
35731438306442,09:55:31.438,62.8500,100
35731438349403,09:55:31.438,62.8500,900
35731438349403,09:55:31.438,62.8500,3
35731438349403,09:55:31.438,62.8500,1
35731438349403,09:55:31.438,62.8500,20
35731438349403,09:55:31.438,62.8500,20
35731975649794,09:55:31.975,62.8400,47
35731975879622,09:55:31.975,62.8400,100
35740151257314,09:55:40.151,62.8400,100
35740151257314,09:55:40.151,62.8400,64
35740151340696,09:55:40.151,62.8400,38
35745711275176,09:55:45.711,62.8500,100
35745711275176,09:55:45.711,62.8500,100
35745711834596,09:55:45.711,62.8500,20
35745711834596,09:55:45.711,62.8500,20
35745711834596,09:55:45.711,62.8500,1000
35749722554593,09:55:49.722,62.8500,100
35751687753862,09:55:51.687,62.8500,100
35751687753862,09:55:51.687,62.8500,20
35751687753862,09:55:51.687,62.8500,20
35752380668745,09:55:52.380,62.8400,100
35752380668745,09:55:52.380,62.8400,1000
35752380668745,09:55:52.380,62.8400,300
35752380668745,09:55:52.380,62.8400,20
35753136512189,09:55:53.136,62.8300,20
35755741259096,09:55:55.741,62.8200,20
35755741259096,09:55:55.741,62.8200,200
35761632512530,09:56:01.632,62.8100,20
35763078119500,09:56:03.078,62.8000,20
35767228394693,09:56:07.228,62.7900,20
35772946310235,09:56:12.946,62.7800,19
35772946421019,09:56:12.946,62.7800,1
35781438521145,09:56:21.438,62.7800,20
35781438521145,09:56:21.438,62.7800,80
35781438566845,09:56:21.438,62.7800,20
35788548552911,09:56:28.548,62.7900,100
35788548552911,09:56:28.548,62.7900,100
35788549148379,09:56:28.549,62.7900,20
35788835604322,09:56:28.835,62.7900,100
35788836441899,09:56:28.836,62.7900,100
35788836441899,09:56:28.836,62.7900,400
35788836441899,09:56:28.836,62.7900,100
35798260187603,09:56:38.260,62.7900,100
35798260187603,09:56:38.260,62.7900,20
35801684625994,09:56:41.684,62.7800,20
35806345934421,09:56:46.345,62.7800,20
35806346737976,09:56:46.346,62.7800,100
35806346737976,09:56:46.346,62.7800,300
35806346737976,09:56:46.346,62.7800,200
35806716092519,09:56:46.716,62.7800,100
35811744650787,09:56:51.744,62.7900,20
35811744650787,09:56:51.744,62.7900,100
35811744650787,09:56:51.744,62.7900,28
35815524163222,09:56:55.524,62.8000,20
35815849511039,09:56:55.849,62.8000,100
35816483304747,09:56:56.483,62.8000,100
35816483304747,09:56:56.483,62.8000,20
35817458202629,09:56:57.458,62.8000,100
35817501670028,09:56:57.501,62.8000,20
35818486658214,09:56:58.486,62.8000,200
35818486658214,09:56:58.486,62.8000,20
35818952982372,09:56:58.952,62.8100,300
35818952982372,09:56:58.952,62.8100,100
35818952982372,09:56:58.952,62.8100,100
35818953625422,09:56:58.953,62.8100,100
35818953625422,09:56:58.953,62.8100,200
35818953625422,09:56:58.953,62.8100,200
35819794355373,09:56:59.794,62.8100,100
35819795529760,09:56:59.795,62.8200,20
35819893321518,09:56:59.893,62.8200,100
35819984545703,09:56:59.984,62.8200,100
35820906632735,09:57:00.906,62.8200,100
35820906632735,09:57:00.906,62.8200,100
35820906632735,09:57:00.906,62.8200,159
35822391848104,09:57:02.391,62.8100,20
35822391848104,09:57:02.391,62.8100,100
35831807618318,09:57:11.807,62.8100,20
35831807618318,09:57:11.807,62.8100,100
35832888163440,09:57:12.888,62.8200,41
35832888163440,09:57:12.888,62.8200,100
35832888163440,09:57:12.888,62.8200,20
35836099685815,09:57:16.099,62.8200,100
35837500861361,09:57:17.500,62.8100,20
35838628618146,09:57:18.628,62.8100,20
35842300986483,09:57:22.300,62.8100,93
35845435810451,09:57:25.435,62.8100,20
35847151122253,09:57:27.151,62.8200,20
35848307165252,09:57:28.307,62.8300,100
35848310873838,09:57:28.310,62.8300,20
35850224957913,09:57:30.224,62.8400,100
35850224957913,09:57:30.224,62.8400,100
35850224957913,09:57:30.224,62.8400,20
35858568772811,09:57:38.568,62.8400,20
35858568772811,09:57:38.568,62.8400,100
35858568772811,09:57:38.568,62.8400,100
35862891542396,09:57:42.891,62.8300,100
35862960385611,09:57:42.960,62.8200,100
35864699537138,09:57:44.699,62.8200,100
35869221798964,09:57:49.221,62.8200,20
35871583180332,09:57:51.583,62.8100,218
35871666217039,09:57:51.666,62.8100,25
35871689086127,09:57:51.689,62.8100,200
35878768556503,09:57:58.768,62.8200,175
35878768618105,09:57:58.768,62.8200,25
35878768618105,09:57:58.768,62.8200,20
35878768618105,09:57:58.768,62.8200,100
35881733221283,09:58:01.733,62.8200,200
35891926591861,09:58:11.926,62.7900,100
35891926591861,09:58:11.926,62.7900,100
35891926591861,09:58:11.926,62.7900,200
35891926591861,09:58:11.926,62.7900,100
35891927574784,09:58:11.927,62.7900,100
35891927574784,09:58:11.927,62.7900,168
35893977612229,09:58:13.977,62.7900,200
35893977612229,09:58:13.977,62.7900,20
35894049505490,09:58:14.049,62.7900,200
35894049505490,09:58:14.049,62.7900,20
35897876401234,09:58:17.876,62.7800,20
35907598648941,09:58:27.598,62.7700,20
35908411322303,09:58:28.411,62.7700,20
35908411322303,09:58:28.411,62.7700,200
35908411322303,09:58:28.411,62.7700,200
35908411989894,09:58:28.411,62.7700,100
35908411992556,09:58:28.411,62.7700,100
35908412030200,09:58:28.412,62.7700,166
35910362524815,09:58:30.362,62.7700,200
35910362524815,09:58:30.362,62.7700,20
35911772601619,09:58:31.772,62.7600,20
35912201769496,09:58:32.201,62.7600,200
35912201769496,09:58:32.201,62.7600,100
35912201769496,09:58:32.201,62.7600,20
35921736346748,09:58:41.736,62.7700,200
35921736346748,09:58:41.736,62.7700,100
35921736346748,09:58:41.736,62.7700,100
35921736346748,09:58:41.736,62.7700,200
35921736346748,09:58:41.736,62.7700,20
35924081097203,09:58:44.081,62.7700,20
35925674579936,09:58:45.674,62.7700,5
35925674613940,09:58:45.674,62.7700,15
35929873723431,09:58:49.873,62.7700,100
35933225734727,09:58:53.225,62.7700,20
35935564134511,09:58:55.564,62.7800,200
35935564134511,09:58:55.564,62.7800,100
35935564134511,09:58:55.564,62.7800,200
35935564134511,09:58:55.564,62.7800,200
35946306767723,09:59:06.306,62.7800,20
35953534631914,09:59:13.534,62.7800,20
35966185259984,09:59:26.185,62.7800,20
35969804152436,09:59:29.804,62.7700,200
35969804152436,09:59:29.804,62.7700,20
35970625378426,09:59:30.625,62.7700,100
35970625378426,09:59:30.625,62.7700,20
35970627172337,09:59:30.627,62.7700,100
35981148741588,09:59:41.148,62.7800,200
35981148741588,09:59:41.148,62.7800,8
35984272541235,09:59:44.272,62.7800,20
35984272541235,09:59:44.272,62.7800,20
35986287056854,09:59:46.287,62.7700,1
35986287056854,09:59:46.287,62.7700,20
35986287056854,09:59:46.287,62.7700,1
35996394858513,09:59:56.394,62.7700,186
35996394876274,09:59:56.394,62.7700,14
35996395493240,09:59:56.395,62.7700,100
35996395524319,09:59:56.395,62.7700,60
35996395737469,09:59:56.395,62.7700,40
35996395737469,09:59:56.395,62.7700,46
35996397820242,09:59:56.397,62.7700,100
35996397820242,09:59:56.397,62.7700,100
35997610356807,09:59:57.610,62.7800,25
35997610356807,09:59:57.610,62.7800,200
35997610356807,09:59:57.610,62.7800,200
35997610356807,09:59:57.610,62.7800,200
35997610356807,09:59:57.610,62.7800,200
35998035044891,09:59:58.035,62.7800,400
35998035044891,09:59:58.035,62.7800,200
35998035044891,09:59:58.035,62.7800,100
35999036621194,09:59:59.036,62.7900,100
35999036621194,09:59:59.036,62.7900,100
35999036621194,09:59:59.036,62.7900,82
35999036632773,09:59:59.036,62.7900,18
36001403609437,10:00:01.403,62.7900,200
36010857040327,10:00:10.857,62.7900,100
36010857040327,10:00:10.857,62.7900,20
36015727265348,10:00:15.727,62.7800,100
36015727547409,10:00:15.727,62.7800,100
36021497798744,10:00:21.497,62.7900,100
36021498080319,10:00:21.498,62.7900,100
36030137907698,10:00:30.137,62.8000,100
36030137907698,10:00:30.137,62.8000,1
36030137937502,10:00:30.137,62.8000,99
36030137937502,10:00:30.137,62.8000,100
36031925497092,10:00:31.925,62.8000,20
36034536765965,10:00:34.536,62.7900,100
36034536799175,10:00:34.536,62.7900,20
36038968309979,10:00:38.968,62.7800,20
36038968309979,10:00:38.968,62.7800,20
36048343016835,10:00:48.343,62.7800,20
36051222641833,10:00:51.222,62.7700,100
36051222641833,10:00:51.222,62.7700,20
36051222641833,10:00:51.222,62.7700,20
36058727032052,10:00:58.727,62.7800,100
36058727068952,10:00:58.727,62.7800,100
36066163214420,10:01:06.163,62.7900,100
36066509676360,10:01:06.509,62.7900,100
36066575818859,10:01:06.575,62.7900,200
36067391397844,10:01:07.391,62.7900,100
36071243890286,10:01:11.243,62.7900,100
36071243890286,10:01:11.243,62.7900,100
36071243890286,10:01:11.243,62.7900,20
36071243890286,10:01:11.243,62.7900,200
36072627501702,10:01:12.627,62.7900,100
36076263472686,10:01:16.263,62.7900,20
36080367093238,10:01:20.367,62.7800,100
36080367158167,10:01:20.367,62.7800,20
36080367158167,10:01:20.367,62.7800,20
36080368758352,10:01:20.368,62.7800,106
36083356368927,10:01:23.356,62.7800,100
36086707453836,10:01:26.707,62.7800,20
36097006789479,10:01:37.006,62.7800,100
36097030148986,10:01:37.030,62.7800,200
36105772623212,10:01:45.772,62.7800,20
36105772623212,10:01:45.772,62.7800,20
36107442532419,10:01:47.442,62.7700,100
36107442532419,10:01:47.442,62.7700,100
36107442532419,10:01:47.442,62.7700,20
36107442532419,10:01:47.442,62.7700,20
36111990586080,10:01:51.990,62.7700,200
36113793579302,10:01:53.793,62.7700,8
36113793860631,10:01:53.793,62.7700,100
36117820566985,10:01:57.820,62.7650,7
36122297982787,10:02:02.297,62.7700,92
36122297982787,10:02:02.297,62.7700,108
36122298313179,10:02:02.298,62.7700,69
36122298352516,10:02:02.298,62.7700,23
36122298352516,10:02:02.298,62.7700,100
36122298352516,10:02:02.298,62.7700,198
36122298403335,10:02:02.298,62.7700,102
36122298929356,10:02:02.298,62.7700,100
36127056129265,10:02:07.056,62.7800,20
36127056129265,10:02:07.056,62.7800,80
36127056228922,10:02:07.056,62.7800,14
36127056256870,10:02:07.056,62.7800,61
36127056783532,10:02:07.056,62.7800,45
36129138857676,10:02:09.138,62.7800,20
36129138857676,10:02:09.138,62.7800,20
36133733291393,10:02:13.733,62.7700,400
36133733291393,10:02:13.733,62.7700,1400
36133733291393,10:02:13.733,62.7700,20
36133733291393,10:02:13.733,62.7700,20
36133734038522,10:02:13.734,62.7700,200
36133734038522,10:02:13.734,62.7700,482
36133734038522,10:02:13.734,62.7700,100
36133734038522,10:02:13.734,62.7700,188
36142619836906,10:02:22.619,62.7700,200
36143784673210,10:02:23.784,62.7700,100
36143784673210,10:02:23.784,62.7700,20
36143784673210,10:02:23.784,62.7700,20
36145973742858,10:02:25.973,62.7600,1000
36145973742858,10:02:25.973,62.7600,400
36145973742858,10:02:25.973,62.7600,20
36145973742858,10:02:25.973,62.7600,20
36145973742858,10:02:25.973,62.7600,300
36154613606510,10:02:34.613,62.7700,20
36154613606510,10:02:34.613,62.7700,20
36154613606510,10:02:34.613,62.7700,100
36154613795938,10:02:34.613,62.7700,100
36156550281934,10:02:36.550,62.7600,20
36156550281934,10:02:36.550,62.7600,20
36159892922392,10:02:39.892,62.7500,20
36159892922392,10:02:39.892,62.7500,20
36160573469856,10:02:40.573,62.7400,100
36160590866179,10:02:40.590,62.7400,20
36160590866179,10:02:40.590,62.7400,20
36166647120575,10:02:46.647,62.7350,100
36166647120575,10:02:46.647,62.7300,100
36166647120575,10:02:46.647,62.7300,700
36166647480695,10:02:46.647,62.7300,400
36166647480695,10:02:46.647,62.7300,20
36166686435949,10:02:46.686,62.7200,100
36166686534976,10:02:46.686,62.7200,300
36166686713910,10:02:46.686,62.7200,180
36166686745727,10:02:46.686,62.7200,659
36166686780271,10:02:46.686,62.7200,4
36166686801886,10:02:46.686,62.7200,57
36166692144291,10:02:46.692,62.7100,100
36166692144291,10:02:46.692,62.7100,100
36166692144291,10:02:46.692,62.7100,100
36166692144291,10:02:46.692,62.7100,100
36166692170289,10:02:46.692,62.7100,100
36167690301499,10:02:47.690,62.7000,20
36168885846201,10:02:48.885,62.6900,100
36168885846201,10:02:48.885,62.6900,100
36168885846201,10:02:48.885,62.6900,300
36168885846201,10:02:48.885,62.6900,20
36169314736047,10:02:49.314,62.7000,20
36171324596236,10:02:51.324,62.7200,20
36173542532635,10:02:53.542,62.7300,200
36173542561783,10:02:53.542,62.7300,100
36173542565675,10:02:53.542,62.7300,100
36173542565675,10:02:53.542,62.7300,20
36173542565675,10:02:53.542,62.7300,100
36174566622654,10:02:54.566,62.7300,200
36174566622654,10:02:54.566,62.7300,20
36176448788500,10:02:56.448,62.7300,158
36176448819656,10:02:56.448,62.7300,142
36176812059678,10:02:56.812,62.7300,200
36178135179755,10:02:58.135,62.7200,20
36185051224629,10:03:05.051,62.7200,20
36185051224629,10:03:05.051,62.7200,200
36185051224629,10:03:05.051,62.7200,100
36185051224629,10:03:05.051,62.7200,100
36185051224629,10:03:05.051,62.7200,100
36185205933249,10:03:05.205,62.7200,100
36185205933249,10:03:05.205,62.7200,200
36186324267193,10:03:06.324,62.7200,20
36186847436974,10:03:06.847,62.7200,200
36188855817991,10:03:08.855,62.7100,20
36189643602653,10:03:09.643,62.7000,20
36189736221379,10:03:09.736,62.6950,4
36189755062163,10:03:09.755,62.6950,3
36196070819934,10:03:16.070,62.6900,20
36200635311237,10:03:20.635,62.7000,100
36200635314931,10:03:20.635,62.7000,100
36200635342157,10:03:20.635,62.7000,100
36201081136664,10:03:21.081,62.7000,200
36201081136664,10:03:21.081,62.7000,20
36203804075407,10:03:23.804,62.6900,4
36204788353055,10:03:24.788,62.6900,4
36205584023365,10:03:25.584,62.6950,100
36205584024721,10:03:25.584,62.6950,100
36211407258419,10:03:31.407,62.7000,100
36211407281389,10:03:31.407,62.7000,20
36231672031196,10:03:51.672,62.6900,20
36231672031196,10:03:51.672,62.6900,20
36232768788524,10:03:52.768,62.6800,20
36232768788524,10:03:52.768,62.6800,20
36237290837842,10:03:57.290,62.6900,100
36238023691777,10:03:58.023,62.6950,100
36240973851098,10:04:00.973,62.7000,100
36240973883264,10:04:00.973,62.7000,100
36241328359612,10:04:01.328,62.7100,200
36244481569932,10:04:04.481,62.7100,20
36246167920391,10:04:06.167,62.7000,20
36246167920391,10:04:06.167,62.7000,20
36247300828800,10:04:07.300,62.7000,300
36248689726021,10:04:08.689,62.7000,20
36248689726021,10:04:08.689,62.7000,20
36250890457387,10:04:10.890,62.6900,200
36250890546217,10:04:10.890,62.6900,100
36250890546217,10:04:10.890,62.6900,20
36250890546217,10:04:10.890,62.6900,20
36252496020534,10:04:12.496,62.6950,100
36252497010961,10:04:12.497,62.6950,100
36265362427743,10:04:25.362,62.6900,20
36265362427743,10:04:25.362,62.6900,20
36265943329002,10:04:25.943,62.6900,100
36265943627821,10:04:25.943,62.6900,93
36265950594315,10:04:25.950,62.6900,7
36265950594315,10:04:25.950,62.6900,131
36266978166946,10:04:26.978,62.6800,300
36266978166946,10:04:26.978,62.6800,20
36267434170288,10:04:27.434,62.6700,20
36267434170288,10:04:27.434,62.6700,20
36270133858384,10:04:30.133,62.6600,20
36270133858384,10:04:30.133,62.6600,20
36270782517729,10:04:30.782,62.6600,300
36287705676106,10:04:47.705,62.6600,20
36287705676106,10:04:47.705,62.6600,20
36287705676106,10:04:47.705,62.6600,200
36291466176415,10:04:51.466,62.6600,20
36291466176415,10:04:51.466,62.6600,20
36298632677388,10:04:58.632,62.6600,100
36298632677388,10:04:58.632,62.6600,100
36298632677388,10:04:58.632,62.6600,100
36300492862126,10:05:00.492,62.6600,20
36300492862126,10:05:00.492,62.6600,20
36300493048265,10:05:00.493,62.6600,40
36300493156072,10:05:00.493,62.6600,60
36302349605969,10:05:02.349,62.6600,246
36302349609739,10:05:02.349,62.6600,41
36302349635964,10:05:02.349,62.6600,13
36306559314654,10:05:06.559,62.6650,100
36306559314654,10:05:06.559,62.6650,100
36306559314654,10:05:06.559,62.6600,300
36306559314654,10:05:06.559,62.6600,100
36306559314654,10:05:06.559,62.6600,100
36306559314654,10:05:06.559,62.6600,20
36306559314654,10:05:06.559,62.6600,20
36306559314654,10:05:06.559,62.6600,100
36306559314654,10:05:06.559,62.6600,100
36306559384761,10:05:06.559,62.6600,200
36306559419163,10:05:06.559,62.6600,100
36306559434266,10:05:06.559,62.6600,200
36307826898684,10:05:07.826,62.6500,100
36307826898684,10:05:07.826,62.6500,20
36307826898684,10:05:07.826,62.6500,20
36310018638052,10:05:10.018,62.6500,200
36310018638052,10:05:10.018,62.6500,100
36311925125766,10:05:11.925,62.6500,300
36311925205111,10:05:11.925,62.6500,100
36311925205111,10:05:11.925,62.6500,20
36311925205111,10:05:11.925,62.6500,20
36317335514766,10:05:17.335,62.6400,100
36317335514766,10:05:17.335,62.6400,100
36317335514766,10:05:17.335,62.6400,150
36317335772727,10:05:17.335,62.6400,78
36317335982228,10:05:17.335,62.6400,72
36317335982228,10:05:17.335,62.6400,20
36317335982228,10:05:17.335,62.6400,20
36317363462633,10:05:17.363,62.6400,1
36317363775933,10:05:17.363,62.6400,165
36317363998104,10:05:17.363,62.6400,234
36319023962613,10:05:19.023,62.6400,100
36322184190579,10:05:22.184,62.6500,100
36322184190579,10:05:22.184,62.6500,400
36322184190579,10:05:22.184,62.6500,100
36323905356425,10:05:23.905,62.6500,20
36323905356425,10:05:23.905,62.6500,20
36326722332963,10:05:26.722,62.6400,20
36326722332963,10:05:26.722,62.6400,20
36333886045903,10:05:33.886,62.6400,100
36333886045903,10:05:33.886,62.6400,100
36340060732124,10:05:40.060,62.6600,20
36340060732124,10:05:40.060,62.6600,20
36344273133178,10:05:44.273,62.6500,20
36344273133178,10:05:44.273,62.6500,20
36344273133178,10:05:44.273,62.6500,3
36344273133178,10:05:44.273,62.6500,2
36347217618344,10:05:47.217,62.6400,20
36347217618344,10:05:47.217,62.6400,20
36348381925753,10:05:48.381,62.6400,300
36350644265480,10:05:50.644,62.6400,20
36350644265480,10:05:50.644,62.6400,20
36354745313292,10:05:54.745,62.6400,100
36358043225260,10:05:58.043,62.6450,1
36361072773410,10:06:01.072,62.6500,24
36361073177897,10:06:01.073,62.6500,76
36363629662317,10:06:03.629,62.6500,100
36364708094748,10:06:04.708,62.6500,100
36364708094748,10:06:04.708,62.6500,100
36364708094748,10:06:04.708,62.6500,20
36364708094748,10:06:04.708,62.6500,20
36364708094748,10:06:04.708,62.6500,200
36366562310225,10:06:06.562,62.6500,100
36366649484019,10:06:06.649,62.6500,99
36366649484019,10:06:06.649,62.6500,1
36366830516086,10:06:06.830,62.6500,300
36367550154306,10:06:07.550,62.6500,300
36367550154306,10:06:07.550,62.6500,200
36367550154306,10:06:07.550,62.6500,200
36367903038798,10:06:07.903,62.6600,200
36367903038798,10:06:07.903,62.6600,100
36367903038798,10:06:07.903,62.6600,100
36369117544905,10:06:09.117,62.6600,100
36369117544905,10:06:09.117,62.6600,20
36369117544905,10:06:09.117,62.6600,20
36370929644437,10:06:10.929,62.6600,200
36370929644437,10:06:10.929,62.6600,100
36374207556219,10:06:14.207,62.6600,20
36374207556219,10:06:14.207,62.6600,20
36374207556219,10:06:14.207,62.6600,80
36385990879911,10:06:25.990,62.6700,100
36386159030327,10:06:26.159,62.6700,20
36386159030327,10:06:26.159,62.6700,20
36388538836095,10:06:28.538,62.6700,100
36395705037055,10:06:35.705,62.6700,20
36395705037055,10:06:35.705,62.6700,20
36403108514899,10:06:43.108,62.6600,20
36403108514899,10:06:43.108,62.6600,20
36406426887715,10:06:46.426,62.6500,50
36406426887715,10:06:46.426,62.6500,20
36406426887715,10:06:46.426,62.6500,20
36408001872609,10:06:48.001,62.6300,200
36408001952297,10:06:48.001,62.6300,100
36408001952297,10:06:48.001,62.6300,20
36413655877536,10:06:53.655,62.6300,200
36413655877536,10:06:53.655,62.6300,100
36413655877536,10:06:53.655,62.6300,100
36413669183550,10:06:53.669,62.6300,100
36413669183550,10:06:53.669,62.6300,200
36413669183550,10:06:53.669,62.6300,25
36413669183550,10:06:53.669,62.6300,275
36416210787735,10:06:56.210,62.6300,20
36416210787735,10:06:56.210,62.6300,20
36418148277420,10:06:58.148,62.6200,20
36426912976256,10:07:06.912,62.6100,300
36426912976256,10:07:06.912,62.6100,20
36426912976256,10:07:06.912,62.6100,80
36427144143975,10:07:07.144,62.6100,11
36427144206861,10:07:07.144,62.6100,289
36427642229305,10:07:07.642,62.6100,100
36432257415577,10:07:12.257,62.6000,20
36432257415577,10:07:12.257,62.6000,80
36432257415577,10:07:12.257,62.6000,100
36433025675642,10:07:13.025,62.6000,132
36437359620271,10:07:17.359,62.6000,20
36437359620271,10:07:17.359,62.6000,100
36452653937941,10:07:32.653,62.5900,20
36452756503771,10:07:32.756,62.5800,100
36452756503771,10:07:32.756,62.5800,100
36452756503771,10:07:32.756,62.5800,100
36452756568716,10:07:32.756,62.5800,80
36452757014268,10:07:32.757,62.5800,100
36452757186276,10:07:32.757,62.5800,388
36458587545829,10:07:38.587,62.5800,11
36458587711999,10:07:38.587,62.5800,100
36463923429823,10:07:43.923,62.5800,20
36463926208350,10:07:43.926,62.5700,200
36471548981550,10:07:51.548,62.5700,200
36471549043505,10:07:51.549,62.5700,20
36473138267723,10:07:53.138,62.5700,20
36488435871987,10:08:08.435,62.5700,100
36488435871987,10:08:08.435,62.5700,200
36488435871987,10:08:08.435,62.5700,400
36488435871987,10:08:08.435,62.5700,100
36488436096519,10:08:08.436,62.5700,100
36488436099346,10:08:08.436,62.5700,200
36488436952179,10:08:08.436,62.5700,100
36488436973687,10:08:08.436,62.5700,200
36488436973687,10:08:08.436,62.5700,100
36488436973687,10:08:08.436,62.5700,500
36488436973687,10:08:08.436,62.5700,100
36488436973687,10:08:08.436,62.5700,82
36488439258591,10:08:08.439,62.5700,118
36488439258591,10:08:08.439,62.5700,200
36488439258591,10:08:08.439,62.5700,200
36490579656156,10:08:10.579,62.5800,141
36494267827517,10:08:14.267,62.5700,20
36494267827517,10:08:14.267,62.5700,20
36497167191119,10:08:17.167,62.5600,20
36497167191119,10:08:17.167,62.5600,20
36500631585891,10:08:20.631,62.5600,100
36508734697153,10:08:28.734,62.5600,20
36508837261539,10:08:28.837,62.5600,25
36508837261539,10:08:28.837,62.5600,300
36519434194702,10:08:39.434,62.5700,100
36519434199297,10:08:39.434,62.5700,100
36519434199297,10:08:39.434,62.5700,5
36519434216935,10:08:39.434,62.5700,95
36522723286790,10:08:42.723,62.5900,156
36522723326811,10:08:42.723,62.5900,4
36522723351094,10:08:42.723,62.5900,40
36528816877630,10:08:48.816,62.5900,200
36528816877630,10:08:48.816,62.5900,100
36528816877630,10:08:48.816,62.5900,20
36528816877630,10:08:48.816,62.5900,100
36530446987842,10:08:50.446,62.5900,300
36537227478709,10:08:57.227,62.6000,100
36537227478709,10:08:57.227,62.6000,25
36537227610335,10:08:57.227,62.6000,219
36537227632040,10:08:57.227,62.6000,156
36537227632040,10:08:57.227,62.6000,100
36539278158795,10:08:59.278,62.6100,20
36540911946042,10:09:00.911,62.6200,200
36540911946042,10:09:00.911,62.6200,20
36540911946042,10:09:00.911,62.6200,200
36542403028462,10:09:02.403,62.6300,100
36542403028462,10:09:02.403,62.6300,100
36542403028462,10:09:02.403,62.6300,19
36542403040069,10:09:02.403,62.6300,181
36542403040069,10:09:02.403,62.6300,139
36542403057347,10:09:02.403,62.6300,161
36542403057347,10:09:02.403,62.6300,159
36542403280566,10:09:02.403,62.6300,100
36542637470158,10:09:02.637,62.6300,20
36543500007380,10:09:03.500,62.6200,20
36543698774465,10:09:03.698,62.6200,25
36543698774465,10:09:03.698,62.6200,29
36543698774465,10:09:03.698,62.6200,46
36543698808570,10:09:03.698,62.6200,254
36546067380048,10:09:06.067,62.6200,20
36547507784833,10:09:07.507,62.6100,20
36547549488253,10:09:07.549,62.6100,300
36547549488253,10:09:07.549,62.6100,25
36547549488253,10:09:07.549,62.6100,300
36547549488253,10:09:07.549,62.6100,300
36552869745182,10:09:12.869,62.6100,20
36552869745182,10:09:12.869,62.6100,100
36556660306185,10:09:16.660,62.6100,100
36556660306185,10:09:16.660,62.6100,20
36556660306185,10:09:16.660,62.6100,100
36556660306185,10:09:16.660,62.6100,100
36558859879920,10:09:18.859,62.6200,300
36558859879920,10:09:18.859,62.6200,100
36558859879920,10:09:18.859,62.6200,20
36576585954388,10:09:36.585,62.6300,20
36579843480499,10:09:39.843,62.6400,100
36579843480499,10:09:39.843,62.6400,100
36579843532773,10:09:39.843,62.6400,20
36581146803586,10:09:41.146,62.6500,300
36581146803586,10:09:41.146,62.6500,20
36585234464395,10:09:45.234,62.6400,20
36586658093253,10:09:46.658,62.6300,8
36586658102024,10:09:46.658,62.6300,12
36593340877707,10:09:53.340,62.6500,4
36593350776307,10:09:53.350,62.6500,16
36593350776307,10:09:53.350,62.6500,4
36593413850490,10:09:53.413,62.6500,17
36593414859608,10:09:53.414,62.6500,10
36593418987806,10:09:53.418,62.6500,1
36593507005467,10:09:53.507,62.6500,18
36593696584379,10:09:53.696,62.6500,8
36597861253994,10:09:57.861,62.6500,1
36598208007018,10:09:58.208,62.6500,20
36604974850947,10:10:04.974,62.6500,100
36604974850947,10:10:04.974,62.6500,100
36604974850947,10:10:04.974,62.6500,300
36604974850947,10:10:04.974,62.6500,20
36607050964352,10:10:07.050,62.6400,20
36607051112066,10:10:07.051,62.6400,28
36607051324794,10:10:07.051,62.6400,20
36607051989384,10:10:07.051,62.6400,8
36611755899076,10:10:11.755,62.6300,20
36615005512134,10:10:15.005,62.6200,20
36616128933330,10:10:16.128,62.6200,170
36618519557405,10:10:18.519,62.6150,100
36618519642294,10:10:18.519,62.6200,100
36622283401971,10:10:22.283,62.6300,300
36622283401971,10:10:22.283,62.6300,100
36622283401971,10:10:22.283,62.6300,100
36622283401971,10:10:22.283,62.6300,200
36622283401971,10:10:22.283,62.6300,100
36622337565398,10:10:22.337,62.6300,200
36622337676267,10:10:22.337,62.6300,20
36622337854216,10:10:22.337,62.6300,80
36625076905911,10:10:25.076,62.6200,20
36625076905911,10:10:25.076,62.6200,20
36626426903060,10:10:26.426,62.6200,300
36631006776332,10:10:31.006,62.6200,20
36631006776332,10:10:31.006,62.6200,20
36632251150379,10:10:32.251,62.6100,20
36632251150379,10:10:32.251,62.6100,20
36632944283784,10:10:32.944,62.6000,100
36632944283784,10:10:32.944,62.6000,300
36634513519285,10:10:34.513,62.6000,20
36634513519285,10:10:34.513,62.6000,20
36634712517913,10:10:34.712,62.6000,60
36634712517913,10:10:34.712,62.6000,300
36635222301263,10:10:35.222,62.6000,20
36635222301263,10:10:35.222,62.6000,20
36637281342596,10:10:37.281,62.6000,300
36637281342596,10:10:37.281,62.6000,47
36637283083323,10:10:37.283,62.6000,53
36639413861085,10:10:39.413,62.6000,20
36639413861085,10:10:39.413,62.6000,20
36639866429790,10:10:39.866,62.6000,300
36642369073014,10:10:42.369,62.6100,100
36658480670113,10:10:58.480,62.6200,20
36658480670113,10:10:58.480,62.6200,20
36663406164459,10:11:03.406,62.6100,20
36663406164459,10:11:03.406,62.6100,20
36664999647776,10:11:04.999,62.6000,20
36664999647776,10:11:04.999,62.6000,20
36665574074240,10:11:05.574,62.5900,20
36665574074240,10:11:05.574,62.5900,20
36666092929766,10:11:06.092,62.5900,300
36673562579240,10:11:13.562,62.5900,20
36673562579240,10:11:13.562,62.5900,20
36674970228211,10:11:14.970,62.5900,100
36674970228211,10:11:14.970,62.5900,200
36674970228211,10:11:14.970,62.5900,215
36674970606537,10:11:14.970,62.5900,200
36675458983788,10:11:15.458,62.5900,20
36675458983788,10:11:15.458,62.5900,20
36685395031676,10:11:25.395,62.5900,100
36685395031676,10:11:25.395,62.5900,100
36685395031676,10:11:25.395,62.5900,100
36691261889751,10:11:31.261,62.6200,100
36691261889751,10:11:31.261,62.6200,200
36691263300959,10:11:31.263,62.6200,100
36691263300959,10:11:31.263,62.6200,158
36691263897196,10:11:31.263,62.6200,100
36691714630072,10:11:31.714,62.6200,100
36691714630072,10:11:31.714,62.6200,100
36691714630072,10:11:31.714,62.6200,100
36691714630072,10:11:31.714,62.6200,900
36691715270067,10:11:31.715,62.6200,2
36691715289852,10:11:31.715,62.6200,98
36691715289852,10:11:31.715,62.6200,222
36691715298995,10:11:31.715,62.6200,78
36691715298995,10:11:31.715,62.6200,100
36691715298995,10:11:31.715,62.6200,143
36691980427703,10:11:31.980,62.6200,300
36703069486727,10:11:43.069,62.6100,800
36703069486727,10:11:43.069,62.6100,700
36703069486727,10:11:43.069,62.6100,20
36703070784309,10:11:43.070,62.6100,100
36704193039821,10:11:44.193,62.6100,100
36704199513019,10:11:44.199,62.6100,200
36708289135832,10:11:48.289,62.6200,27
36708289164734,10:11:48.289,62.6200,73
36708289164734,10:11:48.289,62.6200,20
36708688830710,10:11:48.688,62.6300,200
36708688830710,10:11:48.688,62.6300,100
36708688969797,10:11:48.688,62.6300,200
36708688969797,10:11:48.688,62.6300,100
36708688969797,10:11:48.688,62.6300,100
36708688969797,10:11:48.688,62.6300,1300
36708688969797,10:11:48.688,62.6300,100
36708695862191,10:11:48.695,62.6300,200
36708702287736,10:11:48.702,62.6300,18
36708702463827,10:11:48.702,62.6300,18
36708792371935,10:11:48.792,62.6350,100
36712298149567,10:11:52.298,62.6300,21
36712298149567,10:11:52.298,62.6300,20
36712298149567,10:11:52.298,62.6300,700
36715346519566,10:11:55.346,62.6200,20
36715346519566,10:11:55.346,62.6200,100
36715346571306,10:11:55.346,62.6200,200
36715392869561,10:11:55.392,62.6200,800
36715392869561,10:11:55.392,62.6200,200
36715392869561,10:11:55.392,62.6200,100
36717034321576,10:11:57.034,62.6200,200
36717034321576,10:11:57.034,62.6200,20
36721658953024,10:12:01.658,62.6300,100
36726219987297,10:12:06.219,62.6400,100
36726219987297,10:12:06.219,62.6400,100
36726329731636,10:12:06.329,62.6500,100
36726329731636,10:12:06.329,62.6500,100
36739882964342,10:12:19.882,62.6600,700
36739882964342,10:12:19.882,62.6600,20
36739882964342,10:12:19.882,62.6600,20
36742427696475,10:12:22.427,62.6500,3
36742427696475,10:12:22.427,62.6500,20
36745851401516,10:12:25.851,62.6500,20
36748898871292,10:12:28.898,62.6600,20
36748898871292,10:12:28.898,62.6600,100
36751697238255,10:12:31.697,62.6600,20
36756481666490,10:12:36.481,62.6600,20
36759269715353,10:12:39.269,62.6700,54
36759269762904,10:12:39.269,62.6700,46
36759269762904,10:12:39.269,62.6700,20
36761642265712,10:12:41.642,62.6700,700
36761642265712,10:12:41.642,62.6700,20
36762046650955,10:12:42.046,62.6600,78
36762046720646,10:12:42.046,62.6600,20
36762329392917,10:12:42.329,62.6600,200
36762329599926,10:12:42.329,62.6600,100
36762329599926,10:12:42.329,62.6600,700
36765841869420,10:12:45.841,62.6500,13
36765842139807,10:12:45.842,62.6500,7
36765842139807,10:12:45.842,62.6500,20
36766581317714,10:12:46.581,62.6400,300
36766581317714,10:12:46.581,62.6400,20
36769207275353,10:12:49.207,62.6400,20
36770107803881,10:12:50.107,62.6500,100
36770107803881,10:12:50.107,62.6500,100
36770107803881,10:12:50.107,62.6500,100
36770107803881,10:12:50.107,62.6500,20
36770107803881,10:12:50.107,62.6500,200
36770550660563,10:12:50.550,62.6500,300
36771031365021,10:12:51.031,62.6500,300
36771031365021,10:12:51.031,62.6500,200
36771031365021,10:12:51.031,62.6500,20
36778180503870,10:12:58.180,62.6500,100
36778180503870,10:12:58.180,62.6500,20
36779721898037,10:12:59.721,62.6500,20
36780807616885,10:13:00.807,62.6600,100
36792527418981,10:13:12.527,62.6700,20
36792824016579,10:13:12.824,62.6700,300
36792824016579,10:13:12.824,62.6700,200
36793278328681,10:13:13.278,62.6700,20
36803929578414,10:13:23.929,62.6700,20
36807521069327,10:13:27.521,62.6800,38
36807521327802,10:13:27.521,62.6800,62
36807521327802,10:13:27.521,62.6800,20
36807534546133,10:13:27.534,62.6900,100
36807534546133,10:13:27.534,62.6900,100
36809079523849,10:13:29.079,62.7000,200
36809079523849,10:13:29.079,62.7000,20
36811646642056,10:13:31.646,62.7000,200
36811646642056,10:13:31.646,62.7000,300
36811646642056,10:13:31.646,62.7000,20
36815429562547,10:13:35.429,62.6900,20
36815429562547,10:13:35.429,62.6900,100
36820085625074,10:13:40.085,62.6800,20
36820085625074,10:13:40.085,62.6800,100
36821070669553,10:13:41.070,62.6800,200
36822387388207,10:13:42.387,62.6900,20
36824350133923,10:13:44.350,62.6900,20
36829952821163,10:13:49.952,62.6950,25
36835036934564,10:13:55.036,62.6900,20
36835036934564,10:13:55.036,62.6900,20
36841219931980,10:14:01.219,62.6900,100
36841220323962,10:14:01.220,62.6900,100
36841220352844,10:14:01.220,62.6900,217
36841220370579,10:14:01.220,62.6900,200
36841220390410,10:14:01.220,62.6900,83
36841221303415,10:14:01.221,62.6900,279
36841221344083,10:14:01.221,62.6900,38
36841289003392,10:14:01.289,62.6900,183
36841289003392,10:14:01.289,62.6900,100
36841300296998,10:14:01.300,62.6900,283
36841300296998,10:14:01.300,62.6900,25
36841300296998,10:14:01.300,62.6900,100
36841300296998,10:14:01.300,62.6900,100
36841300837051,10:14:01.300,62.6900,100
36841300837051,10:14:01.300,62.6900,200
36841300837051,10:14:01.300,62.6900,100
36851745597288,10:14:11.745,62.6900,500
36859218401219,10:14:19.218,62.6900,100
36859218401219,10:14:19.218,62.6900,100
36859218401219,10:14:19.218,62.6900,100
36859218763410,10:14:19.218,62.6900,91
36859218813815,10:14:19.218,62.6900,320
36859218916406,10:14:19.218,62.6900,89
36859218916406,10:14:19.218,62.6900,231
36859219037755,10:14:19.219,62.6900,100
36859232029786,10:14:19.232,62.6900,200
36859232029786,10:14:19.232,62.6900,400
36859232029786,10:14:19.232,62.6900,25
36859232029786,10:14:19.232,62.6900,200
36859232029786,10:14:19.232,62.6900,200
36865329875815,10:14:25.329,62.6800,36
36865329887539,10:14:25.329,62.6800,64
36865329887539,10:14:25.329,62.6800,20
36865329887539,10:14:25.329,62.6800,20
36868102701417,10:14:28.102,62.6800,100
36868102701417,10:14:28.102,62.6800,100
36870681546526,10:14:30.681,62.6800,20
36870681546526,10:14:30.681,62.6800,20
36875722729014,10:14:35.722,62.6800,100
36878633258259,10:14:38.633,62.6800,20
36878633258259,10:14:38.633,62.6800,20
36878633258259,10:14:38.633,62.6800,100
36882294866730,10:14:42.294,62.6800,100
36884089176613,10:14:44.089,62.6900,300
36884089176613,10:14:44.089,62.6900,100
36884089176613,10:14:44.089,62.6900,100
36890183824517,10:14:50.183,62.6900,20
36890183824517,10:14:50.183,62.6900,20
36893057934055,10:14:53.057,62.6900,100
36893224010762,10:14:53.224,62.6900,100
36895797321499,10:14:55.797,62.6900,100
36900265303925,10:15:00.265,62.7000,100
36901750110516,10:15:01.750,62.7000,20
36901750110516,10:15:01.750,62.7000,20
36903177505297,10:15:03.177,62.6950,28
36905361574763,10:15:05.361,62.6900,20
36905361574763,10:15:05.361,62.6900,20
36911310169240,10:15:11.310,62.6800,20
36911310169240,10:15:11.310,62.6800,20
36920150491430,10:15:20.150,62.6800,20
36920150491430,10:15:20.150,62.6800,20
36923177156944,10:15:23.177,62.6800,20
36923177156944,10:15:23.177,62.6800,20
36923618803100,10:15:23.618,62.6800,300
36926028841649,10:15:26.028,62.6800,20
36926028841649,10:15:26.028,62.6800,20
36935957382689,10:15:35.957,62.6700,641
36935957415396,10:15:35.957,62.6700,254
36935957437629,10:15:35.957,62.6700,400
36935957450137,10:15:35.957,62.6700,100
36935957456058,10:15:35.957,62.6700,1104
36935957480833,10:15:35.957,62.6700,300
36935957486773,10:15:35.957,62.6700,100
36935957490127,10:15:35.957,62.6700,1
36935957490127,10:15:35.957,62.6700,20
36935957490127,10:15:35.957,62.6700,20
36941037853801,10:15:41.037,62.6700,100
36941037853801,10:15:41.037,62.6700,100
36941524681161,10:15:41.524,62.6800,100
36958326038056,10:15:58.326,62.6800,20
36958326038056,10:15:58.326,62.6800,20
36958326038056,10:15:58.326,62.6800,2
36964082219821,10:16:04.082,62.6900,200
36964082219821,10:16:04.082,62.6900,54
36964082285705,10:16:04.082,62.6900,46
36964730445329,10:16:04.730,62.6900,69
36975015777319,10:16:15.015,62.6900,300
36979339103672,10:16:19.339,62.6800,20
36979339103672,10:16:19.339,62.6800,20
36979339103672,10:16:19.339,62.6800,20
36979348120919,10:16:19.348,62.6800,100
36979348120919,10:16:19.348,62.6800,200
36979348120919,10:16:19.348,62.6800,100
36979348120919,10:16:19.348,62.6800,300
36980605020086,10:16:20.605,62.6800,300
