timestamp,time,price,volume
34200044372537,09:30:00.044,90.0300,2320
34237056185218,09:30:37.056,90.0000,18
34252042419450,09:30:52.042,90.0000,20
34252042419450,09:30:52.042,90.0000,200
34252042683555,09:30:52.042,90.0000,73
34252042708787,09:30:52.042,90.0000,27
34252042916700,09:30:52.042,89.9500,100
34252048262818,09:30:52.048,90.0000,21
34252050234040,09:30:52.050,89.9900,100
34252050234040,09:30:52.050,90.0000,100
34252050234040,09:30:52.050,90.0000,1356
34252050321134,09:30:52.050,90.0000,100
34252069467831,09:30:52.069,89.9900,27
34252118983987,09:30:52.118,89.9600,100
34252120377546,09:30:52.120,89.9500,100
34252120404610,09:30:52.120,89.9500,100
34252120404610,09:30:52.120,89.9500,100
34252120404610,09:30:52.120,89.9500,100
34252120836630,09:30:52.120,89.9500,100
34252120936111,09:30:52.120,89.8900,13
34252121330571,09:30:52.121,89.9000,100
34252481159071,09:30:52.481,90.0000,100
34252481220301,09:30:52.481,90.0000,100
34252481234702,09:30:52.481,90.0000,100
34252481257881,09:30:52.481,90.0000,100
34252481261966,09:30:52.481,90.0000,100
34252481263671,09:30:52.481,90.0000,100
34252481340888,09:30:52.481,90.0000,100
34252931586683,09:30:52.931,90.0000,100
34252931586683,09:30:52.931,90.0000,300
34252931701790,09:30:52.931,90.0000,100
34252931729762,09:30:52.931,90.0000,100
34253542903300,09:30:53.542,90.0000,100
34253542999962,09:30:53.542,90.0000,100
34253543092777,09:30:53.543,90.0000,100
34253798479392,09:30:53.798,90.0000,100
34253798479392,09:30:53.798,90.0000,900
34253798666270,09:30:53.798,90.0000,100
34392789648982,09:33:12.789,90.0000,100
34392789648982,09:33:12.789,90.0000,100
34392789736177,09:33:12.789,90.0000,100
34392789738637,09:33:12.789,90.0000,100
34392789765216,09:33:12.789,90.0000,100
34392789806640,09:33:12.789,90.0000,100
34392789908126,09:33:12.789,90.0100,100
34392789908126,09:33:12.789,90.0000,100
34392789988474,09:33:12.789,90.0000,100
34392815384685,09:33:12.815,89.8300,100
34444043819829,09:34:04.043,90.0000,16
34449471123232,09:34:09.471,90.0000,47
34460043987483,09:34:20.043,90.0000,37
34460043987483,09:34:20.043,90.0000,4
34501092937514,09:35:01.092,90.0000,96
34501092937514,09:35:01.092,90.0000,100
34501093030133,09:35:01.093,90.0000,3
34501093030133,09:35:01.093,90.0100,97
34501093060904,09:35:01.093,90.0100,3
34521425923631,09:35:21.425,89.9300,1
34556129688212,09:35:56.129,89.8900,100
34560305516032,09:36:00.305,89.8900,100
34560305516032,09:36:00.305,89.8800,100
34560305542036,09:36:00.305,89.8800,100
34560305636591,09:36:00.305,89.9000,10
34560305692756,09:36:00.305,89.9200,1
34560306029545,09:36:00.306,89.8900,3
34562549312318,09:36:02.549,90.0000,100
34562549378194,09:36:02.549,90.0000,135
34562549407404,09:36:02.549,90.0000,100
34573003144745,09:36:13.003,89.8900,4
34603382012879,09:36:43.382,89.8900,100
34603382731321,09:36:43.382,89.8900,100
34627449126971,09:37:07.449,89.8300,100
34627449126971,09:37:07.449,89.8300,100
34627449126971,09:37:07.449,89.8300,100
34627449126971,09:37:07.449,89.8300,100
34627449126971,09:37:07.449,89.8300,100
34671297294276,09:37:51.297,89.7600,1
34761299496199,09:39:21.299,89.8400,1
34911342669886,09:41:51.342,89.8400,100
34911342669886,09:41:51.342,89.8300,100
34920587733136,09:42:00.587,89.7700,46
35033921470973,09:43:53.921,89.7800,46
35049021495380,09:44:09.021,89.7700,46
35049021526236,09:44:09.021,89.7600,100
35049021807822,09:44:09.021,89.7600,100
35049021856030,09:44:09.021,89.7600,100
35049022126573,09:44:09.022,89.7600,100
35049022689486,09:44:09.022,89.7600,25
35049022822982,09:44:09.022,89.7700,20
35049022822982,09:44:09.022,89.8200,80
35049023458121,09:44:09.023,89.8100,100
35049023550258,09:44:09.023,89.8100,65
35049023612343,09:44:09.023,89.8300,100
35049026217651,09:44:09.026,89.8300,100
35106275935756,09:45:06.275,89.8900,100
35106275935756,09:45:06.275,89.8900,100
35106276037062,09:45:06.276,89.8900,100
35106276166882,09:45:06.276,89.9000,6
35260072526722,09:47:40.072,89.9500,7
35260072611283,09:47:40.072,89.9500,100
35262313696002,09:47:42.313,90.0000,3
35262315696297,09:47:42.315,90.0000,3
35290005251983,09:48:10.005,89.8800,100
35290007345959,09:48:10.007,89.8500,100
35290007648356,09:48:10.007,89.8500,100
35290007678117,09:48:10.007,89.8500,100
35290007955815,09:48:10.007,89.8500,100
35290008229142,09:48:10.008,89.8500,100
35290008229142,09:48:10.008,89.8000,100
35290008229142,09:48:10.008,89.8000,100
35290008465376,09:48:10.008,89.8000,100
35290979786754,09:48:10.979,89.8200,100
35291992980584,09:48:11.992,89.8100,100
35291992980584,09:48:11.992,89.8100,100
35291992980584,09:48:11.992,89.8000,100
35291995024126,09:48:11.995,89.7800,100
35293397282158,09:48:13.397,89.7200,100
35307563202126,09:48:27.563,89.7200,100
35316339579048,09:48:36.339,89.7200,100
35395524428875,09:49:55.524,89.7000,100
35648534845857,09:54:08.534,89.8400,100
35648536184753,09:54:08.536,89.8800,52
35648547523132,09:54:08.547,89.8800,48
35648549617342,09:54:08.549,89.8400,100
35860578482631,09:57:40.578,89.9700,100
35860578482631,09:57:40.578,89.9700,100
35860580077493,09:57:40.580,89.9700,100
35860644592818,09:57:40.644,89.9300,100
35860648111997,09:57:40.648,90.0050,100
35886025907325,09:58:06.025,90.0150,100
35896654614873,09:58:16.654,90.0150,100
35906024539138,09:58:26.024,90.0150,100
35917034210812,09:58:37.034,90.0150,94
35940143100688,09:59:00.143,90.0400,200
35945396033629,09:59:05.396,90.0100,100
35954329527884,09:59:14.329,90.0100,5
35957394357697,09:59:17.394,90.0100,95
35966395684492,09:59:26.395,90.0100,105
35969814807120,09:59:29.814,89.9600,100
35969814807120,09:59:29.814,89.9600,100
35971738770775,09:59:31.738,89.9200,90
35971738795387,09:59:31.738,89.9200,10
35971739515780,09:59:31.739,89.9000,100
35971740522497,09:59:31.740,89.9200,100
35980728454436,09:59:40.728,89.9100,100
35987488037843,09:59:47.488,89.9200,29
35999176811451,09:59:59.176,89.9700,12
36013254818281,10:00:13.254,89.9300,10
36013254818281,10:00:13.254,89.9300,100
36013254818281,10:00:13.254,89.9300,90
36013254844479,10:00:13.254,89.9300,10
36014121978803,10:00:14.121,89.8800,5
36014121978803,10:00:14.121,89.8800,200
36014121978803,10:00:14.121,89.8800,95
36014122005375,10:00:14.122,89.8800,5
36016037260020,10:00:16.037,89.8300,100
36016037955553,10:00:16.037,89.8200,100
36016037955553,10:00:16.037,89.8200,100
36016038010231,10:00:16.038,89.8100,100
36016040669367,10:00:16.040,89.7900,100
36016041183556,10:00:16.041,89.7500,47
36016041187884,10:00:16.041,89.7500,53
36038208488714,10:00:38.208,89.8500,8
36099161151766,10:01:39.161,90.0050,1
36100600021491,10:01:40.600,89.9900,100
36102786023219,10:01:42.786,89.9900,100
36112291513681,10:01:52.291,90.0000,2
36113355008060,10:01:53.355,90.0000,1
36142512820859,10:02:22.512,90.0000,94
36237313036392,10:03:57.313,90.0000,6
36252903406664,10:04:12.903,90.0000,91
36252903406664,10:04:12.903,90.0400,9
36262276407780,10:04:22.276,89.9600,51
36262310814432,10:04:22.310,90.0400,6
36262310982593,10:04:22.310,90.0550,30
36262311232975,10:04:22.311,90.0550,30
36262311396754,10:04:22.311,90.0550,10
36262331249004,10:04:22.331,90.0400,30
36264897164156,10:04:24.897,90.0300,100
36265021458621,10:04:25.021,89.9600,44
36265021458621,10:04:25.021,89.9600,56
36265021485012,10:04:25.021,89.9600,33
36280899316637,10:04:40.899,89.8700,100
36315583606537,10:05:15.583,89.9000,100
36316334198540,10:05:16.334,89.8100,6
36333629203392,10:05:33.629,89.8200,7
36344476816065,10:05:44.476,89.8100,100
36344476842018,10:05:44.476,89.8100,100
36344476880969,10:05:44.476,89.8300,10
36368566946759,10:06:08.566,89.8500,100
36387544598208,10:06:27.544,89.8600,6
36425090430338,10:07:05.090,89.9800,100
36425090430338,10:07:05.090,89.9800,100
36425090803528,10:07:05.090,89.9900,100
36431091046075,10:07:11.091,89.9200,100
36431091123516,10:07:11.091,89.9200,100
36569716880547,10:09:29.716,89.9600,1
36602722269264,10:10:02.722,89.9700,100
36711613339887,10:11:51.613,89.9700,100
36711613339887,10:11:51.613,89.9700,6
36711613339887,10:11:51.613,89.9700,94
36711613369156,10:11:51.613,89.9700,6
36729361076463,10:12:09.361,89.9800,6
36736956848042,10:12:16.956,89.8800,3
36848978122151,10:14:08.978,89.9900,100
36856047285178,10:14:16.047,89.9900,6
36957019027164,10:15:57.019,89.9700,1
36997861441756,10:16:37.861,89.9800,6
37034961224808,10:17:14.961,89.9900,100
37088330281324,10:18:08.330,89.9800,50
37099771013885,10:18:19.771,89.9200,100
37099771046667,10:18:19.771,89.9300,5
37099771046667,10:18:19.771,89.9200,1
37099771336095,10:18:19.771,89.9200,5
37099772521515,10:18:19.772,89.9200,100
37099772856508,10:18:19.772,89.9600,100
37182828984566,10:19:42.828,90.0000,43
37182829014853,10:19:42.829,90.0000,57
37182829014853,10:19:42.829,90.0000,42
37182829014853,10:19:42.829,90.0000,6
37182829016843,10:19:42.829,90.0000,105
37182829021097,10:19:42.829,90.0000,105
37182829023751,10:19:42.829,90.0000,148
37182829042656,10:19:42.829,90.0000,105
37182829299668,10:19:42.829,90.0000,100
37182829589711,10:19:42.829,90.0000,100
37182829625042,10:19:42.829,90.0000,100
37182831790133,10:19:42.831,89.9900,97
37182844618346,10:19:42.844,90.0000,100
37182844618346,10:19:42.844,90.0000,100
37182864137272,10:19:42.864,90.0000,100
37182866761659,10:19:42.866,90.0000,100
37182869335516,10:19:42.869,90.0000,100
37182881039712,10:19:42.881,90.0000,100
37183025795028,10:19:43.025,89.9900,100
37183025795028,10:19:43.025,89.9900,100
37183025870545,10:19:43.025,89.9900,69
37183606360641,10:19:43.606,89.9900,50
37183845278448,10:19:43.845,89.9900,50
37183845278448,10:19:43.845,89.9900,50
37193540011234,10:19:53.540,89.9600,62
37194186289106,10:19:54.186,89.9600,100
37194186289106,10:19:54.186,89.9600,100
37194188596374,10:19:54.188,89.9300,17
37194188596374,10:19:54.188,89.9300,100
37194189650810,10:19:54.189,89.9300,100
37194191335174,10:19:54.191,89.9300,29
37194845082197,10:19:54.845,89.9500,100
37194845082197,10:19:54.845,89.9500,78
37195039758882,10:19:55.039,89.9300,100
37196507822521,10:19:56.507,89.9400,29
37196507964136,10:19:56.507,89.9500,100
37196507987777,10:19:56.507,89.9500,100
37196508418771,10:19:56.508,89.9600,100
37196645159765,10:19:56.645,89.9800,100
37196645211931,10:19:56.645,89.9800,100
37228733138368,10:20:28.733,89.9900,6
37228733468625,10:20:28.733,90.0000,100
37228733468625,10:20:28.733,90.0000,5
37228733468625,10:20:28.733,90.0000,10
37228733468625,10:20:28.733,90.0000,100
37228733469772,10:20:28.733,90.0000,215
37228734601437,10:20:28.734,90.0000,100
37228734601437,10:20:28.734,90.0000,700
37228734726430,10:20:28.734,90.0000,100
37228846143522,10:20:28.846,90.0000,100
37229398735770,10:20:29.398,90.0000,100
37229398735770,10:20:29.398,90.0000,100
37229817775186,10:20:29.817,89.9900,100
37229843144455,10:20:29.843,89.9800,100
37243812622938,10:20:43.812,89.9800,10
37243812622938,10:20:43.812,89.9800,100
37243812622938,10:20:43.812,89.9800,100
37243813945098,10:20:43.813,89.9700,100
37243813970425,10:20:43.813,89.9700,100
37243814003445,10:20:43.814,89.9700,100
37243815057521,10:20:43.815,89.9600,100
37243815638523,10:20:43.815,89.9600,100
37243815638523,10:20:43.815,89.9600,62
37243817015357,10:20:43.817,89.9500,100
37269586782480,10:21:09.586,89.9400,100
37269632330192,10:21:09.632,89.9400,100
37269632633942,10:21:09.632,89.9400,100
37340400244105,10:22:20.400,89.9100,100
37340400440020,10:22:20.400,89.9100,100
37340400560626,10:22:20.400,89.9000,100
37466346704611,10:24:26.346,89.9600,3
37466374922187,10:24:26.374,89.9600,100
37517234775924,10:25:17.234,89.9700,100
37517234775924,10:25:17.234,89.9700,5
37543341038727,10:25:43.341,90.0000,100
37543341040923,10:25:43.341,90.0000,100
37543404461405,10:25:43.404,90.0000,100
37543404533726,10:25:43.404,90.0000,100
37543404962928,10:25:43.404,90.0000,100
37543458284421,10:25:43.458,90.0000,100
37543928008055,10:25:43.928,90.0000,100
37550235167405,10:25:50.235,90.0000,1
37566983668824,10:26:06.983,89.9700,100
37566983668824,10:26:06.983,89.9600,100
37566983668824,10:26:06.983,89.9600,100
37566983668824,10:26:06.983,89.9500,100
37566983668824,10:26:06.983,89.9500,100
37566983668824,10:26:06.983,89.9500,100
37566984209064,10:26:06.984,89.9400,100
37566984209064,10:26:06.984,89.9400,28
37566984239639,10:26:06.984,89.9400,72
37566984239639,10:26:06.984,89.9400,100
37566984334847,10:26:06.984,89.9700,100
37566999969641,10:26:06.999,89.9500,100
37567000001571,10:26:07.000,89.9400,100
37567000112349,10:26:07.000,89.9400,29
37567000400312,10:26:07.000,89.9400,6
37567000433042,10:26:07.000,89.9400,22
37567000433042,10:26:07.000,89.9400,7
37567000455632,10:26:07.000,89.9400,21
37567107195398,10:26:07.107,89.9900,72
37567107409413,10:26:07.107,89.9900,28
37567107409413,10:26:07.107,89.9900,72
37567107437138,10:26:07.107,89.9900,128
37567107918715,10:26:07.107,90.0000,99
37567107918715,10:26:07.107,90.0000,100
37567109333592,10:26:07.109,90.0000,100
37572346628311,10:26:12.346,89.9900,5
37572346660612,10:26:12.346,90.0000,1
37588196735745,10:26:28.196,89.9900,100
37659101453322,10:27:39.101,89.9700,100
37672594292759,10:27:52.594,90.0000,100
37672594292759,10:27:52.594,90.0000,100
37672594293515,10:27:52.594,90.0000,200
37725722338495,10:28:45.722,90.0000,99
37736829428281,10:28:56.829,90.0000,1
37736829428281,10:28:56.829,90.0000,4
37767400617057,10:29:27.400,89.9900,1
37832816223708,10:30:32.816,89.9500,100
37832816536853,10:30:32.816,89.9500,100
37832817626509,10:30:32.817,89.9600,2
37832817687979,10:30:32.817,90.0000,100
37832817712134,10:30:32.817,90.0000,100
37832891958067,10:30:32.891,90.0000,5
37832891958067,10:30:32.891,90.0000,95
37832909661950,10:30:32.909,90.0000,5
37832909661950,10:30:32.909,90.0000,95
37840045249489,10:30:40.045,89.9900,100
37840045252153,10:30:40.045,89.9700,100
37861180375139,10:31:01.180,89.9900,21
37923389233047,10:32:03.389,89.9600,100
37923389351469,10:32:03.389,89.9600,100
37923393114038,10:32:03.393,89.9600,100
37923969024948,10:32:03.969,89.9500,100
37923969024948,10:32:03.969,89.9500,100
37923969126320,10:32:03.969,89.9400,100
37923969178411,10:32:03.969,89.9500,20
37923969219922,10:32:03.969,89.9500,8
37923969270808,10:32:03.969,89.9500,12
37924358429923,10:32:04.358,89.9500,8
37924358454494,10:32:04.358,89.9500,12
37928391362292,10:32:08.391,89.9000,28
37928391421132,10:32:08.391,89.9000,28
37935359031845,10:32:15.359,89.9000,44
37935359031845,10:32:15.359,89.8900,28
37955385652462,10:32:35.385,89.8700,100
37955386959035,10:32:35.386,89.8600,2
38041477584230,10:34:01.477,89.8300,100
38041477702990,10:34:01.477,89.8300,100
38041477759606,10:34:01.477,89.8300,16
38106946926219,10:35:06.946,89.8900,100
38106947163421,10:35:06.947,89.8900,3
38106947163421,10:35:06.947,89.8900,23
38160035910275,10:36:00.035,89.9200,71
38160035910275,10:36:00.035,89.9200,28
38160036002346,10:36:00.036,89.9200,72
38160392773008,10:36:00.392,89.9500,6
38172134734908,10:36:12.134,89.9500,4
38180233239791,10:36:20.233,90.0000,100
38212586046019,10:36:52.586,90.0000,40
38309212758911,10:38:29.212,89.9900,5
38310397205755,10:38:30.397,90.0000,60
38310397205755,10:38:30.397,90.0000,100
38329114708755,10:38:49.114,90.0000,100
38329114875726,10:38:49.114,90.0000,100
38329115067282,10:38:49.115,90.0000,100
38329493989445,10:38:49.493,90.0000,4
38342141846786,10:39:02.141,90.0000,96
38342141846786,10:39:02.141,90.0000,4
38342144237946,10:39:02.144,90.0000,96
38342144237946,10:39:02.144,90.0000,4
38342144299145,10:39:02.144,90.0000,96
38342146322614,10:39:02.146,90.0000,100
38342470153250,10:39:02.470,90.0000,100
38342470408174,10:39:02.470,90.0000,100
38342471483799,10:39:02.471,90.0000,100
38343001208826,10:39:03.001,90.0000,100
38343002261907,10:39:03.002,90.0000,100
38343002261907,10:39:03.002,90.0000,1100
38343002263360,10:39:03.002,90.0000,100
38343003689536,10:39:03.003,90.0000,2
38344605593580,10:39:04.605,90.0500,20
38349023648600,10:39:09.023,90.0000,100
38349023648600,10:39:09.023,90.0000,100
38375153542159,10:39:35.153,90.0000,100
38375156233497,10:39:35.156,90.0000,24
38375156690738,10:39:35.156,90.0000,24
38377734596667,10:39:37.734,89.9900,100
38452041929958,10:40:52.041,89.9900,100
38459042425686,10:40:59.042,90.0000,20
38459042451565,10:40:59.042,90.0000,80
38459042695530,10:40:59.042,90.0000,5
38459042705286,10:40:59.042,90.0000,95
38459042705286,10:40:59.042,90.0000,5
38462484303309,10:41:02.484,90.0000,2
38464676005807,10:41:04.676,89.9900,100
38464676005807,10:41:04.676,89.9900,100
38464706500051,10:41:04.706,89.9800,100
38464706531230,10:41:04.706,89.9800,100
38464706531230,10:41:04.706,89.9800,100
38464706637880,10:41:04.706,89.9800,100
38464706697884,10:41:04.706,89.9700,100
38464708133489,10:41:04.708,89.9900,27
38464708569374,10:41:04.708,90.0000,98
38464708569374,10:41:04.708,90.0000,2
38464738556674,10:41:04.738,90.0000,2
38464738556674,10:41:04.738,90.0000,100
38464738593485,10:41:04.738,90.0000,102
38464739213329,10:41:04.739,90.0000,100
38474740977439,10:41:14.740,89.9900,100
38474741005985,10:41:14.741,89.9900,100
38474741055425,10:41:14.741,89.9900,100
38474741105822,10:41:14.741,89.9900,6
38474772097857,10:41:14.772,89.9900,94
38474772097857,10:41:14.772,89.9900,100
38657469852500,10:44:17.469,90.0000,100
38657469852500,10:44:17.469,90.0000,100
38657469882711,10:44:17.469,90.0000,4
38657469909519,10:44:17.469,90.0100,100
38658298833672,10:44:18.298,90.0500,100
38726816859417,10:45:26.816,90.0900,300
38737417395734,10:45:37.417,90.0900,100
38782934605027,10:46:22.934,90.0700,100
38782934605027,10:46:22.934,90.0700,100
38782991017538,10:46:22.991,90.1300,100
38782991017538,10:46:22.991,90.1300,4
38782992846564,10:46:22.992,90.1400,100
38782993028243,10:46:22.993,90.1400,100
39017415115581,10:50:17.415,90.2200,5
39117007762752,10:51:57.007,90.2300,27
39152024226457,10:52:32.024,90.2300,30
39170866902321,10:52:50.866,90.1700,100
39170867172810,10:52:50.867,90.1600,100
39170867264314,10:52:50.867,90.1600,29
39170867264314,10:52:50.867,90.1600,136
39199431127566,10:53:19.431,90.2100,5
39221730458405,10:53:41.730,90.1850,100
39221731979034,10:53:41.731,90.2200,100
39266881333903,10:54:26.881,90.2200,100
39275899484205,10:54:35.899,90.2200,100
39275899511102,10:54:35.899,90.2200,5
39275900066986,10:54:35.900,90.2300,100
39315934232832,10:55:15.934,90.2400,94
39315934257483,10:55:15.934,90.2400,108
39315934257483,10:55:15.934,90.2400,100
39365934846020,10:56:05.934,90.3400,20
39458648303599,10:57:38.648,90.3300,200
39458649464330,10:57:38.649,90.3400,100
39458650219593,10:57:38.650,90.3500,100
39458650715629,10:57:38.650,90.3500,5
39484871976096,10:58:04.871,90.4100,4
39599879771051,10:59:59.879,90.3200,100
39600612487104,11:00:00.612,90.4000,100
39663464038827,11:01:03.464,90.4100,18
39663465113531,11:01:03.465,90.4100,18
39663466290891,11:01:03.466,90.4100,18
39663467873006,11:01:03.467,90.4100,18
39663468463415,11:01:03.468,90.4100,18
39663468746355,11:01:03.468,90.4100,10
39663468746355,11:01:03.468,90.4100,6
39663468746355,11:01:03.468,90.4200,84
39663472642888,11:01:03.472,90.4200,16
39667484487568,11:01:07.484,90.5400,100
39735225572306,11:02:15.225,90.6000,100
39735225801806,11:02:15.225,90.6000,7
39736773818491,11:02:16.773,90.5700,10
39736773894504,11:02:16.773,90.5700,6
39736773894504,11:02:16.773,90.5700,4
39736774065631,11:02:16.774,90.5600,10
39736774200712,11:02:16.774,90.5500,100
39736774350166,11:02:16.774,90.5500,10
39736776113012,11:02:16.776,90.5500,15
39736776113012,11:02:16.776,90.5500,20
39736779601846,11:02:16.779,90.5300,51
39736779663232,11:02:16.779,90.5300,100
39753884906473,11:02:33.884,90.5900,100
39771063420344,11:02:51.063,90.6000,13
39864431421004,11:04:24.431,90.6000,5
39910958537167,11:05:10.958,90.5200,200
39910958537167,11:05:10.958,90.5100,100
39910958537167,11:05:10.958,90.5100,43
39910958593547,11:05:10.958,90.5100,100
39910958593547,11:05:10.958,90.5100,100
39910958776280,11:05:10.958,90.5100,100
39910958776280,11:05:10.958,90.5100,100
39910960846130,11:05:10.960,90.5000,100
39910960882693,11:05:10.960,90.5000,15
39910960895360,11:05:10.960,90.5000,100
40020697182275,11:07:00.697,90.4700,100
40020697182275,11:07:00.697,90.4700,100
40037445046161,11:07:17.445,90.4400,100
40189512014140,11:09:49.512,90.4200,14
40225521389797,11:10:25.521,90.4200,86
40225671046462,11:10:25.671,90.4400,100
40225671046462,11:10:25.671,90.4400,7
40225672199955,11:10:25.672,90.4400,100
40342327561116,11:12:22.327,90.4400,100
40342327561116,11:12:22.327,90.4400,100
40342327561116,11:12:22.327,90.4400,100
40342327614497,11:12:22.327,90.4400,100
40342328280084,11:12:22.328,90.4300,8
40342328333422,11:12:22.328,90.4300,92
40342328333422,11:12:22.328,90.4300,38
40342328346810,11:12:22.328,90.4300,62
40342328346810,11:12:22.328,90.4300,38
40342328364974,11:12:22.328,90.4300,62
40342328372583,11:12:22.328,90.4300,100
40342329045306,11:12:22.329,90.4100,13
40342329130981,11:12:22.329,90.4100,87
40342329164456,11:12:22.329,90.4000,13
40342329179725,11:12:22.329,90.4000,87
40342764722564,11:12:22.764,90.3800,28
40342764722564,11:12:22.764,90.3800,100
40342765114036,11:12:22.765,90.4000,100
40342765115255,11:12:22.765,90.4000,100
40378077073954,11:12:58.077,90.3500,100
40378077073954,11:12:58.077,90.3300,100
40378077073954,11:12:58.077,90.3300,100
40378077073954,11:12:58.077,90.3300,100
40378077292611,11:12:58.077,90.3300,100
40378077377634,11:12:58.077,90.3100,100
40382077031302,11:13:02.077,90.3500,100
40387619588036,11:13:07.619,90.3100,100
40387619588036,11:13:07.619,90.3100,100
40387619588036,11:13:07.619,90.3000,100
40387619588036,11:13:07.619,90.3000,100
40387619588036,11:13:07.619,90.3000,100
40387619588036,11:13:07.619,90.2900,100
40414302060880,11:13:34.302,90.2700,28
40436441260766,11:13:56.441,90.2800,7
40436441260766,11:13:56.441,90.2800,93
40436441524447,11:13:56.441,90.2800,7
40642259598779,11:17:22.259,90.3100,100
40642259598779,11:17:22.259,90.3100,7
40645374784776,11:17:25.374,90.3400,12
40660302399658,11:17:40.302,90.2800,100
40676136046581,11:17:56.136,90.3400,34
40740000335585,11:19:00.000,90.3400,17
40740000424009,11:19:00.000,90.3400,11
40740000489979,11:19:00.000,90.3400,8
40740000596385,11:19:00.000,90.3400,5
40740000834399,11:19:00.000,90.3400,13
40740000936240,11:19:00.000,90.3200,30
40740000994970,11:19:00.000,90.3100,30
40740001039811,11:19:00.001,90.3100,100
40740001582623,11:19:00.001,90.3000,100
40740001628054,11:19:00.001,90.2900,100
40740017765848,11:19:00.017,90.2900,100
40740017765848,11:19:00.017,90.2800,100
40740017790308,11:19:00.017,90.2800,100
40740018461247,11:19:00.018,90.2800,80
40740018461247,11:19:00.018,90.2800,20
40740018510673,11:19:00.018,90.2800,7
40740018713062,11:19:00.018,90.2800,9
40740018713062,11:19:00.018,90.2800,8
40740018763508,11:19:00.018,90.2800,28
40740030482040,11:19:00.030,90.2900,64
40750307408229,11:19:10.307,90.3100,3
40750307476348,11:19:10.307,90.3100,2
40752450689772,11:19:12.450,90.2500,100
40801403120824,11:20:01.403,90.1800,100
40801403120824,11:20:01.403,90.1800,100
40872148163222,11:21:12.148,90.0900,100
40872148211503,11:21:12.148,90.0900,100
40872148212106,11:21:12.148,90.0900,100
40872148234451,11:21:12.148,90.0900,100
40872148491506,11:21:12.148,90.0900,100
40872467515227,11:21:12.467,90.0700,100
40872558373851,11:21:12.558,90.1000,100
40925355104942,11:22:05.355,90.0700,100
40930189437830,11:22:10.189,90.0200,100
40961626988238,11:22:41.626,90.0400,100
41028086862661,11:23:48.086,90.0800,6
41028086901571,11:23:48.086,90.0900,100
41028086913657,11:23:48.086,90.1000,100
41261029527824,11:27:41.029,90.0900,21
41373291539949,11:29:33.291,90.0900,200
41373291539949,11:29:33.291,90.0900,200
41373292605474,11:29:33.292,90.0800,100
41373292605474,11:29:33.292,90.0800,100
41373292605474,11:29:33.292,90.0800,100
41373292605474,11:29:33.292,90.0800,100
41373292634866,11:29:33.292,90.0800,200
41373292975357,11:29:33.292,90.0800,100
41373293143519,11:29:33.293,90.0700,100
41373293673019,11:29:33.293,90.0700,100
41401514967824,11:30:01.514,90.0400,100
41401514967824,11:30:01.514,90.0400,100
41492196700954,11:31:32.196,90.0600,55
41492196711307,11:31:32.196,90.0600,45
41492196711307,11:31:32.196,90.0600,14
41492196717697,11:31:32.196,90.0600,59
41492196741867,11:31:32.196,90.0600,27
41514582845811,11:31:54.582,90.0700,6
41580088439014,11:33:00.088,90.1200,100
41635363642559,11:33:55.363,90.1300,6
41655873873881,11:34:15.873,90.1600,1
41726504279101,11:35:26.504,90.1000,30
41726510270231,11:35:26.510,90.0800,100
41726510654758,11:35:26.510,90.0800,9
41726510675768,11:35:26.510,90.0800,12
41726511029152,11:35:26.511,90.0800,21
41726906964312,11:35:26.906,90.0600,100
41726906987071,11:35:26.906,90.0600,52
41726907024091,11:35:26.907,90.0600,100
41729908577200,11:35:29.908,90.0500,100
41729908577200,11:35:29.908,90.0400,100
41729908602483,11:35:29.908,90.0600,100
41749136888481,11:35:49.136,90.0400,2
41788340260050,11:36:28.340,90.0400,100
41854744926433,11:37:34.744,90.0100,100
41900728462535,11:38:20.728,89.9900,100
41900728462535,11:38:20.728,89.9900,100
41900728462535,11:38:20.728,89.9900,5
42075223117773,11:41:15.223,90.0800,6
42075223117773,11:41:15.223,90.0800,94
42089014362020,11:41:29.014,90.0900,10
42160735991368,11:42:40.735,90.1400,6
42230371903730,11:43:50.371,90.2000,10
42231022483346,11:43:51.022,90.2400,20
42282504901950,11:44:42.504,90.1800,101
42282505294486,11:44:42.505,90.1800,57
42282897323605,11:44:42.897,90.1700,100
42323339005659,11:45:23.339,90.2150,100
42323677623885,11:45:23.677,90.2700,5
42569808754878,11:49:29.808,90.2900,9
42569808754878,11:49:29.808,90.2900,5
42569808754878,11:49:29.808,90.2900,6
42583714246781,11:49:43.714,90.2700,100
42583716867139,11:49:43.716,90.2600,92
42583716892647,11:49:43.716,90.2600,8
42583716892647,11:49:43.716,90.2600,100
42583717049625,11:49:43.717,90.2700,100
42678690551700,11:51:18.690,90.2900,1
42755180544726,11:52:35.180,90.2500,300
42755180544726,11:52:35.180,90.2400,100
42755180544726,11:52:35.180,90.2300,11
42755180547935,11:52:35.180,90.2300,100
42755180547935,11:52:35.180,90.2300,100
42755180547935,11:52:35.180,90.2300,100
42755180547935,11:52:35.180,90.2300,100
42755180547935,11:52:35.180,90.2300,11
42755180582767,11:52:35.180,90.2300,8
42755180595494,11:52:35.180,90.2300,181
42755180595494,11:52:35.180,90.2300,100
42755575265312,11:52:35.575,90.1900,100
42755575487425,11:52:35.575,90.1800,100
42755575513066,11:52:35.575,90.1800,100
42920710528522,11:55:20.710,90.2100,6
42920710528522,11:55:20.710,90.2100,100
42920710528522,11:55:20.710,90.2100,100
42920710528522,11:55:20.710,90.2100,100
42920710528522,11:55:20.710,90.2100,16
42920720483748,11:55:20.720,90.2200,100
42920720483748,11:55:20.720,90.2200,100
42920720578841,11:55:20.720,90.2400,90
42920730624796,11:55:20.730,90.2400,10
42920730624796,11:55:20.730,90.2500,100
42920741300063,11:55:20.741,90.2600,90
42921223135760,11:55:21.223,90.2600,10
42921223135760,11:55:21.223,90.2600,100
42921223135760,11:55:21.223,90.2600,11
42921233278908,11:55:21.233,90.3000,100
42921243448078,11:55:21.243,90.3000,100
42921243448078,11:55:21.243,90.3100,100
42921253587586,11:55:21.253,90.3300,124
43035175028426,11:57:15.175,90.3200,7
43036076091336,11:57:16.076,90.3400,100
43036076122201,11:57:16.076,90.3500,100
43081874462024,11:58:01.874,90.2300,100
43081874494989,11:58:01.874,90.2200,21
43081874711301,11:58:01.874,90.2100,21
43083859015362,11:58:03.859,90.2500,100
43200596551897,12:00:00.596,90.2600,6
43204746502179,12:00:04.746,90.2700,100
43246054993509,12:00:46.054,90.2100,100
43246055129518,12:00:46.055,90.2100,55
43246055145427,12:00:46.055,90.2100,45
43246055465894,12:00:46.055,90.2100,30
43254760930416,12:00:54.760,90.2000,6
43549762848841,12:05:49.762,90.3100,3
43581851885330,12:06:21.851,90.2300,100
43581882553277,12:06:21.882,90.2200,100
43658159843414,12:07:38.159,90.2600,6
43744149722245,12:09:04.149,90.2800,18
43744149748488,12:09:04.149,90.2800,82
43744149748488,12:09:04.149,90.2800,6
43744149748488,12:09:04.149,90.2800,18
43744151652432,12:09:04.151,90.2800,22
43744151759525,12:09:04.151,90.2800,60
43747546400626,12:09:07.546,90.3200,1
43801254554583,12:10:01.254,90.2600,200
43861349797394,12:11:01.349,90.2800,100
43930020485253,12:12:10.020,90.3200,5
43930021011020,12:12:10.021,90.2800,28
43986700872033,12:13:06.700,90.3000,18
44013387973517,12:13:33.387,90.3300,100
44040844012410,12:14:00.844,90.3300,10
44040844012410,12:14:00.844,90.3300,10
44045537994780,12:14:05.537,90.3300,1
44083418996562,12:14:43.418,90.2800,11
44083419048705,12:14:43.419,90.2800,71
44083419336697,12:14:43.419,90.2800,18
44083419336697,12:14:43.419,90.2700,74
44083419336697,12:14:43.419,90.2700,100
44083419336697,12:14:43.419,90.2700,82
44083419413408,12:14:43.419,90.2700,18
44085899238154,12:14:45.899,90.2600,100
44167323887412,12:16:07.323,90.3000,5
44167323887412,12:16:07.323,90.3000,20
44298253698611,12:18:18.253,90.3700,100
44298253698611,12:18:18.253,90.3700,100
44298253698611,12:18:18.253,90.3700,5
44298253741706,12:18:18.253,90.3700,100
44298254137987,12:18:18.254,90.3800,100
44363693171165,12:19:23.693,90.4200,100
44403755117585,12:20:03.755,90.4000,100
44403755117585,12:20:03.755,90.3900,100
44403755117585,12:20:03.755,90.3900,10
44403755411354,12:20:03.755,90.3900,100
44403756106341,12:20:03.756,90.3900,100
44403786021389,12:20:03.786,90.3900,200
44403786087279,12:20:03.786,90.3800,83
44403786617381,12:20:03.786,90.3800,17
44403786617381,12:20:03.786,90.3800,35
44405123764313,12:20:05.123,90.3800,65
44405124481548,12:20:05.124,90.3800,100
44432114638442,12:20:32.114,90.4200,5
44470220259859,12:21:10.220,90.3800,100
44470220259859,12:21:10.220,90.3800,7
44470220647059,12:21:10.220,90.3800,100
44470220647059,12:21:10.220,90.3700,7
44529472082546,12:22:09.472,90.4200,100
44529472107749,12:22:09.472,90.4200,5
44529473036253,12:22:09.473,90.4300,5
44541038705920,12:22:21.038,90.4500,4
44541038731480,12:22:21.038,90.4500,96
44541038731480,12:22:21.038,90.4500,100
44541038797833,12:22:21.038,90.4500,100
44541038797833,12:22:21.038,90.4500,96
44541038821021,12:22:21.038,90.4500,4
44541039010958,12:22:21.039,90.4500,96
44541039010958,12:22:21.039,90.4500,4
44568637570311,12:22:48.637,90.4100,100
44587948633008,12:23:07.948,90.3800,100
44587948741951,12:23:07.948,90.3800,20
44587948783827,12:23:07.948,90.3800,20
44587948789366,12:23:07.948,90.3800,60
44587948789366,12:23:07.948,90.3800,20
44589267479781,12:23:09.267,90.3800,80
44589267569473,12:23:09.267,90.3700,20
44589268202857,12:23:09.268,90.3700,234
44717234072664,12:25:17.234,90.3600,24
44717234072664,12:25:17.234,90.3600,54
44717234171572,12:25:17.234,90.3600,46
44717234171572,12:25:17.234,90.3600,10
44717234171572,12:25:17.234,90.3600,100
44717234171572,12:25:17.234,90.3600,54
44717234648589,12:25:17.234,90.3600,46
44717236007777,12:25:17.236,90.3500,10
44717236007777,12:25:17.236,90.3500,100
44717236007777,12:25:17.236,90.3500,100
44717236007777,12:25:17.236,90.3500,90
44717236076411,12:25:17.236,90.3500,10
44717264438076,12:25:17.264,90.3500,100
44717264438076,12:25:17.264,90.3400,10
44717266842048,12:25:17.266,90.3600,100
44718905985583,12:25:18.905,90.3700,100
44816537651420,12:26:56.537,90.3400,69
44852922844310,12:27:32.922,90.3700,100
44873748535667,12:27:53.748,90.3400,21
44873748535667,12:27:53.748,90.3400,100
44873748536609,12:27:53.748,90.3400,100
44873748670097,12:27:53.748,90.3300,10
44873750276643,12:27:53.750,90.3300,20
44873752611312,12:27:53.752,90.3300,35
44873753140204,12:27:53.753,90.3300,35
44873753170883,12:27:53.753,90.3300,100
44873753183935,12:27:53.753,90.3200,10
44874114600347,12:27:54.114,90.3000,10
44874114678284,12:27:54.114,90.2900,4
44874114701192,12:27:54.114,90.2900,6
44977411053146,12:29:37.411,90.3200,4
44977411116891,12:29:37.411,90.3300,100
44977411248702,12:29:37.411,90.3300,100
44982853410459,12:29:42.853,90.3500,100
44982856689299,12:29:42.856,90.3500,5
44987415046528,12:29:47.415,90.3100,4
44987445550907,12:29:47.445,90.2800,5
45012325024532,12:30:12.325,90.3100,100
45026675018884,12:30:26.675,90.3300,4
45234925329716,12:33:54.925,90.3400,4
45234925329716,12:33:54.925,90.3400,100
45234954322000,12:33:54.954,90.3200,25
45234954322000,12:33:54.954,90.3200,101
45234954322000,12:33:54.954,90.3200,100
45234984479060,12:33:54.984,90.3100,12
45280660019708,12:34:40.660,90.3200,100
45371232245235,12:36:11.232,90.2800,40
45424047978261,12:37:04.047,90.3300,100
45495193096417,12:38:15.193,90.2800,100
45495223512347,12:38:15.223,90.2800,25
45495223640747,12:38:15.223,90.2800,25
45684708164078,12:41:24.708,90.2800,210
45694651529814,12:41:34.651,90.2700,10
45694651529814,12:41:34.651,90.2700,100
45694651529814,12:41:34.651,90.2700,100
45694651589449,12:41:34.651,90.2700,100
45694651589449,12:41:34.651,90.2700,35
45694651598827,12:41:34.651,90.2700,165
45694651782659,12:41:34.651,90.2600,1
45694651782659,12:41:34.651,90.2600,100
45694651782659,12:41:34.651,90.2600,100
45694651782659,12:41:34.651,90.2600,9
45694651782659,12:41:34.651,90.2600,100
45694652121128,12:41:34.652,90.2600,100
45694652121128,12:41:34.652,90.2600,8
45694652146327,12:41:34.652,90.2600,17
45694652196784,12:41:34.652,90.2600,20
45712035382101,12:41:52.035,90.2600,29
45721560092696,12:42:01.560,90.2600,5
45800942105194,12:43:20.942,90.2900,4
45800942105194,12:43:20.942,90.2900,96
45800942137065,12:43:20.942,90.2900,4
45861990018722,12:44:21.990,90.2700,54
45861990018722,12:44:21.990,90.2700,2
45880851653383,12:44:40.851,90.2600,100
45880852858490,12:44:40.852,90.2500,100
45880852884968,12:44:40.852,90.2500,100
45880852884968,12:44:40.852,90.2500,100
45880853671096,12:44:40.853,90.2400,10
45880853671096,12:44:40.853,90.2400,10
45880853698963,12:44:40.853,90.2400,100
45880885802287,12:44:40.885,90.2400,100
45880996360042,12:44:40.996,90.2400,100
45881064891972,12:44:41.064,90.2300,10
45881064891972,12:44:41.064,90.2300,100
45881064891972,12:44:41.064,90.2300,100
45881065131123,12:44:41.065,90.2200,1
45881068588099,12:44:41.068,90.2100,2
45881068588099,12:44:41.068,90.2100,8
45973349267897,12:46:13.349,90.2000,10
45973349267897,12:46:13.349,90.2000,55
45973350655679,12:46:13.350,90.1900,10
45973351599025,12:46:13.351,90.1900,12
45973351624973,12:46:13.351,90.1900,8
45973676233944,12:46:13.676,90.1800,2
45977928216147,12:46:17.928,90.1800,26
46048158782228,12:47:28.158,90.2200,100
46048159013590,12:47:28.159,90.2200,100
46130427887961,12:48:50.427,90.2500,1
46213349293640,12:50:13.349,90.1800,100
46272818758187,12:51:12.818,90.1600,10
46272818758187,12:51:12.818,90.1600,10
46495225273073,12:54:55.225,90.2200,18
46530608760189,12:55:30.608,90.1700,30
46530608760189,12:55:30.608,90.1700,25
46530608760189,12:55:30.608,90.1700,75
46530608844281,12:55:30.608,90.1700,90
46530609086726,12:55:30.609,90.1700,25
46530609127582,12:55:30.609,90.1700,10
46530609467150,12:55:30.609,90.1600,1
46530609467150,12:55:30.609,90.1600,100
46530609467150,12:55:30.609,90.1600,99
46530609519515,12:55:30.609,90.1600,1
46530609570226,12:55:30.609,90.1500,5
46530609570226,12:55:30.609,90.1500,5
46530613080647,12:55:30.613,90.1400,10
46530613080647,12:55:30.613,90.1400,10
46530613670602,12:55:30.613,90.1300,10
46530613670602,12:55:30.613,90.1300,100
46530613670602,12:55:30.613,90.1300,100
46530613670602,12:55:30.613,90.1300,100
46530613670602,12:55:30.613,90.1300,100
46530615841130,12:55:30.615,90.1100,1
46530615841130,12:55:30.615,90.1100,9
46530616751581,12:55:30.616,90.1000,5
46530616751581,12:55:30.616,90.1000,5
46531517737441,12:55:31.517,90.1000,10
46531517787033,12:55:31.517,90.1000,10
46540544991424,12:55:40.544,90.1000,80
46540544991424,12:55:40.544,90.0900,10
46541029794798,12:55:41.029,90.0800,1
46541029896740,12:55:41.029,90.0700,10
46563361421441,12:56:03.361,90.0900,76
46575755434820,12:56:15.755,90.0500,10
46575755434820,12:56:15.755,90.0500,10
46575755434820,12:56:15.755,90.0500,1
46575755503237,12:56:15.755,90.0500,11
46724537711365,12:58:44.537,90.0800,100
46724537711365,12:58:44.537,90.0800,3
46724537711365,12:58:44.537,90.0800,53
46731379021166,12:58:51.379,90.0900,49
46731379041224,12:58:51.379,90.0900,51
46731379047578,12:58:51.379,90.0900,24
46731379047578,12:58:51.379,90.0900,5
46731379047578,12:58:51.379,90.0900,11
46731379050930,12:58:51.379,90.0900,91
46784304489206,12:59:44.304,90.0600,100
46784304489206,12:59:44.304,90.0600,10
46784306426494,12:59:44.306,90.0500,2
46784306426494,12:59:44.306,90.0500,1
46784306953182,12:59:44.306,90.0500,20
46784306953182,12:59:44.306,90.0500,20
46784307347268,12:59:44.307,90.0500,20
46881093955012,13:01:21.093,90.0800,100
46896757139942,13:01:36.757,90.0900,100
46896757197189,13:01:36.757,90.0900,100
46896757222298,13:01:36.757,90.0900,100
46896757222298,13:01:36.757,90.0900,2
46896757248655,13:01:36.757,90.0900,100
46896757249997,13:01:36.757,90.0900,100
46896757275909,13:01:36.757,90.0900,100
46896757397934,13:01:36.757,90.0900,100
46896759158922,13:01:36.759,90.0900,100
46896759214274,13:01:36.759,90.0900,15
46985378335782,13:03:05.378,90.1600,11
46985378634206,13:03:05.378,90.1600,5
46985382630922,13:03:05.382,90.1700,3
46985382630922,13:03:05.382,90.1700,19
47028260759754,13:03:48.260,90.1100,31
47028260759754,13:03:48.260,90.1100,6
47028260759754,13:03:48.260,90.1100,100
47028260759754,13:03:48.260,90.1100,63
47028260863752,13:03:48.260,90.1100,37
47028260863752,13:03:48.260,90.1100,100
47028261244998,13:03:48.261,90.1100,70
47029191900953,13:03:49.191,90.0900,10
47029191900953,13:03:49.191,90.0900,50
47059519675945,13:04:19.519,90.1100,22
47064225260755,13:04:24.225,90.1200,2
47064225260755,13:04:24.225,90.1200,20
47072144040071,13:04:32.144,90.1300,11
47072144158739,13:04:32.144,90.1300,11
47079953528824,13:04:39.953,90.1300,11
47079953560479,13:04:39.953,90.1300,5
47079953619059,13:04:39.953,90.1300,6
47079954992056,13:04:39.954,90.1300,22
47116755191728,13:05:16.755,90.1300,34
47116755191728,13:05:16.755,90.1300,18
47116881638347,13:05:16.881,90.1400,100
47116883141589,13:05:16.883,90.1400,100
47116883166084,13:05:16.883,90.1400,100
47186951227094,13:06:26.951,90.1300,200
47186951227094,13:06:26.951,90.1100,100
47186951227094,13:06:26.951,90.1100,100
47186951227094,13:06:26.951,90.1100,16
47186951330430,13:06:26.951,90.1100,25
47186951330430,13:06:26.951,90.1100,90
47186951361315,13:06:26.951,90.1100,85
47309016411488,13:08:29.016,90.1200,3
47336331520965,13:08:56.331,90.1200,1
47427658719794,13:10:27.658,90.0800,5
47427658719794,13:10:27.658,90.0800,10
47427658719794,13:10:27.658,90.0800,100
47427658719794,13:10:27.658,90.0800,50
47530598309733,13:12:10.598,90.0700,10
47530598775719,13:12:10.598,90.0500,100
47530598775719,13:12:10.598,90.0500,20
47530601007174,13:12:10.601,90.0400,10
47574958140848,13:12:54.958,90.0700,100
47574958171182,13:12:54.958,90.0800,64
47574958489182,13:12:54.958,90.0800,36
47574958489182,13:12:54.958,90.0800,100
47595030329917,13:13:15.030,90.0500,123
47666385763847,13:14:26.385,90.1000,25
47776563923055,13:16:16.563,90.0500,100
47776563923055,13:16:16.563,90.0400,200
47776564283329,13:16:16.564,90.0400,96
47777281251194,13:16:17.281,90.0300,10
47777281251194,13:16:17.281,90.0300,100
47777281251194,13:16:17.281,90.0300,100
47777281251194,13:16:17.281,90.0300,90
47779581063377,13:16:19.581,90.0300,100
48045848826981,13:20:45.848,90.0200,10
48045848826981,13:20:45.848,90.0200,10
48045848974571,13:20:45.848,90.0100,2
48045848974571,13:20:45.848,90.0100,8
48045848974571,13:20:45.848,90.0100,100
48045848974571,13:20:45.848,90.0100,10
48045848974571,13:20:45.848,90.0100,100
48045848974571,13:20:45.848,90.0100,26
48045848974571,13:20:45.848,90.0100,100
48045849318135,13:20:45.849,90.0100,100
48045853210641,13:20:45.853,90.0000,10
48045853210641,13:20:45.853,90.0000,10
48045879385902,13:20:45.879,89.9700,5
48045879385902,13:20:45.879,89.9700,5
48045879385902,13:20:45.879,89.9700,28
48045879385902,13:20:45.879,89.9700,100
48045879385902,13:20:45.879,89.9700,100
48046006536495,13:20:46.006,89.9700,100
48046007017422,13:20:46.007,89.9500,10
48046007017422,13:20:46.007,89.9500,10
48046314566768,13:20:46.314,89.9400,10
48046314566768,13:20:46.314,89.9400,10
48046314875657,13:20:46.314,89.9300,10
48126175162797,13:22:06.175,89.9900,100
48126175233122,13:22:06.175,89.9900,4
48126175685303,13:22:06.175,90.0000,40
48126175685303,13:22:06.175,90.0000,60
48126175710418,13:22:06.175,90.0000,40
48126176809436,13:22:06.176,90.0000,100
48126177895997,13:22:06.177,90.0300,100
48126177958171,13:22:06.177,90.0300,100
48143848253532,13:22:23.848,89.9800,1
48178039301740,13:22:58.039,89.9500,10
48178039301740,13:22:58.039,89.9500,10
48178040784362,13:22:58.040,90.0100,100
48178040845615,13:22:58.040,90.0100,100
48178041249925,13:22:58.041,90.0200,100
48178041501532,13:22:58.041,90.0200,100
48181889530590,13:23:01.889,89.9800,100
48181908426858,13:23:01.908,90.0100,16
48181908451003,13:23:01.908,90.0100,84
48189128792151,13:23:09.128,89.9900,100
48189128792151,13:23:09.128,89.9900,11
48189841873949,13:23:09.841,89.9800,15
48192455610723,13:23:12.455,89.9800,100
48192456342820,13:23:12.456,89.9800,100
48192458404601,13:23:12.458,89.9800,100
48193129115887,13:23:13.129,89.9800,100
48194053922495,13:23:14.053,89.9800,100
48202913873650,13:23:22.913,89.9800,100
48238217216373,13:23:58.217,90.0200,88
48272074651255,13:24:32.074,90.0200,4
48272074681364,13:24:32.074,90.0300,100
48272076491825,13:24:32.076,90.0300,100
48427236309812,13:27:07.236,89.9900,100
48427236309812,13:27:07.236,89.9900,100
48427236309812,13:27:07.236,89.9900,2
48427239436429,13:27:07.239,90.0100,100
48427239495516,13:27:07.239,90.0200,30
48548460477169,13:29:08.460,90.0500,1
48571622353115,13:29:31.622,90.0500,99
48571622353115,13:29:31.622,90.0500,100
48571622353115,13:29:31.622,90.0500,85
48571622355764,13:29:31.622,90.0500,15
48571622355764,13:29:31.622,90.0500,4
48571652894080,13:29:31.652,90.0900,100
48571652944324,13:29:31.652,90.0900,100
48573053910515,13:29:33.053,90.0800,100
48575602346090,13:29:35.602,90.0500,100
48598543180474,13:29:58.543,90.0300,1
48598543213529,13:29:58.543,90.0300,100
48598543287765,13:29:58.543,90.0300,1
48599031193259,13:29:59.031,90.0100,10
48599031193259,13:29:59.031,90.0100,28
48614903487720,13:30:14.903,89.9900,100
48614903487720,13:30:14.903,89.9900,100
48614903487720,13:30:14.903,89.9900,10
48614903554959,13:30:14.903,89.9900,28
48639382298048,13:30:39.382,90.0500,4
48639382331034,13:30:39.382,90.0500,4
48690041532420,13:31:30.041,90.0300,4
49153532428127,13:39:13.532,90.0650,300
49153532428127,13:39:13.532,90.0400,100
49154306430994,13:39:14.306,90.0600,100
49154306862492,13:39:14.306,90.0500,100
49154338421897,13:39:14.338,90.0500,100
49199410411570,13:39:59.410,90.0900,4
49199410411570,13:39:59.410,90.0900,100
49199410411570,13:39:59.410,90.0900,100
49204252498408,13:40:04.252,90.1100,100
49204252498408,13:40:04.252,90.1100,100
49204252498408,13:40:04.252,90.1100,5
49204253049682,13:40:04.253,90.1100,100
49219189449158,13:40:19.189,90.1100,189
49219189449158,13:40:19.189,90.1100,11
49356099562511,13:42:36.099,90.1100,56
49356099562511,13:42:36.099,90.1100,16
49356099714984,13:42:36.099,90.1100,67
49356100623223,13:42:36.100,90.1100,100
49356100645871,13:42:36.100,90.1100,100
49571045361333,13:46:11.045,90.1600,100
49571045361333,13:46:11.045,90.1600,100
49571045363650,13:46:11.045,90.1600,5
49571045363650,13:46:11.045,90.1600,100
49571045363650,13:46:11.045,90.1600,100
49764619745151,13:49:24.619,90.2000,100
49764619870687,13:49:24.619,90.2000,5
49764619923292,13:49:24.619,90.2000,5
49764620382306,13:49:24.620,90.2000,5
49764620387733,13:49:24.620,90.2000,5
49764620389485,13:49:24.620,90.2000,5
49764620412056,13:49:24.620,90.2000,100
49764862450281,13:49:24.862,90.1900,5
49764862450281,13:49:24.862,90.1900,95
49764862693451,13:49:24.862,90.1900,100
49764862716997,13:49:24.862,90.1900,100
49764862875192,13:49:24.862,90.1900,5
49764862922019,13:49:24.862,90.1900,18
49764904918241,13:49:24.904,90.1900,77
49764904946959,13:49:24.904,90.1900,23
49765190838351,13:49:25.190,90.1900,5
49765190838351,13:49:25.190,90.1800,95
49765190917973,13:49:25.190,90.1800,5
49874486458575,13:51:14.486,90.2200,81
49874486465535,13:51:14.486,90.2200,19
49874486465535,13:51:14.486,90.2200,6
49874486469756,13:51:14.486,90.2200,100
49982756457477,13:53:02.756,90.2500,6
50009928761079,13:53:29.928,90.2700,100
50156098059185,13:55:56.098,90.2300,100
50156098477246,13:55:56.098,90.2200,12
50156098477246,13:55:56.098,90.2200,2
50156098643290,13:55:56.098,90.2200,98
50156103411188,13:55:56.103,90.2200,20
50156103799329,13:55:56.103,90.2200,29
50182428442101,13:56:22.428,90.2500,100
50197799492166,13:56:37.799,90.2500,5
50197799492166,13:56:37.799,90.2600,45
50197951298994,13:56:37.951,90.2300,58
50197951298994,13:56:37.951,90.2300,42
50197951451561,13:56:37.951,90.2200,100
50240728242395,13:57:20.728,90.2200,49
50286988533339,13:58:06.988,90.2600,50
50353905011396,13:59:13.905,90.2600,5
50400983315281,14:00:00.983,90.2400,73
50402688260955,14:00:02.688,90.2400,200
50402701856714,14:00:02.701,90.2300,3
50402737776189,14:00:02.737,90.2300,97
50402737776189,14:00:02.737,90.2300,3
50402737884067,14:00:02.737,90.2300,97
50402829791850,14:00:02.829,90.2800,100
50402829791850,14:00:02.829,90.2800,100
50403207895169,14:00:03.207,90.2800,100
50403353575675,14:00:03.353,90.2800,6
50413022055408,14:00:13.022,90.3450,100
50415510786401,14:00:15.510,90.3800,28
50415510809512,14:00:15.510,90.3800,69
50416144521363,14:00:16.144,90.3800,100
50417046969369,14:00:17.046,90.3800,100
50423334660784,14:00:23.334,90.3900,100
50423336926391,14:00:23.336,90.3700,69
50423336926391,14:00:23.336,90.3700,100
50423338555882,14:00:23.338,90.3700,100
50423339747926,14:00:23.339,90.3600,100
50423339896216,14:00:23.339,90.3500,100
50423340217685,14:00:23.340,90.3500,20
50423346185768,14:00:23.346,90.3700,100
50423896769218,14:00:23.896,90.3700,100
50446509508794,14:00:46.509,90.3600,100
50446528623205,14:00:46.528,90.3500,100
50446538699062,14:00:46.538,90.3400,100
50446539053720,14:00:46.539,90.3400,100
50446539163835,14:00:46.539,90.3300,56
50446539226125,14:00:46.539,90.3300,44
50446539226125,14:00:46.539,90.3300,12
50446539373017,14:00:46.539,90.3300,56
50446539473865,14:00:46.539,90.3300,32
50446539473865,14:00:46.539,90.3300,68
50446539509895,14:00:46.539,90.3300,32
50446898036899,14:00:46.898,90.3000,10
50449511499384,14:00:49.511,90.3400,100
50450117311769,14:00:50.117,90.3500,4
50534935209683,14:02:14.935,90.4000,27
50598857146974,14:03:18.857,90.4300,6
50599974898845,14:03:19.974,90.4500,96
50599974898845,14:03:19.974,90.4500,4
50599974975377,14:03:19.974,90.4500,34
50599975002546,14:03:19.975,90.4500,62
50599975002546,14:03:19.975,90.4500,38
50599975004262,14:03:19.975,90.4500,62
50599975004262,14:03:19.975,90.4500,38
50599975018382,14:03:19.975,90.4500,96
50599975359329,14:03:19.975,90.4500,100
50600200406431,14:03:20.200,90.4100,100
50600200406431,14:03:20.200,90.4100,100
50652649876203,14:04:12.649,90.4500,100
50652652800603,14:04:12.652,90.4500,4
50652652800603,14:04:12.652,90.4500,96
50714843799993,14:05:14.843,90.4500,4
50714843799993,14:05:14.843,90.4500,100
50714843809407,14:05:14.843,90.4500,104
50714843812950,14:05:14.843,90.4500,104
50714843862342,14:05:14.843,90.4500,100
50714843862342,14:05:14.843,90.4500,4
50714843884540,14:05:14.843,90.4500,100
50714843962603,14:05:14.843,90.4500,100
50722277393982,14:05:22.277,90.4500,100
50725947959216,14:05:25.947,90.4300,56
50725947959216,14:05:25.947,90.4300,23
50725948059861,14:05:25.948,90.4200,100
50725948137968,14:05:25.948,90.4200,40
50725948137968,14:05:25.948,90.4200,1
50725948137968,14:05:25.948,90.4200,100
50725948137968,14:05:25.948,90.4200,100
50725948645196,14:05:25.948,90.4100,16
50725948645196,14:05:25.948,90.4100,10
50736017699018,14:05:36.017,90.4100,2
50736017838091,14:05:36.017,90.4100,10
50759291114431,14:05:59.291,90.4100,100
50817580497108,14:06:57.580,90.4400,100
50817580524990,14:06:57.580,90.4400,2
50817580831047,14:06:57.580,90.4500,23
50818334327423,14:06:58.334,90.4500,77
50818334327423,14:06:58.334,90.4500,100
50818334375813,14:06:58.334,90.4500,177
50818334944849,14:06:58.334,90.4500,100
50818335019225,14:06:58.335,90.4500,100
50818335066277,14:06:58.335,90.4500,100
50860150075224,14:07:40.150,90.4100,2
50860150115801,14:07:40.150,90.4100,2
50860150443136,14:07:40.150,90.4100,2
50864960226723,14:07:44.960,90.4100,100
50874535617823,14:07:54.535,90.4000,1
50874535617823,14:07:54.535,90.4000,1
50874535720723,14:07:54.535,90.4000,100
50878899143731,14:07:58.899,90.4000,100
50878899191290,14:07:58.899,90.4000,100
50878906091674,14:07:58.906,90.4000,6
50883724089453,14:08:03.724,90.4300,100
50883726231762,14:08:03.726,90.4400,2
50885156726467,14:08:05.156,90.4500,100
50890608592941,14:08:10.608,90.4100,100
50890608592941,14:08:10.608,90.4000,93
50890608592941,14:08:10.608,90.3900,6
50890608592941,14:08:10.608,90.3900,1
50944465014240,14:09:04.465,90.4500,100
50981627952454,14:09:41.627,90.4300,100
50981628034183,14:09:41.628,90.4400,100
50981628175148,14:09:41.628,90.4100,30
50981628175148,14:09:41.628,90.4000,30
50999527088060,14:09:59.527,90.4300,30
51004982322773,14:10:04.982,90.4500,2
51004982322773,14:10:04.982,90.4500,100
51035080878102,14:10:35.080,90.4000,100
51035080878102,14:10:35.080,90.4000,1
51035080878102,14:10:35.080,90.4000,100
51035081265067,14:10:35.081,90.3900,45
51069638607228,14:11:09.638,90.4500,100
51081105111491,14:11:21.105,90.4500,100
51084606934117,14:11:24.606,90.4500,100
51084607070607,14:11:24.607,90.4500,100
51089120514199,14:11:29.120,90.4500,100
51089120677500,14:11:29.120,90.4500,100
51089120985815,14:11:29.120,90.4500,100
51089121196667,14:11:29.121,90.4500,100
51089121832827,14:11:29.121,90.4500,44
51089122091795,14:11:29.122,90.4500,56
51089123182736,14:11:29.123,90.4500,100
51090765011864,14:11:30.765,90.4400,100
51125080314794,14:12:05.080,90.4500,100
51131777214794,14:12:11.777,90.4500,100
51141899498740,14:12:21.899,90.4500,100
51141900427978,14:12:21.900,90.4500,100
51141943668235,14:12:21.943,90.4500,100
51142113938073,14:12:22.113,90.4500,100
51142785179273,14:12:22.785,90.4500,100
51152015322443,14:12:32.015,90.5300,100
51152015322443,14:12:32.015,90.5300,100
51152015322443,14:12:32.015,90.5300,100
51152015390347,14:12:32.015,90.5300,46
51152015634357,14:12:32.015,90.5300,54
51152018105305,14:12:32.018,90.5200,100
51153048544635,14:12:33.048,90.5500,100
51282296353087,14:14:42.296,90.7700,100
51282296353087,14:14:42.296,90.7700,67
51282296392297,14:14:42.296,90.7800,100
51300269463739,14:15:00.269,90.7700,16
51355515732768,14:15:55.515,90.8200,17
51359790981392,14:15:59.790,90.8900,100
51359790981392,14:15:59.790,90.8900,2
51361168218846,14:16:01.168,90.9000,3
51429664500252,14:17:09.664,90.9600,7
51485162719366,14:18:05.162,91.0350,100
51491424734711,14:18:11.424,90.9900,100
51491424734711,14:18:11.424,90.9800,100
51491424734711,14:18:11.424,90.9800,27
51491424734711,14:18:11.424,90.9800,30
51491424734711,14:18:11.424,90.9800,62
51491424858513,14:18:11.424,90.9800,100
51491426374941,14:18:11.426,90.9800,100
51491426588865,14:18:11.426,90.9800,100
51495104933560,14:18:15.104,90.9700,100
51504240754213,14:18:24.240,90.9400,2
51548779014002,14:19:08.779,90.9800,1
51548779014002,14:19:08.779,91.0000,8
51579442484454,14:19:39.442,91.0000,1
51623281837921,14:20:23.281,90.9700,10
51633814201401,14:20:33.814,90.9700,10
51633814201401,14:20:33.814,90.9500,90
51633814228321,14:20:33.814,90.9500,160
51633814674331,14:20:33.814,90.9400,100
51633814674331,14:20:33.814,90.9300,100
51633815073117,14:20:33.815,90.9300,100
51633815201363,14:20:33.815,90.9300,20
51633815201363,14:20:33.815,90.9300,180
51635662898669,14:20:35.662,90.9300,20
51635663513768,14:20:35.663,90.9300,120
51635663513768,14:20:35.663,90.9200,100
51635663513768,14:20:35.663,90.9200,80
51635664850019,14:20:35.664,90.9200,20
51635664850019,14:20:35.664,90.9200,100
51635665166057,14:20:35.665,90.9200,100
51635665166057,14:20:35.665,90.9200,20
51635666461871,14:20:35.666,90.9200,80
51635667623189,14:20:35.667,90.9200,20
51635667623189,14:20:35.667,90.9200,80
51635668226600,14:20:35.668,90.9200,20
51635668226600,14:20:35.668,90.9200,80
51635671275643,14:20:35.671,90.9200,100
51636885318859,14:20:36.885,90.8900,100
51636885318859,14:20:36.885,90.8900,100
51637165056175,14:20:37.165,90.8800,100
51637532318692,14:20:37.532,90.8800,100
51661244415497,14:21:01.244,90.9000,8
51661244415497,14:21:01.244,90.9000,5
51661244415497,14:21:01.244,90.9000,90
51661244428238,14:21:01.244,90.9000,10
51661244428238,14:21:01.244,90.9100,71
51661326787113,14:21:01.326,90.9100,29
51720601566929,14:22:00.601,90.9000,100
51790040798224,14:23:10.040,90.9700,14
51804288895842,14:23:24.288,90.9900,51
51808177077916,14:23:28.177,91.0100,6
51808177375759,14:23:28.177,91.0200,100
51808177833492,14:23:28.177,91.0200,100
51808177951649,14:23:28.177,91.0200,32
51808178089051,14:23:28.178,91.0200,2
51808207523495,14:23:28.207,91.0200,66
51808207523495,14:23:28.207,91.0200,34
51808285516883,14:23:28.285,91.0200,66
51808285516883,14:23:28.285,91.0200,34
51809630435236,14:23:29.630,91.0200,66
51809630435236,14:23:29.630,91.0200,100
51809630524027,14:23:29.630,91.0200,100
51809631228150,14:23:29.631,91.0200,100
51862625433840,14:24:22.625,91.0500,3
51862625459170,14:24:22.625,91.0500,57
51862626038670,14:24:22.626,91.0400,26
51862626128906,14:24:22.626,91.0300,26
51931330611813,14:25:31.330,91.1300,15
51971405975319,14:26:11.405,91.0800,100
51971407242808,14:26:11.407,91.0700,3
51971407425749,14:26:11.407,91.0700,27
51971420560882,14:26:11.420,91.0600,58
51971420592802,14:26:11.420,91.0600,42
51971420717942,14:26:11.420,91.0500,12
51971420762532,14:26:11.420,91.0500,88
51971420762532,14:26:11.420,91.0500,100
51971617952798,14:26:11.617,91.0400,100
51971618508447,14:26:11.618,91.0300,100
51971618596701,14:26:11.618,91.0300,100
51971619616779,14:26:11.619,91.0300,26
51972195033394,14:26:12.195,90.9600,100
51973250101229,14:26:13.250,91.0000,40
52043740820617,14:27:23.740,90.9100,100
52059064540099,14:27:39.064,90.8700,100
52134647683757,14:28:54.647,90.8800,44
52143597518268,14:29:03.597,90.8800,56
52143597518268,14:29:03.597,90.8800,5
52143597585093,14:29:03.597,90.8900,100
52164507042108,14:29:24.507,90.8700,24
52213883985481,14:30:13.883,90.9400,1
52396232835366,14:33:16.232,90.9000,6
52396233192569,14:33:16.233,90.9000,6
52396233494317,14:33:16.233,90.9000,6
52396233516085,14:33:16.233,90.9000,3
52396233516085,14:33:16.233,90.8900,3
52396233568150,14:33:16.233,90.8900,3
52396234119102,14:33:16.234,90.8800,10
52396235250058,14:33:16.235,90.8800,10
52396235313982,14:33:16.235,90.8700,76
52396235313982,14:33:16.235,90.8700,100
52396235313982,14:33:16.235,90.8700,1
52396235313982,14:33:16.235,90.8700,22
52396235362672,14:33:16.235,90.8800,25
52396235401639,14:33:16.235,90.8800,25
52435117860071,14:33:55.117,90.9300,140
52500546993690,14:35:00.546,90.9800,7
52500546993690,14:35:00.546,91.0200,12
52523761183918,14:35:23.761,91.0000,11
52523761211203,14:35:23.761,91.0000,11
52530777037956,14:35:30.777,91.0000,48
52541039165409,14:35:41.039,90.9400,65
52541039165409,14:35:41.039,90.9400,100
52541039165409,14:35:41.039,90.9400,100
52541039165409,14:35:41.039,90.9400,100
52565034594778,14:36:05.034,90.8900,100
52565034621177,14:36:05.034,90.8600,100
52566066475451,14:36:06.066,90.8500,100
52566066840621,14:36:06.066,90.8500,100
52582922299351,14:36:22.922,90.8300,1
52728236740906,14:38:48.236,90.9500,6
52728236740906,14:38:48.236,90.9500,65
52734922343949,14:38:54.922,90.9800,100
52749298869254,14:39:09.298,90.9500,100
52749298869254,14:39:09.298,90.9400,100
52749298869254,14:39:09.298,90.9400,8
52749298869254,14:39:09.298,90.9400,11
52749298961673,14:39:09.298,90.9400,61
52749300953108,14:39:09.300,90.9400,39
52749300953108,14:39:09.300,90.9400,61
52749406860912,14:39:09.406,90.9400,100
52756909096279,14:39:16.909,90.9100,45
52763069077488,14:39:23.069,90.9100,55
52787074070057,14:39:47.074,90.9400,100
52848137166792,14:40:48.137,90.9400,30
52941441114484,14:42:21.441,90.9600,89
52941441138873,14:42:21.441,90.9600,11
52941441138873,14:42:21.441,90.9600,8
52979662603195,14:42:59.662,90.9300,10
52979662603195,14:42:59.662,90.9300,100
52979662776939,14:42:59.662,90.9300,45
52979662780489,14:42:59.662,90.9300,21
52979662798661,14:42:59.662,90.9300,34
52995069637846,14:43:15.069,90.9100,74
52995069638741,14:43:15.069,90.9100,26
52995075171585,14:43:15.075,90.9000,100
52995075583401,14:43:15.075,90.9000,20
52995075923503,14:43:15.075,90.9000,80
52995076040656,14:43:15.076,90.9000,20
52995082451437,14:43:15.082,90.8900,6
52995082477253,14:43:15.082,90.8900,22
52995593949035,14:43:15.593,90.8800,100
52995593975769,14:43:15.593,90.8800,100
52995593975769,14:43:15.593,90.8800,100
52996101613364,14:43:16.101,90.8700,6
52996101770024,14:43:16.101,90.8700,19
52996114606534,14:43:16.114,90.8600,1
52996368866033,14:43:16.368,90.8600,1
53032017206415,14:43:52.017,90.8900,100
53164634007667,14:46:04.634,90.9500,2
53164634007667,14:46:04.634,90.9500,100
53164634007667,14:46:04.634,90.9500,100
53164634007667,14:46:04.634,90.9500,5
53184043884146,14:46:24.043,90.9200,10
53184043884146,14:46:24.043,90.9200,90
53221769955950,14:47:01.769,91.0300,7
53221769980967,14:47:01.769,91.0300,143
53223222132188,14:47:03.222,91.0800,100
53270319210912,14:47:50.319,91.1000,4
53287467788365,14:48:07.467,91.1300,6
53292040313396,14:48:12.040,91.1000,96
53292040313396,14:48:12.040,91.1000,12
53292040865065,14:48:12.040,91.1000,39
53292040895113,14:48:12.040,91.1000,61
53292041311329,14:48:12.041,91.0900,100
53292041458351,14:48:12.041,91.0900,80
53292041464902,14:48:12.041,91.0900,20
53292042670239,14:48:12.042,91.1000,100
53297227564570,14:48:17.227,91.1000,40
53300820421304,14:48:20.820,91.0900,100
53300820421304,14:48:20.820,91.0800,100
53300820421304,14:48:20.820,91.0800,95
53464246209175,14:51:04.246,91.0500,100
53464247571130,14:51:04.247,91.0300,100
53464247632489,14:51:04.247,91.0300,100
53470334746105,14:51:10.334,91.0300,20
53538013012186,14:52:18.013,91.1100,5
53538013012186,14:52:18.013,91.1200,80
53538013531873,14:52:18.013,91.1200,20
53555719786009,14:52:35.719,91.1700,100
53598465909296,14:53:18.465,91.2400,100
53634111630284,14:53:54.111,91.2300,37
53634111630284,14:53:54.111,91.2300,79
53634111718630,14:53:54.111,91.2300,116
53634111774851,14:53:54.111,91.2300,87
53634111782978,14:53:54.111,91.2300,18
53634111782978,14:53:54.111,91.2200,98
53634111995792,14:53:54.111,91.2200,2
53634111995792,14:53:54.111,91.2200,16
53634112159051,14:53:54.112,91.2200,18
53672764515618,14:54:32.764,91.1900,100
53804581191820,14:56:44.581,91.2500,5
53804581191820,14:56:44.581,91.2500,5
53804656201137,14:56:44.656,91.2400,100
53833013668496,14:57:13.013,91.2500,100
53833014972529,14:57:13.014,91.2400,100
53833014972529,14:57:13.014,91.2400,7
53833015017487,14:57:13.015,91.2400,100
53833209206266,14:57:13.209,91.2300,100
53859778032170,14:57:39.778,91.2500,16
53860068010008,14:57:40.068,91.2500,34
54022156081950,15:00:22.156,91.2700,100
54022156081950,15:00:22.156,91.2700,10
54022156081950,15:00:22.156,91.2700,1
54022156214393,15:00:22.156,91.2700,100
54022156214393,15:00:22.156,91.2700,111
54022156447779,15:00:22.156,91.2700,53
54022156472319,15:00:22.156,91.2700,47
54022156495374,15:00:22.156,91.2700,47
54022157595339,15:00:22.157,91.2900,100
54022560285753,15:00:22.560,91.3200,7
54022560285753,15:00:22.560,91.3300,33
54022560363704,15:00:22.560,91.2800,100
54022907272580,15:00:22.907,91.2900,100
54022907272580,15:00:22.907,91.2900,17
54022908244009,15:00:22.908,91.2900,100
54022910829164,15:00:22.910,91.2900,100
54024742755153,15:00:24.742,91.3200,100
54072218055195,15:01:12.218,91.3000,100
54072218055195,15:01:12.218,91.3000,39
54081643856040,15:01:21.643,91.2900,100
54081643968221,15:01:21.643,91.3100,30
54120802705820,15:02:00.802,91.2900,30
54120802705820,15:02:00.802,91.2900,100
54120802705820,15:02:00.802,91.2900,100
54122290752204,15:02:02.290,91.3200,9
54123162884370,15:02:03.162,91.2900,100
54123162884370,15:02:03.162,91.2900,35
54192767771341,15:03:12.767,91.2900,100
54192767771341,15:03:12.767,91.2900,100
54192998890061,15:03:12.998,91.2900,15
54192998901100,15:03:12.998,91.3000,90
54192998913683,15:03:12.998,91.2900,85
54192999211328,15:03:12.999,91.2900,100
54193063700126,15:03:13.063,91.3000,10
54196653512476,15:03:16.653,91.3000,100
54196653512476,15:03:16.653,91.3000,100
54196653636284,15:03:16.653,91.3000,28
54196654319528,15:03:16.654,91.3000,72
54196654319528,15:03:16.654,91.3000,28
54196654748525,15:03:16.654,91.3000,72
54196655060114,15:03:16.655,91.3000,100
54196655359981,15:03:16.655,91.3000,100
54200800328344,15:03:20.800,91.3000,100
54200800328344,15:03:20.800,91.3000,40
54200800328344,15:03:20.800,91.3000,60
54200800795652,15:03:20.800,91.3000,40
54200813738102,15:03:20.813,91.3000,100
54200859675710,15:03:20.859,91.3000,100
54201013097663,15:03:21.013,91.2900,100
54201013386115,15:03:21.013,91.2900,100
54206520318719,15:03:26.520,91.2900,100
54249476187987,15:04:09.476,91.2800,100
54249476281157,15:04:09.476,91.2700,100
54249476630303,15:04:09.476,91.2700,100
54249476996693,15:04:09.476,91.2700,40
54249477280259,15:04:09.477,91.2700,40
54249511401127,15:04:09.511,91.2700,100
54250675590439,15:04:10.675,91.2700,40
54251647643337,15:04:11.647,91.2700,10
54253746022478,15:04:13.746,91.2700,2
54256652945951,15:04:16.652,91.2700,11
54257289000669,15:04:17.289,91.2700,100
54258428865169,15:04:18.428,91.2700,37
54259403176278,15:04:19.403,91.2600,63
54270486204509,15:04:30.486,91.2400,100
54273054517881,15:04:33.054,91.2400,20
54273054517881,15:04:33.054,91.2400,10
54285987850507,15:04:45.987,91.2300,100
54285987850507,15:04:45.987,91.2300,2
54285988204198,15:04:45.988,91.2300,94
54285988228188,15:04:45.988,91.2300,6
54299631872453,15:04:59.631,91.2400,10
54299631872453,15:04:59.631,91.2400,100
54299631872453,15:04:59.631,91.2400,33
54306610445056,15:05:06.610,91.2400,100
54306636704096,15:05:06.636,91.2400,100
54306815270689,15:05:06.815,91.2400,100
54306949367608,15:05:06.949,91.2500,100
54309167570903,15:05:09.167,91.2200,5
54309167570903,15:05:09.167,91.2100,1
54309167570903,15:05:09.167,91.2100,95
54309170300796,15:05:09.170,91.2100,5
54309170300796,15:05:09.170,91.2100,20
54309172947546,15:05:09.172,91.2000,5
54317642613116,15:05:17.642,91.2000,100
54352710861682,15:05:52.710,91.1500,1
54358835560655,15:05:58.835,91.1300,1
54358835560655,15:05:58.835,91.1100,5
54383371249313,15:06:23.371,91.1500,6
54400076623173,15:06:40.076,91.1300,43
54452190486088,15:07:32.190,91.1300,44
54485687241831,15:08:05.687,91.1600,5
54485687241831,15:08:05.687,91.1600,100
54485687241831,15:08:05.687,91.1600,100
54485687241831,15:08:05.687,91.1600,85
54485687241831,15:08:05.687,91.1600,6
54491129047695,15:08:11.129,91.2100,100
54491130632626,15:08:11.130,91.2100,29
54491130632626,15:08:11.130,91.2100,29
54492749740171,15:08:12.749,91.2500,3
54492751186738,15:08:12.751,91.2500,22
54500964405244,15:08:20.964,91.1800,10
54500969030918,15:08:20.969,91.1800,1
54500969030918,15:08:20.969,91.1800,25
54521105515574,15:08:41.105,91.1900,100
54521105541708,15:08:41.105,91.1900,100
54522106954759,15:08:42.106,91.1900,100
54548943263797,15:09:08.943,91.1500,2
54549578437180,15:09:09.578,91.1500,98
54578494852238,15:09:38.494,91.1900,100
54578496508451,15:09:38.496,91.2000,100
54578497816557,15:09:38.497,91.2200,100
54578497816557,15:09:38.497,91.2200,100
54578497816557,15:09:38.497,91.2300,100
54578497816557,15:09:38.497,91.2300,100
54578501602855,15:09:38.501,91.2400,200
54578503690578,15:09:38.503,91.2600,76
54596216119027,15:09:56.216,91.2000,1
54625486027058,15:10:25.486,91.2000,99
54625486027058,15:10:25.486,91.2000,231
54625488957291,15:10:25.488,91.2000,69
54625488957291,15:10:25.488,91.1900,31
54625489019439,15:10:25.489,91.1900,69
54625489019439,15:10:25.489,91.1900,30
54625489019439,15:10:25.489,91.1900,1
54625489025731,15:10:25.489,91.1900,99
54625489025731,15:10:25.489,91.1900,1
54625489557718,15:10:25.489,91.1900,99
54625489557718,15:10:25.489,91.1900,1
54625489584807,15:10:25.489,91.1900,99
54627367509514,15:10:27.367,91.2500,40
54643481348530,15:10:43.481,91.1900,100
54643881644375,15:10:43.881,91.1800,100
54643976233563,15:10:43.976,91.1700,5
54643976233563,15:10:43.976,91.1700,95
54643976260706,15:10:43.976,91.1700,5
54644356137045,15:10:44.356,91.1600,100
54644356164127,15:10:44.356,91.1600,100
54644356164127,15:10:44.356,91.1600,100
54644356164127,15:10:44.356,91.1600,5
54644356164127,15:10:44.356,91.1600,100
54644356165751,15:10:44.356,91.1600,18
54644356194989,15:10:44.356,91.1600,182
54644356194989,15:10:44.356,91.1600,100
54645543560385,15:10:45.543,91.1400,5
54645543560385,15:10:45.543,91.1400,100
54645543675171,15:10:45.543,91.1400,5
54645544408165,15:10:45.544,91.1400,10
54645544502442,15:10:45.544,91.1400,10
54645949848847,15:10:45.949,91.1500,100
54646811074526,15:10:46.811,91.1500,9
54650492514780,15:10:50.492,91.1500,50
54656266905579,15:10:56.266,91.1600,100
54667194857312,15:11:07.194,91.1300,5
54667194857312,15:11:07.194,91.1300,45
54667198337283,15:11:07.198,91.1300,41
54714945172160,15:11:54.945,91.1400,100
54731336030962,15:12:11.336,91.1600,11
54731336030962,15:12:11.336,91.1600,89
54756725195116,15:12:36.725,91.1600,11
54756725195116,15:12:36.725,91.1600,10
54756725195116,15:12:36.725,91.1600,79
54767416862587,15:12:47.416,91.1600,21
54767417714867,15:12:47.417,91.1800,100
54767417714867,15:12:47.417,91.1800,5
54768360580999,15:12:48.360,91.1900,100
54780325295371,15:13:00.325,91.1700,100
54780325295371,15:13:00.325,91.1600,100
54780325295371,15:13:00.325,91.1600,100
54780326510663,15:13:00.326,91.1600,37
54780326510663,15:13:00.326,91.1600,20
54818631042272,15:13:38.631,91.2200,100
54867150966861,15:14:27.150,91.2200,1
54894218083081,15:14:54.218,91.2200,99
54894218083081,15:14:54.218,91.2200,1
54894218111940,15:14:54.218,91.2200,99
54894218111940,15:14:54.218,91.2200,41
54894218111940,15:14:54.218,91.2200,8
54920072007291,15:15:20.072,91.2700,50
54947520403401,15:15:47.520,91.2800,100
54947521597356,15:15:47.521,91.2800,1
54973835176923,15:16:13.835,91.3300,10
54982396933788,15:16:22.396,91.3200,100
54992842133939,15:16:32.842,91.2800,100
54992842133939,15:16:32.842,91.2800,100
54992842133939,15:16:32.842,91.2800,100
54992842992962,15:16:32.842,91.2800,30
55041050487449,15:17:21.050,91.2800,29
55041052828637,15:17:21.052,91.2800,90
55043820211055,15:17:23.820,91.2700,53
55057983886014,15:17:37.983,91.2700,1
55098645505781,15:18:18.645,91.2700,20
55098645581215,15:18:18.645,91.2600,100
55098645581215,15:18:18.645,91.2600,100
55098645581215,15:18:18.645,91.2600,23
55113479306538,15:18:33.479,91.2900,100
55128048268260,15:18:48.048,91.2900,30
55129253434408,15:18:49.253,91.3000,5
55136561421986,15:18:56.561,91.2900,100
55153491277913,15:19:13.491,91.2600,100
55153491277913,15:19:13.491,91.2600,100
55153491277913,15:19:13.491,91.2600,22
55153491857137,15:19:13.491,91.2600,12
55153493466280,15:19:13.493,91.2600,27
55180878943216,15:19:40.878,91.2800,14
55183424547254,15:19:43.424,91.3000,95
55183424547254,15:19:43.424,91.3000,5
55183424572496,15:19:43.424,91.3000,95
55183454666353,15:19:43.454,91.3300,200
55211645905055,15:20:11.645,91.3300,2
55212037139500,15:20:12.037,91.3800,55
55212037139500,15:20:12.037,91.3800,10
55271280171005,15:21:11.280,91.4000,10
55271280396752,15:21:11.280,91.4000,10
55274742143006,15:21:14.742,91.3900,100
55274766159499,15:21:14.766,91.3900,100
55287295822554,15:21:27.295,91.4000,54
55287295849594,15:21:27.295,91.4000,46
55287300219199,15:21:27.300,91.4100,100
55289166892656,15:21:29.166,91.4400,100
55329624896923,15:22:09.624,91.4100,200
55329624896923,15:22:09.624,91.4100,100
55329625719409,15:22:09.625,91.4000,100
55329625974757,15:22:09.625,91.4000,100
55329626116499,15:22:09.626,91.4000,20
55334523039607,15:22:14.523,91.3900,12
55334524157544,15:22:14.524,91.3900,46
55334525627463,15:22:14.525,91.3900,29
55334535906517,15:22:14.535,91.3900,25
55337597552475,15:22:17.597,91.4000,100
55337597650893,15:22:17.597,91.3900,100
55337597650893,15:22:17.597,91.3900,30
55337598299316,15:22:17.598,91.4000,30
55381931798235,15:23:01.931,91.4100,100
55381931997415,15:23:01.931,91.4100,17
55392185709212,15:23:12.185,91.3800,100
55392186405119,15:23:12.186,91.3800,1
55395200529203,15:23:15.200,91.3600,2
55395200588713,15:23:15.200,91.3600,24
55395662055288,15:23:15.662,91.3600,74
55454836176635,15:24:14.836,91.4000,100
55454836820449,15:24:14.836,91.4000,20
55541107235674,15:25:41.107,91.4300,200
55541108396418,15:25:41.108,91.4300,200
55543213345549,15:25:43.213,91.3800,100
55543213345549,15:25:43.213,91.3800,100
55543213445578,15:25:43.213,91.3800,100
55543213998853,15:25:43.213,91.3800,100
55556072176199,15:25:56.072,91.3800,100
55581788713619,15:26:21.788,91.3800,36
55581788738189,15:26:21.788,91.3800,64
55581789159614,15:26:21.789,91.3700,20
55655810601558,15:27:35.810,91.3600,40
55655810792569,15:27:35.810,91.3600,60
55655810792569,15:27:35.810,91.3600,100
55655810792569,15:27:35.810,91.3600,1
55659980677201,15:27:39.980,91.3400,100
55659980677201,15:27:39.980,91.3400,1
55659980677201,15:27:39.980,91.3400,100
55659980677201,15:27:39.980,91.3400,100
55659982791624,15:27:39.982,91.3300,2
55659982791624,15:27:39.982,91.3300,98
55659982816107,15:27:39.982,91.3300,2
55673200910916,15:27:53.200,91.3600,13
55673200910916,15:27:53.200,91.3600,87
55673200940771,15:27:53.200,91.3600,13
55673200940771,15:27:53.200,91.3600,70
55680888670494,15:28:00.888,91.3700,20
55680888670494,15:28:00.888,91.3700,80
55699128838072,15:28:19.128,91.3500,50
55699128838072,15:28:19.128,91.3500,100
55699129270709,15:28:19.129,91.3400,10
55699129626993,15:28:19.129,91.3400,100
55699129688762,15:28:19.129,91.3400,90
55706864910631,15:28:26.864,91.3300,100
55716666338362,15:28:36.666,91.3200,2
55716666338362,15:28:36.666,91.3200,100
55716666338362,15:28:36.666,91.3200,10
55716666338362,15:28:36.666,91.3200,100
55716667011096,15:28:36.667,91.3100,2
55719628677915,15:28:39.628,91.3100,37
55719628677915,15:28:39.628,91.3100,36
55764592886101,15:29:24.592,91.2800,2
55766802072263,15:29:26.802,91.2700,2
55766802072263,15:29:26.802,91.2700,10
55790563212967,15:29:50.563,91.2900,1
55795795520955,15:29:55.795,91.2500,2
55795795520955,15:29:55.795,91.2400,2
55804190449133,15:30:04.190,91.2200,5
55804191201180,15:30:04.191,91.2200,100
55808240959426,15:30:08.240,91.2200,24
55812764672487,15:30:12.764,91.2200,76
55824040522939,15:30:24.040,91.2000,2
55824040522939,15:30:24.040,91.2000,20
55824040547826,15:30:24.040,91.2000,80
55836596793651,15:30:36.596,91.2300,12
55836596793651,15:30:36.596,91.2400,88
55841310690451,15:30:41.310,91.2400,66
55841310690451,15:30:41.310,91.2400,4
55841310722580,15:30:41.310,91.2400,96
55848840516640,15:30:48.840,91.2600,68
55848841410779,15:30:48.841,91.2700,20
55849083738260,15:30:49.083,91.2700,100
55849083738260,15:30:49.083,91.2700,100
55853224562176,15:30:53.224,91.2700,37
55853224562176,15:30:53.224,91.2700,5
55933897986350,15:32:13.897,91.3000,100
55933897986350,15:32:13.897,91.2900,100
55933897986350,15:32:13.897,91.2900,100
55933897986350,15:32:13.897,91.2900,100
55933897986350,15:32:13.897,91.2900,200
55933898020312,15:32:13.898,91.2900,30
55933898090157,15:32:13.898,91.2900,44
55933898173110,15:32:13.898,91.2900,26
55933898173110,15:32:13.898,91.2900,44
55933898490093,15:32:13.898,91.2900,56
55934539413551,15:32:14.539,91.3400,6
55934539413551,15:32:14.539,91.3400,5
55934540213963,15:32:14.540,91.3400,100
55935539549214,15:32:15.539,91.3600,25
55941985578241,15:32:21.985,91.3500,20
55959538197762,15:32:39.538,91.3600,20
55959538974894,15:32:39.538,91.3900,20
55959539788937,15:32:39.539,91.4100,1
55959539788937,15:32:39.539,91.4100,59
55963539442950,15:32:43.539,91.4100,100
56024539362535,15:33:44.539,91.4400,16
56025538107004,15:33:45.538,91.4500,100
56025789243438,15:33:45.789,91.4600,100
56033267539178,15:33:53.267,91.4300,120
56033267539178,15:33:53.267,91.4300,200
56033267539178,15:33:53.267,91.4300,100
56033268340308,15:33:53.268,91.4300,100
56033539239609,15:33:53.539,91.4200,100
56033539239609,15:33:53.539,91.4300,99
56035619826019,15:33:55.619,91.4300,1
56035619826019,15:33:55.619,91.4300,40
56035619826019,15:33:55.619,91.4300,40
56035619826019,15:33:55.619,91.4300,19
56078539155760,15:34:38.539,91.4200,1
56092226000255,15:34:52.226,91.4000,90
56092226000255,15:34:52.226,91.4000,100
56092248111254,15:34:52.248,91.3900,100
56092248966963,15:34:52.248,91.3900,1
56092249068357,15:34:52.249,91.3900,38
56092268766363,15:34:52.268,91.3900,100
56092268766363,15:34:52.268,91.3800,100
56092268766363,15:34:52.268,91.3800,100
56092268766363,15:34:52.268,91.3800,100
56092268766363,15:34:52.268,91.3800,100
56092268766363,15:34:52.268,91.3800,52
56092506789550,15:34:52.506,91.4000,10
56094208808890,15:34:54.208,91.4100,100
56125502858258,15:35:25.502,91.4200,100
56133336905671,15:35:33.336,91.4200,82
56133347265423,15:35:33.347,91.4200,18
56133347265423,15:35:33.347,91.4200,31
56164454098993,15:36:04.454,91.4000,50
56164454098993,15:36:04.454,91.4000,84
56167112875820,15:36:07.112,91.3800,100
56167113647723,15:36:07.113,91.3800,20
56167113647723,15:36:07.113,91.3700,100
56167113647723,15:36:07.113,91.3700,80
56167113682225,15:36:07.113,91.3700,20
56167117136841,15:36:07.117,91.3600,2
56167117136841,15:36:07.117,91.3600,3
56167825315585,15:36:07.825,91.3700,100
56167825315585,15:36:07.825,91.3600,29
56167825519733,15:36:07.825,91.3600,100
56168077829738,15:36:08.077,91.3500,2
56168077829738,15:36:08.077,91.3500,3
56168079836980,15:36:08.079,91.3600,10
56168079836980,15:36:08.079,91.3600,90
56168506235972,15:36:08.506,91.3700,2
56168506235972,15:36:08.506,91.3700,29
56169190627384,15:36:09.190,91.3700,100
56169765231813,15:36:09.765,91.3700,10
56169765231813,15:36:09.765,91.3700,90
56170277311775,15:36:10.277,91.3700,10
56173604795188,15:36:13.604,91.3700,100
56211244514576,15:36:51.244,91.3700,4
56211244514576,15:36:51.244,91.3700,96
56211244547086,15:36:51.244,91.3700,4
56211244547086,15:36:51.244,91.3700,20
56215636356758,15:36:55.636,91.3500,88
56215636417879,15:36:55.636,91.3500,9
56215636430796,15:36:55.636,91.3500,3
56215636430796,15:36:55.636,91.3500,9
56215636445567,15:36:55.636,91.3500,3
56218061089040,15:36:58.061,91.3500,301
56218061965367,15:36:58.061,91.3500,99
56218061965367,15:36:58.061,91.3400,100
56218061965367,15:36:58.061,91.3400,1
56218061965367,15:36:58.061,91.3400,100
56218061965367,15:36:58.061,91.3400,1
56218062001654,15:36:58.062,91.3400,99
56218062030611,15:36:58.062,91.3400,68
56218074184052,15:36:58.074,91.3400,100
56258834371288,15:37:38.834,91.3400,100
56270446722118,15:37:50.446,91.3300,1
56270446722118,15:37:50.446,91.3300,100
56271769951955,15:37:51.769,91.3200,1
56271769951955,15:37:51.769,91.3200,100
56271770800235,15:37:51.770,91.3200,29
56292201270415,15:38:12.201,91.3200,100
56292201270415,15:38:12.201,91.3200,100
56303890166223,15:38:23.890,91.3300,3
56303890166223,15:38:23.890,91.3300,4
56321485716541,15:38:41.485,91.3300,68
56321485726211,15:38:41.485,91.3300,28
56321485726211,15:38:41.485,91.3300,100
56323529700229,15:38:43.529,91.3400,21
56323529700229,15:38:43.529,91.3400,100
56323529700229,15:38:43.529,91.3400,100
56327398508280,15:38:47.398,91.3400,190
56327398508280,15:38:47.398,91.3400,100
56340924349882,15:39:00.924,91.3600,82
56340924375805,15:39:00.924,91.3600,18
56340924375805,15:39:00.924,91.3600,27
56340924375805,15:39:00.924,91.3600,45
56341030125454,15:39:01.030,91.3700,100
56350926464939,15:39:10.926,91.3600,40
56386345122042,15:39:46.345,91.3500,20
56386345122042,15:39:46.345,91.3400,80
56386345152928,15:39:46.345,91.3400,20
56411967456678,15:40:11.967,91.3300,100
56429130566657,15:40:29.130,91.3100,5
56441956326839,15:40:41.956,91.3300,24
56441956326839,15:40:41.956,91.3300,9
56480486873411,15:41:20.486,91.3100,100
56480486873411,15:41:20.486,91.3100,10
56480486873411,15:41:20.486,91.3100,90
56480487108381,15:41:20.487,91.3100,10
56480487108381,15:41:20.487,91.3100,100
56481026716481,15:41:21.026,91.3000,54
56481026798587,15:41:21.026,91.3000,146
56481026798587,15:41:21.026,91.3000,100
56481026798587,15:41:21.026,91.3000,100
56481026798587,15:41:21.026,91.3000,29
56481026833438,15:41:21.026,91.3000,71
56481026880387,15:41:21.026,91.3000,100
56481029213220,15:41:21.029,91.2900,45
56481392753256,15:41:21.392,91.2950,100
56481392753256,15:41:21.392,91.2900,55
56481392753256,15:41:21.392,91.2900,100
56481392753256,15:41:21.392,91.2900,100
56481392848421,15:41:21.392,91.2900,100
56481393272558,15:41:21.393,91.2900,100
56484225510259,15:41:24.225,91.3000,100
56495025328852,15:41:35.025,91.2900,100
56496330313065,15:41:36.330,91.2900,24
56498824923973,15:41:38.824,91.2900,76
56498824923973,15:41:38.824,91.2900,24
56498826102397,15:41:38.826,91.2900,76
56498826102397,15:41:38.826,91.2900,24
56498849595881,15:41:38.849,91.2900,76
56498849595881,15:41:38.849,91.2900,24
56498924230021,15:41:38.924,91.3000,100
56500436242535,15:41:40.436,91.3000,100
56500436242535,15:41:40.436,91.3000,100
56510804815505,15:41:50.804,91.3100,5
56510804815505,15:41:50.804,91.3100,95
56510804843484,15:41:50.804,91.3100,5
56513593658544,15:41:53.593,91.3100,100
56522261545839,15:42:02.261,91.3100,100
56522261576824,15:42:02.261,91.3100,100
56522615439332,15:42:02.615,91.3100,100
56523378924259,15:42:03.378,91.3200,100
56573350886680,15:42:53.350,91.3200,100
56580108130663,15:43:00.108,91.3300,29
56580108130663,15:43:00.108,91.3300,41
56583887346495,15:43:03.887,91.3500,30
56650065556496,15:44:10.065,91.3400,22
56650096196480,15:44:10.096,91.3400,100
56679352271890,15:44:39.352,91.3400,20
56679352271890,15:44:39.352,91.3400,25
56679352271890,15:44:39.352,91.3400,100
56679352271890,15:44:39.352,91.3400,100
56679352271890,15:44:39.352,91.3400,100
56679352895954,15:44:39.352,91.3300,50
56679352899644,15:44:39.352,91.3300,50
56688379176692,15:44:48.379,91.3300,100
56696594705040,15:44:56.594,91.3300,95
56696594737498,15:44:56.594,91.3300,5
56696594919735,15:44:56.594,91.3400,100
56699306830875,15:44:59.306,91.3400,22
56702378582667,15:45:02.378,91.3400,78
56702378582667,15:45:02.378,91.3400,22
56702378610407,15:45:02.378,91.3400,4
56703293920646,15:45:03.293,91.3500,100
56703293943257,15:45:03.293,91.3500,50
56703293948865,15:45:03.293,91.3500,50
56703293948865,15:45:03.293,91.3500,100
56703293948865,15:45:03.293,91.3500,100
56703293950067,15:45:03.293,91.3500,100
56712976433795,15:45:12.976,91.3500,9
56723052342337,15:45:23.052,91.3700,100
56723052369129,15:45:23.052,91.3700,200
56727203784402,15:45:27.203,91.4200,40
56727203784402,15:45:27.203,91.4200,60
56730808695805,15:45:30.808,91.4200,140
56777298926810,15:46:17.298,91.4600,2
56780472290725,15:46:20.472,91.4600,98
56780472290725,15:46:20.472,91.4500,100
56780472290725,15:46:20.472,91.4500,150
56780472290725,15:46:20.472,91.4500,110
56780472290725,15:46:20.472,91.4500,2
56780472965759,15:46:20.472,91.4500,75
56780472995579,15:46:20.472,91.4500,8
56780473446890,15:46:20.473,91.4500,15
56802929498178,15:46:42.929,91.4600,5
56802932464112,15:46:42.932,91.4700,6
56804158267408,15:46:44.158,91.4700,63
56804158267408,15:46:44.158,91.4700,37
56834026529365,15:47:14.026,91.4600,31
56834026529365,15:47:14.026,91.4600,65
56834026529365,15:47:14.026,91.4600,24
56834026529365,15:47:14.026,91.4600,100
56834026529365,15:47:14.026,91.4600,100
56834026529365,15:47:14.026,91.4600,100
56834026529365,15:47:14.026,91.4600,80
56834026564806,15:47:14.026,91.4600,20
56834027371599,15:47:14.027,91.4500,10
56834029227537,15:47:14.029,91.4500,50
56855752525852,15:47:35.752,91.4300,10
56887338575667,15:48:07.338,91.4200,100
56889819744441,15:48:09.819,91.4200,58
56902595469102,15:48:22.595,91.4200,100
56902595499728,15:48:22.595,91.4200,88
56902597938733,15:48:22.597,91.4300,10
56902597938733,15:48:22.597,91.4300,90
56902597965908,15:48:22.597,91.4300,10
56902597965908,15:48:22.597,91.4300,7
56952330621548,15:49:12.330,91.4200,42
56953068015391,15:49:13.068,91.4200,5
56968115674284,15:49:28.115,91.4400,100
56968115698954,15:49:28.115,91.4400,6
56968115698954,15:49:28.115,91.4400,53
57003009944661,15:50:03.009,91.4300,100
57003009944661,15:50:03.009,91.4300,100
57013324963581,15:50:13.324,91.4200,100
57013384207388,15:50:13.384,91.4200,100
57019427274696,15:50:19.427,91.4200,73
57020784069886,15:50:20.784,91.4300,100
57020784069886,15:50:20.784,91.4300,56
57020784069886,15:50:20.784,91.4300,100
57020784069886,15:50:20.784,91.4300,100
57020784069886,15:50:20.784,91.4300,100
57020784069886,15:50:20.784,91.4300,100
57020784069886,15:50:20.784,91.4300,44
57020784113348,15:50:20.784,91.4300,56
57020784337633,15:50:20.784,91.4400,7
57054337827132,15:50:54.337,91.4400,100
57055916769671,15:50:55.916,91.4500,28
57055916769671,15:50:55.916,91.4500,30
57055920852346,15:50:55.920,91.4400,15
57055920852346,15:50:55.920,91.4400,313
57059005213373,15:50:59.005,91.4300,100
57059005213373,15:50:59.005,91.4300,100
57068319354225,15:51:08.319,91.4500,15
57068319354225,15:51:08.319,91.4500,85
57068319419039,15:51:08.319,91.4500,15
57068319419039,15:51:08.319,91.4500,85
57068319655309,15:51:08.319,91.4500,15
57068319655309,15:51:08.319,91.4500,13
57076863968362,15:51:16.863,91.4400,87
57112017561070,15:51:52.017,91.4400,100
57112017561070,15:51:52.017,91.4400,200
57115476034848,15:51:55.476,91.4500,100
57115476034848,15:51:55.476,91.4500,100
57115816638130,15:51:55.816,91.4400,69
57119929381699,15:51:59.929,91.4500,5
57119932560764,15:51:59.932,91.4500,6
57120391041148,15:52:00.391,91.4500,7
57152606028263,15:52:32.606,91.4400,100
57152606389403,15:52:32.606,91.4400,200
57152606543146,15:52:32.606,91.4400,200
57152606543146,15:52:32.606,91.4400,109
57152606543146,15:52:32.606,91.4400,87
57152606677165,15:52:32.606,91.4400,13
57152606677165,15:52:32.606,91.4400,14
57152606915395,15:52:32.606,91.4400,86
57152606915395,15:52:32.606,91.4400,100
57152606915395,15:52:32.606,91.4400,14
57152607063081,15:52:32.607,91.4400,86
57152607324138,15:52:32.607,91.4300,47
57152607329098,15:52:32.607,91.4300,50
57152607344970,15:52:32.607,91.4300,3
57152607344970,15:52:32.607,91.4300,100
57153662466652,15:52:33.662,91.4400,100
57154877575223,15:52:34.877,91.4500,100
57154877604302,15:52:34.877,91.4500,32
57154877604302,15:52:34.877,91.4500,100
57156020479669,15:52:36.020,91.4400,30
57156020763610,15:52:36.020,91.4400,100
57156020815337,15:52:36.020,91.4400,32
57156020834714,15:52:36.020,91.4400,32
57186490668594,15:53:06.490,91.4400,90
57186490668594,15:53:06.490,91.4400,6
57186490668594,15:53:06.490,91.4500,100
57186490668594,15:53:06.490,91.4500,4
57186491000995,15:53:06.491,91.4500,96
57187380731439,15:53:07.380,91.4600,100
57187380960214,15:53:07.380,91.4600,10
57189212491723,15:53:09.212,91.4500,21
57194018977469,15:53:14.018,91.4400,31
57194018977469,15:53:14.018,91.4400,169
57225007197739,15:53:45.007,91.4400,100
57225007264623,15:53:45.007,91.4400,41
57226984812539,15:53:46.984,91.4500,40
57228387010934,15:53:48.387,91.4600,100
57242959165252,15:54:02.959,91.4400,19
57242959165252,15:54:02.959,91.4400,24
57242959165252,15:54:02.959,91.4400,100
57242960913450,15:54:02.960,91.4400,100
57242960913450,15:54:02.960,91.4400,100
57242963399199,15:54:02.963,91.4400,100
57242970990270,15:54:02.970,91.4400,339
57244745324784,15:54:04.745,91.4500,63
57252129835217,15:54:12.129,91.4400,11
57261006100478,15:54:21.006,91.4300,100
57261009898649,15:54:21.009,91.4300,100
57261009898649,15:54:21.009,91.4300,100
57261009898649,15:54:21.009,91.4300,1
57261009898649,15:54:21.009,91.4300,100
57261010322045,15:54:21.010,91.4300,100
57261010395961,15:54:21.010,91.4300,5
57270751770918,15:54:30.751,91.4500,100
57270787698825,15:54:30.787,91.4500,100
57270787752354,15:54:30.787,91.4500,100
57280386881463,15:54:40.386,91.4600,100
57280387266029,15:54:40.387,91.4600,100
57280387266029,15:54:40.387,91.4600,100
57285126436245,15:54:45.126,91.4600,100
57285126526250,15:54:45.126,91.4700,9
57285126526250,15:54:45.126,91.4700,100
57285126696579,15:54:45.126,91.4800,100
57285127968800,15:54:45.127,91.4600,100
57285127970479,15:54:45.127,91.4800,188
57285128056339,15:54:45.128,91.4900,100
57296123060292,15:54:56.123,91.4800,100
57300056678616,15:55:00.056,91.5000,100
57300169651919,15:55:00.169,91.5100,33
57300169670235,15:55:00.169,91.5100,50
57300169755382,15:55:00.169,91.5100,17
57300169755382,15:55:00.169,91.5100,56
57300169788864,15:55:00.169,91.5100,44
57300267156516,15:55:00.267,91.5000,100
57300948520074,15:55:00.948,91.5150,100
57300948520074,15:55:00.948,91.5200,100
57300948520074,15:55:00.948,91.5200,100
57302029405994,15:55:02.029,91.5300,100
57302168295524,15:55:02.168,91.5500,100
57302592574701,15:55:02.592,91.5300,100
57308846874013,15:55:08.846,91.5500,3
57308846874013,15:55:08.846,91.5500,97
57310168070147,15:55:10.168,91.5500,3
57310168070147,15:55:10.168,91.5500,97
57310168400241,15:55:10.168,91.5500,3
57310168400241,15:55:10.168,91.5500,26
57310168400241,15:55:10.168,91.5500,71
57310168414974,15:55:10.168,91.5500,29
57310327178249,15:55:10.327,91.5600,100
57310365119277,15:55:10.365,91.5500,100
57310365923910,15:55:10.365,91.5500,94
57310463449349,15:55:10.463,91.5500,100
57311900017554,15:55:11.900,91.5500,100
57311900017554,15:55:11.900,91.5500,100
57311901863856,15:55:11.901,91.5500,100
57311901863856,15:55:11.901,91.5500,100
57312399325334,15:55:12.399,91.5500,100
57312930019840,15:55:12.930,91.5500,100
57319289035448,15:55:19.289,91.5500,200
57319289068504,15:55:19.289,91.5500,50
57319289068504,15:55:19.289,91.5500,100
57319840088337,15:55:19.840,91.5500,100
57319844671570,15:55:19.844,91.5500,100
57320008659913,15:55:20.008,91.5500,67
57320437228736,15:55:20.437,91.5500,33
57320437228736,15:55:20.437,91.5500,67
57321513156554,15:55:21.513,91.5600,16
57322001929123,15:55:22.001,91.5600,84
57331808520221,15:55:31.808,91.5700,75
57344039412174,15:55:44.039,91.5700,25
57344039412174,15:55:44.039,91.5700,75
57344047412451,15:55:44.047,91.5700,25
57347754785766,15:55:47.754,91.5800,26
57358826060089,15:55:58.826,91.6200,100
57360012823911,15:56:00.012,91.6100,67
57360211878364,15:56:00.211,91.6100,33
57360211878364,15:56:00.211,91.6100,76
57360872971780,15:56:00.872,91.6300,200
57361764972064,15:56:01.764,91.6500,100
57368233291893,15:56:08.233,91.6500,56
57399197527753,15:56:39.197,91.6700,92
57399197527753,15:56:39.197,91.6700,8
57400007760796,15:56:40.007,91.6400,66
57402445312965,15:56:42.445,91.6600,7
57402448238196,15:56:42.448,91.6600,7
57405637239850,15:56:45.637,91.6700,18
57405637239850,15:56:45.637,91.6700,82
57411089343020,15:56:51.089,91.6400,100
57434491791060,15:57:14.491,91.6700,18
57434491791060,15:57:14.491,91.6700,82
57447923750187,15:57:27.923,91.6600,100
57449949881382,15:57:29.949,91.6600,6
57450454533446,15:57:30.454,91.6600,14
57459911411164,15:57:39.911,91.6600,80
57459911411164,15:57:39.911,91.6600,20
57462105237733,15:57:42.105,91.6600,22
57466361061923,15:57:46.361,91.6600,40
57472294437280,15:57:52.294,91.6300,14
57478484586205,15:57:58.484,91.6400,31
57478494372855,15:57:58.494,91.6500,100
57478494372855,15:57:58.494,91.6500,100
57478494403145,15:57:58.494,91.6500,69
57478498408569,15:57:58.498,91.6600,18
57478498408569,15:57:58.498,91.6600,2
57486488200955,15:58:06.488,91.6600,98
57486488200955,15:58:06.488,91.6600,2
57486488228585,15:58:06.488,91.6600,198
57486488228585,15:58:06.488,91.6600,100
57486488228585,15:58:06.488,91.6600,100
57486488228585,15:58:06.488,91.6600,100
57486488228585,15:58:06.488,91.6600,10
57486488228585,15:58:06.488,91.6600,200
57486722415827,15:58:06.722,91.6600,100
57486722415827,15:58:06.722,91.6600,100
57486722415827,15:58:06.722,91.6600,300
57486785329692,15:58:06.785,91.6600,100
57486785329692,15:58:06.785,91.6600,500
57486785329692,15:58:06.785,91.6600,100
57487089518325,15:58:07.089,91.6500,100
57487454258877,15:58:07.454,91.6600,14
57493411416182,15:58:13.411,91.6600,100
57495532689724,15:58:15.532,91.6500,200
57495532689724,15:58:15.532,91.6500,54
57495532723387,15:58:15.532,91.6500,146
57495734148211,15:58:15.734,91.6400,40
57497533393568,15:58:17.533,91.6400,60
57497533393568,15:58:17.533,91.6400,16
57497533393568,15:58:17.533,91.6400,100
57497533393568,15:58:17.533,91.6400,11
57497533393568,15:58:17.533,91.6400,14
57497533393568,15:58:17.533,91.6400,100
57497533393568,15:58:17.533,91.6400,100
57497533645987,15:58:17.533,91.6400,22
57497533919835,15:58:17.533,91.6400,78
57497535292657,15:58:17.535,91.6400,200
57497637194975,15:58:17.637,91.6300,200
57497637548403,15:58:17.637,91.6300,100
57497637572481,15:58:17.637,91.6200,84
57497637628464,15:58:17.637,91.6200,10
57497637725635,15:58:17.637,91.6200,5
57497637758440,15:58:17.637,91.6200,1
57511286263305,15:58:31.286,91.5600,6
57520691015398,15:58:40.691,91.5700,5
57520691015398,15:58:40.691,91.5700,95
57520691042853,15:58:40.691,91.5700,5
57520691042853,15:58:40.691,91.5700,100
57520691269250,15:58:40.691,91.5800,15
57520691273690,15:58:40.691,91.5800,85
57520691273690,15:58:40.691,91.5800,20
57520691533202,15:58:40.691,91.5800,80
57527561257596,15:58:47.561,91.5700,10
57533900790801,15:58:53.900,91.5600,10
57533900790801,15:58:53.900,91.5600,70
57533900790801,15:58:53.900,91.5600,20
57533902345811,15:58:53.902,91.5600,32
57533902345811,15:58:53.902,91.5600,100
57533902345811,15:58:53.902,91.5600,80
57540302341911,15:59:00.302,91.5800,100
57540302341911,15:59:00.302,91.5800,31
57540302341911,15:59:00.302,91.5800,100
57540302341911,15:59:00.302,91.5800,29
57540508959030,15:59:00.508,91.6100,16
57540508982987,15:59:00.508,91.6100,84
57540925416292,15:59:00.925,91.6200,100
57544375061703,15:59:04.375,91.6300,55
57552577597685,15:59:12.577,91.6300,34
57552577597685,15:59:12.577,91.6300,9
57554235003057,15:59:14.235,91.6200,14
57556164126983,15:59:16.164,91.6300,91
57556164126983,15:59:16.164,91.6300,9
57556164159799,15:59:16.164,91.6300,2
57560276808603,15:59:20.276,91.6300,100
57560279974939,15:59:20.279,91.6100,17
57560279974939,15:59:20.279,91.6100,16
57560279974939,15:59:20.279,91.6100,67
57560280847685,15:59:20.280,91.6100,33
57560280847685,15:59:20.280,91.6100,3
57573090685134,15:59:33.090,91.6500,100
57573090685134,15:59:33.090,91.6500,90
57585493880517,15:59:45.493,91.6600,186
57585493880517,15:59:45.493,91.6600,65
57585493880517,15:59:45.493,91.6700,249
57585494591796,15:59:45.494,91.6700,100
57585494616320,15:59:45.494,91.6700,51
57585494616320,15:59:45.494,91.6700,100
57586663405365,15:59:46.663,91.6900,3
57588764914658,15:59:48.764,91.6900,100
57588810721715,15:59:48.810,91.6900,22
57588810749282,15:59:48.810,91.6900,75
57588810749282,15:59:48.810,91.6900,178
57590014335109,15:59:50.014,91.7200,50
57590014335109,15:59:50.014,91.7200,200
57590014335109,15:59:50.014,91.7200,50
57591183312252,15:59:51.183,91.7200,100
57591183312252,15:59:51.183,91.7200,500
57591183312252,15:59:51.183,91.7200,17
57591184026457,15:59:51.184,91.7300,10
57591184606076,15:59:51.184,91.7400,55
57591586460871,15:59:51.586,91.7400,20
57593250839084,15:59:53.250,91.7100,7
57593254063768,15:59:53.254,91.7100,7
57594121707255,15:59:54.121,91.7400,10
57595094290857,15:59:55.094,91.7400,193
57595739850383,15:59:55.739,91.7400,22
57596465771606,15:59:56.465,91.7400,15
57596706251068,15:59:56.706,91.7400,85
57596706251068,15:59:56.706,91.7400,100
57596706251068,15:59:56.706,91.7400,15
57597761095629,15:59:57.761,91.7100,85
57598137325829,15:59:58.137,91.7300,100
57598137358045,15:59:58.137,91.7300,94
57598137358045,15:59:58.137,91.7300,57
57598380938831,15:59:58.380,91.7300,100
57598380938831,15:59:58.380,91.7300,100
57598585593870,15:59:58.585,91.7300,188
57599605503521,15:59:59.605,91.7100,100
57599954385146,15:59:59.954,91.7100,100
57599954755714,15:59:59.954,91.7100,100
57599955953118,15:59:59.955,91.7100,100
57600420229133,16:00:00.420,91.7000,21456
