timestamp,time,price,volume
25688765510910,07:08:08.765,28.7600,100
25689478464965,07:08:09.478,28.7600,81
34200893206966,09:30:00.893,28.7300,26849
34242080793247,09:30:42.080,28.7400,20
34242080793247,09:30:42.080,28.7400,20
34276008173441,09:31:16.008,28.8300,34
34278013124085,09:31:18.013,28.8100,400
34278013222791,09:31:18.013,28.8100,72
34278013740406,09:31:18.013,28.8000,100
34278013766599,09:31:18.013,28.8000,14
34278019852163,09:31:18.019,28.7800,100
34280698650827,09:31:20.698,28.7800,100
34280698650827,09:31:20.698,28.7800,13
34280698650827,09:31:20.698,28.7800,100
34280698716441,09:31:20.698,28.7800,13
34290480973333,09:31:30.480,28.8000,14
34290480973333,09:31:30.480,28.8100,9
34325343932820,09:32:05.343,28.7900,12
34325343932820,09:32:05.343,28.7900,6
34344188512868,09:32:24.188,28.7900,6
34344188512868,09:32:24.188,28.7900,94
34346181879649,09:32:26.181,28.8100,100
34346181879649,09:32:26.181,28.8100,100
34346181879649,09:32:26.181,28.8100,300
34346181982694,09:32:26.181,28.8000,100
34346181992837,09:32:26.181,28.8000,100
34346181996290,09:32:26.181,28.8000,50
34346181996290,09:32:26.181,28.8000,50
34346182010838,09:32:26.182,28.8000,50
34346183046496,09:32:26.183,28.7900,100
34346197827661,09:32:26.197,28.7800,11
34346197827661,09:32:26.197,28.7800,100
34346197827661,09:32:26.197,28.7800,6
34346748397072,09:32:26.748,28.7700,10
34346748545229,09:32:26.748,28.7600,721
34346748601632,09:32:26.748,28.7600,279
34359015713071,09:32:39.015,28.7400,90
34382428059492,09:33:02.428,28.7600,100
34382428059492,09:33:02.428,28.7600,100
34382428059492,09:33:02.428,28.7600,400
34382428059492,09:33:02.428,28.7600,100
34389900533433,09:33:09.900,28.7500,51
34389900533433,09:33:09.900,28.7500,6
34389900533433,09:33:09.900,28.7500,243
34399357464976,09:33:19.357,28.7500,6
34399357464976,09:33:19.357,28.7500,94
34400014510671,09:33:20.014,28.7500,200
34400188552730,09:33:20.188,28.7500,100
34404007072926,09:33:24.007,28.7400,10
34404007072926,09:33:24.007,28.7400,25
34404007076373,09:33:24.007,28.7400,75
34404007076373,09:33:24.007,28.7400,1000
34404502921682,09:33:24.502,28.7000,9
34404502921682,09:33:24.502,28.7000,6
34441821887497,09:34:01.821,28.6900,8
34442005650857,09:34:02.005,28.6900,176
34442453042185,09:34:02.453,28.7000,72
34442453096416,09:34:02.453,28.7000,61
34442453569514,09:34:02.453,28.7100,100
34442453569514,09:34:02.453,28.7100,100
34442464611812,09:34:02.464,28.7100,100
34442504167938,09:34:02.504,28.7100,100
34442504167938,09:34:02.504,28.7100,100
34445037993234,09:34:05.037,28.7200,100
34445037993234,09:34:05.037,28.7200,100
34445039976812,09:34:05.039,28.7200,8
34445039976812,09:34:05.039,28.7200,100
34489771592961,09:34:49.771,28.7200,100
34489771608638,09:34:49.771,28.7100,7
34489771608638,09:34:49.771,28.7100,175
34489771642029,09:34:49.771,28.7200,100
34489771661813,09:34:49.771,28.7200,100
34489771665850,09:34:49.771,28.7200,100
34489772162991,09:34:49.772,28.7200,100
34489772162991,09:34:49.772,28.7200,130
34489772162991,09:34:49.772,28.7200,428
34489772232663,09:34:49.772,28.7200,100
34489772660307,09:34:49.772,28.7200,100
34496191165762,09:34:56.191,28.7100,5
34496191777335,09:34:56.191,28.7100,100
34496191849848,09:34:56.191,28.7100,95
34496762640821,09:34:56.762,28.7000,6
34496762640821,09:34:56.762,28.7000,194
34496762692443,09:34:56.762,28.7000,6
34496762692443,09:34:56.762,28.7000,7
34503903904987,09:35:03.903,28.7000,4
34512877010199,09:35:12.877,28.7000,6
34536063802212,09:35:36.063,28.7000,1
34536063802212,09:35:36.063,28.7100,99
34536084008796,09:35:36.084,28.7100,1
34536084008796,09:35:36.084,28.7100,99
34536084540802,09:35:36.084,28.7100,1
34536084540802,09:35:36.084,28.7100,100
34536084712723,09:35:36.084,28.7100,101
34536085107006,09:35:36.085,28.7100,99
34536085333253,09:35:36.085,28.7100,100
34536085402994,09:35:36.085,28.7100,100
34536085402994,09:35:36.085,28.7100,100
34536085407727,09:35:36.085,28.7100,100
34536085407727,09:35:36.085,28.7100,100
34536575681747,09:35:36.575,28.7000,200
34536575681747,09:35:36.575,28.7000,100
34536576007884,09:35:36.576,28.7000,6
34536576676952,09:35:36.576,28.6900,100
34536577355352,09:35:36.577,28.6900,200
34551452402833,09:35:51.452,28.6800,6
34551452402833,09:35:51.452,28.6800,5
34551628434008,09:35:51.628,28.6600,68
34551628434008,09:35:51.628,28.6600,5
34551665422296,09:35:51.665,28.6500,100
34551665422296,09:35:51.665,28.6500,100
34553514864087,09:35:53.514,28.6500,100
34558163666100,09:35:58.163,28.6500,100
34561506767477,09:36:01.506,28.6500,100
34577178292595,09:36:17.178,28.6400,6
34577178292595,09:36:17.178,28.6400,5
34577178292595,09:36:17.178,28.6400,89
34603336351107,09:36:43.336,28.6400,4
34603336351107,09:36:43.336,28.6400,200
34603336351107,09:36:43.336,28.6400,496
34603336382817,09:36:43.336,28.6400,4
34603339756840,09:36:43.339,28.6300,100
34603339796858,09:36:43.339,28.6300,212
34622512710785,09:37:02.512,28.6200,4
34622512710785,09:37:02.512,28.6200,96
34622513095805,09:37:02.513,28.6200,12
34622513258924,09:37:02.513,28.6200,92
34622513258924,09:37:02.513,28.6200,1
34637549541492,09:37:17.549,28.6200,100
34637549551762,09:37:17.549,28.6200,100
34637549588900,09:37:17.549,28.6200,100
34637549588900,09:37:17.549,28.6200,100
34637549589822,09:37:17.549,28.6200,100
34637549824238,09:37:17.549,28.6200,100
34637550356835,09:37:17.550,28.6200,42
34637668057823,09:37:17.668,28.6200,58
34637668057823,09:37:17.668,28.6200,42
34637668319248,09:37:17.668,28.6200,58
34637668319248,09:37:17.668,28.6200,100
34637668405357,09:37:17.668,28.6200,100
34637668897779,09:37:17.668,28.6200,100
34645017504111,09:37:25.017,28.6200,100
34645017504111,09:37:25.017,28.6200,500
34645017805359,09:37:25.017,28.6200,100
34645065719582,09:37:25.065,28.6100,100
34645065745387,09:37:25.065,28.6100,5
34645065745387,09:37:25.065,28.6100,100
34645065745387,09:37:25.065,28.6100,100
34651309188241,09:37:31.309,28.6100,100
34662146296358,09:37:42.146,28.6000,5
34670187061541,09:37:50.187,28.5900,5
34672126394862,09:37:52.126,28.5900,100
34672126394862,09:37:52.126,28.5900,100
34672127148956,09:37:52.127,28.5900,100
34672127148956,09:37:52.127,28.5900,100
34678250674238,09:37:58.250,28.5900,100
34678250674238,09:37:58.250,28.5900,100
34678250674238,09:37:58.250,28.5900,100
34679747996677,09:37:59.747,28.6000,100
34679748023779,09:37:59.748,28.6000,5
34679748846023,09:37:59.748,28.6000,100
34679748846023,09:37:59.748,28.6000,100
34679748846023,09:37:59.748,28.6000,100
34679748846023,09:37:59.748,28.6000,100
34679748846023,09:37:59.748,28.6000,100
34684933710491,09:38:04.933,28.6100,100
34684933710491,09:38:04.933,28.6100,100
34685565167221,09:38:05.565,28.6200,100
34685565167221,09:38:05.565,28.6200,100
34685565343350,09:38:05.565,28.6200,100
34693997448859,09:38:13.997,28.6300,100
34697824578687,09:38:17.824,28.6300,100
34697824578687,09:38:17.824,28.6300,100
34697824578687,09:38:17.824,28.6300,100
34697824578687,09:38:17.824,28.6300,200
34697824578687,09:38:17.824,28.6300,100
34701101289435,09:38:21.101,28.6400,100
34711033664699,09:38:31.033,28.6400,30
34711033664699,09:38:31.033,28.6400,70
34711033696038,09:38:31.033,28.6400,30
34711033751283,09:38:31.033,28.6400,200
34711034500481,09:38:31.034,28.6400,100
34711034833376,09:38:31.034,28.6400,100
34711035219268,09:38:31.035,28.6400,100
34717753880281,09:38:37.753,28.6400,100
34718004047594,09:38:38.004,28.6400,100
34718619805990,09:38:38.619,28.6400,100
34719851807632,09:38:39.851,28.6400,100
34722349613338,09:38:42.349,28.6400,100
34722628538945,09:38:42.628,28.6400,100
34724624161837,09:38:44.624,28.6500,100
34724624254286,09:38:44.624,28.6500,100
34724624254286,09:38:44.624,28.6500,100
34724624254286,09:38:44.624,28.6500,100
34724624254286,09:38:44.624,28.6500,100
34725377998575,09:38:45.377,28.6400,100
34725725847912,09:38:45.725,28.6300,200
34725725872081,09:38:45.725,28.6300,5
34725725877418,09:38:45.725,28.6300,5
34725725908075,09:38:45.725,28.6300,5
34733147905508,09:38:53.147,28.6300,100
34733147905508,09:38:53.147,28.6300,100
34741024316712,09:39:01.024,28.6400,100
34741024316712,09:39:01.024,28.6400,100
34743274308675,09:39:03.274,28.6500,100
34750366096114,09:39:10.366,28.6500,100
34750366096114,09:39:10.366,28.6500,100
34755808923911,09:39:15.808,28.6600,100
34755808923911,09:39:15.808,28.6600,53
34755808955019,09:39:15.808,28.6600,47
34758842460485,09:39:18.842,28.6700,100
34759014169545,09:39:19.014,28.6700,100
34759014169545,09:39:19.014,28.6700,100
34767004798667,09:39:27.004,28.6800,100
34767004798667,09:39:27.004,28.6800,100
34772325456062,09:39:32.325,28.6900,100
34772326314711,09:39:32.326,28.6800,30
34772326459457,09:39:32.326,28.6800,70
34772326459457,09:39:32.326,28.6800,30
34809952757740,09:40:09.952,28.6600,100
34852111668592,09:40:52.111,28.6800,100
34854215646942,09:40:54.215,28.6900,100
34858872529264,09:40:58.872,28.6900,100
34862852661484,09:41:02.852,28.7000,100
34878006180626,09:41:18.006,28.7200,51
34878006184371,09:41:18.006,28.7200,49
34888786283906,09:41:28.786,28.7200,100
34888786293985,09:41:28.786,28.7200,100
34888786313878,09:41:28.786,28.7200,100
34891481627793,09:41:31.481,28.7100,100
34891481829754,09:41:31.481,28.7000,60
34904645336807,09:41:44.645,28.6900,100
34904645336807,09:41:44.645,28.6900,49
34904645365194,09:41:44.645,28.6900,53
34910485358824,09:41:50.485,28.7000,100
34911683009307,09:41:51.683,28.6900,100
34913522403966,09:41:53.522,28.6800,100
34945725128738,09:42:25.725,28.6700,100
34945725153068,09:42:25.725,28.6700,17
34974737433166,09:42:54.737,28.6600,100
34974739841341,09:42:54.739,28.6600,100
35028944487859,09:43:48.944,28.6400,100
35028944650209,09:43:48.944,28.6400,100
35046832915569,09:44:06.832,28.6400,100
35047805635669,09:44:07.805,28.6400,70
35049056598542,09:44:09.056,28.6400,100
35050412374816,09:44:10.412,28.6400,100
35051905162925,09:44:11.905,28.6450,30
35051905162925,09:44:11.905,28.6400,93
35052101010177,09:44:12.101,28.6400,100
35052520800282,09:44:12.520,28.6300,100
35058013495390,09:44:18.013,28.6300,200
35074622149023,09:44:34.622,28.6100,100
35080754891184,09:44:40.754,28.6100,100
35080754891184,09:44:40.754,28.6100,100
35085036083976,09:44:45.036,28.6100,200
35085036124292,09:44:45.036,28.6100,100
35090237689238,09:44:50.237,28.6000,9
35090237689238,09:44:50.237,28.6000,91
35091215142638,09:44:51.215,28.5950,9
35091215142638,09:44:51.215,28.5900,100
35091215142638,09:44:51.215,28.5900,91
35091216719119,09:44:51.216,28.5900,9
35091216719119,09:44:51.216,28.5800,120
35091216719119,09:44:51.216,28.5800,571
35091217247460,09:44:51.217,28.5800,200
35091236991868,09:44:51.236,28.5800,48
35091237068045,09:44:51.237,28.5800,100
35091237068045,09:44:51.237,28.5800,100
35097301020928,09:44:57.301,28.5900,100
35097301020928,09:44:57.301,28.5900,100
35097301050925,09:44:57.301,28.5900,300
35097748583264,09:44:57.748,28.5900,100
35097748583264,09:44:57.748,28.5900,100
35101828510356,09:45:01.828,28.6000,100
35101828510356,09:45:01.828,28.6000,100
35101828511917,09:45:01.828,28.6000,100
35107426109586,09:45:07.426,28.6100,12
35107426109586,09:45:07.426,28.6100,100
35110974130112,09:45:10.974,28.6200,100
35111813122689,09:45:11.813,28.6200,100
35118931260231,09:45:18.931,28.6300,200
35118931260231,09:45:18.931,28.6300,100
35119885568099,09:45:19.885,28.6300,100
35126121487911,09:45:26.121,28.6300,100
35126121487911,09:45:26.121,28.6300,500
35126121602807,09:45:26.121,28.6300,100
35126121629498,09:45:26.121,28.6300,100
35128188916117,09:45:28.188,28.6200,100
35128384204026,09:45:28.384,28.6100,100
35128659584168,09:45:28.659,28.6000,200
35128659584168,09:45:28.659,28.6000,100
35129117300613,09:45:29.117,28.5900,100
35129117300613,09:45:29.117,28.5900,200
35129117300613,09:45:29.117,28.5900,5
35129117358757,09:45:29.117,28.5900,5
35129119374772,09:45:29.119,28.5850,95
35129119374772,09:45:29.119,28.5800,100
35129119374772,09:45:29.119,28.5800,100
35129119374772,09:45:29.119,28.5800,105
35132166048640,09:45:32.166,28.5900,100
35132413644975,09:45:32.413,28.6000,100
35134506162252,09:45:34.506,28.6100,29
35134550038044,09:45:34.550,28.6100,100
35136152244282,09:45:36.152,28.6200,100
35136152244282,09:45:36.152,28.6200,100
35136156902018,09:45:36.156,28.6300,100
35136156902018,09:45:36.156,28.6300,100
35136156902018,09:45:36.156,28.6300,100
35136156902018,09:45:36.156,28.6300,100
35136156902018,09:45:36.156,28.6300,100
35136156902018,09:45:36.156,28.6300,100
35136157013224,09:45:36.157,28.6300,100
35136157013224,09:45:36.157,28.6300,100
35136157605949,09:45:36.157,28.6300,100
35136169718386,09:45:36.169,28.6300,100
35136169718386,09:45:36.169,28.6300,100
35136169718386,09:45:36.169,28.6300,1000
35136169718386,09:45:36.169,28.6300,100
35136802010995,09:45:36.802,28.6300,100
35136802010995,09:45:36.802,28.6300,200
35137856020117,09:45:37.856,28.6200,100
35143042517768,09:45:43.042,28.6200,100
35152122798635,09:45:52.122,28.6300,2
35202582633094,09:46:42.582,28.6300,100
35202582633094,09:46:42.582,28.6300,100
35202582633094,09:46:42.582,28.6300,63
35212510673701,09:46:52.510,28.6400,100
35212510673701,09:46:52.510,28.6400,100
35212510673701,09:46:52.510,28.6400,100
35220008952438,09:47:00.008,28.6300,4
35233235543922,09:47:13.235,28.6200,100
35260601641506,09:47:40.601,28.6300,75
35260601702134,09:47:40.601,28.6300,25
35269186788381,09:47:49.186,28.6400,100
35269186810814,09:47:49.186,28.6400,100
35269186818103,09:47:49.186,28.6400,100
35269186834030,09:47:49.186,28.6400,100
35269647343651,09:47:49.647,28.6400,100
35269656777512,09:47:49.656,28.6400,100
35280668610611,09:48:00.668,28.6600,44
35282106400834,09:48:02.106,28.6500,100
35282106400834,09:48:02.106,28.6500,100
35282106400834,09:48:02.106,28.6500,100
35286982735173,09:48:06.982,28.6400,4
35287886233394,09:48:07.886,28.6300,100
35291245892536,09:48:11.245,28.6200,100
35294774555040,09:48:14.774,28.6200,2
35327717558150,09:48:47.717,28.6100,200
35330639855754,09:48:50.639,28.6100,100
35330639855754,09:48:50.639,28.6100,31
35330640113020,09:48:50.640,28.6100,4
35332497593920,09:48:52.497,28.6000,4
35332497593920,09:48:52.497,28.6000,100
35338798948639,09:48:58.798,28.6000,11
35339889597341,09:48:59.889,28.6000,34
35339889639714,09:48:59.889,28.6000,55
35340305908831,09:49:00.305,28.6000,100
35350653431983,09:49:10.653,28.6000,100
35363047285353,09:49:23.047,28.6100,100
35363101175882,09:49:23.101,28.6200,100
35366742964238,09:49:26.742,28.6100,32
35389081948262,09:49:49.081,28.6000,100
35389082261974,09:49:49.082,28.6000,200
35394466375874,09:49:54.466,28.5800,100
35404684599027,09:50:04.684,28.5800,13
35404684656390,09:50:04.684,28.5800,87
35404684656390,09:50:04.684,28.5800,4
35413873560624,09:50:13.873,28.5800,100
35413873560624,09:50:13.873,28.5800,100
35435045153884,09:50:35.045,28.5800,100
35439658580818,09:50:39.658,28.5900,90
35439829530272,09:50:39.829,28.5900,10
35439829530272,09:50:39.829,28.5900,100
35439829530272,09:50:39.829,28.5900,190
35441528340787,09:50:41.528,28.5900,100
35446923611097,09:50:46.923,28.5900,200
35453041971773,09:50:53.041,28.6000,100
35454165617111,09:50:54.165,28.6100,100
35454165617111,09:50:54.165,28.6100,100
35454165931208,09:50:54.165,28.6100,100
35454165931208,09:50:54.165,28.6100,100
35463369799064,09:51:03.369,28.6300,10
35468972974678,09:51:08.972,28.6300,157
35468973051790,09:51:08.973,28.6300,126
35468973109069,09:51:08.973,28.6300,7
35468973109069,09:51:08.973,28.6300,93
35468973134546,09:51:08.973,28.6300,7
35471824550917,09:51:11.824,28.6400,100
35471824550917,09:51:11.824,28.6400,100
35471825833903,09:51:11.825,28.6400,4
35474004373347,09:51:14.004,28.6400,3
35476139708104,09:51:16.139,28.6300,100
35476139708104,09:51:16.139,28.6300,4
35476139708104,09:51:16.139,28.6300,96
35477157555428,09:51:17.157,28.6300,104
35480681096026,09:51:20.681,28.6300,100
35480681096026,09:51:20.681,28.6300,100
35502762881141,09:51:42.762,28.6200,100
35502762881141,09:51:42.762,28.6200,100
35510056683019,09:51:50.056,28.6100,100
35512255153101,09:51:52.255,28.6100,100
35522039913919,09:52:02.039,28.6200,100
35533760686020,09:52:13.760,28.6100,100
35533760686020,09:52:13.760,28.6100,100
35533760686020,09:52:13.760,28.6100,4
35533813603588,09:52:13.813,28.6000,100
35533876857107,09:52:13.876,28.6000,100
35538616833800,09:52:18.616,28.6000,100
35538616833800,09:52:18.616,28.6000,200
35538616833800,09:52:18.616,28.6000,100
35557861377603,09:52:37.861,28.5900,100
35561346762749,09:52:41.346,28.5900,100
35561346842148,09:52:41.346,28.5900,54
35577009565439,09:52:57.009,28.5800,77
35577009605982,09:52:57.009,28.5800,23
35577009605982,09:52:57.009,28.5800,36
35585093073309,09:53:05.093,28.5700,100
35587071340288,09:53:07.071,28.5700,100
35588242807094,09:53:08.242,28.5700,100
35588263408794,09:53:08.263,28.5700,4
35593576626754,09:53:13.576,28.5700,100
35593576626754,09:53:13.576,28.5700,400
35593580484205,09:53:13.580,28.5800,100
35593580484205,09:53:13.580,28.5800,100
35593580484205,09:53:13.580,28.5800,500
35593580484205,09:53:13.580,28.5800,100
35593580965225,09:53:13.580,28.5800,100
35593580965225,09:53:13.580,28.5800,300
35593580965225,09:53:13.580,28.5800,100
35606120731060,09:53:26.120,28.5900,4
35606120731060,09:53:26.120,28.5900,29
35631005714256,09:53:51.005,28.5900,12
35633964977505,09:53:53.964,28.6000,100
35633964977505,09:53:53.964,28.6000,100
35657971490504,09:54:17.971,28.6100,100
35657971490504,09:54:17.971,28.6100,100
35657971490504,09:54:17.971,28.6100,180
35657971490504,09:54:17.971,28.6100,20
35657971529853,09:54:17.971,28.6100,18
35657971529853,09:54:17.971,28.6100,4
35662658240602,09:54:22.658,28.5900,100
35662659141282,09:54:22.659,28.5900,88
35663825305464,09:54:23.825,28.6000,100
35663825305464,09:54:23.825,28.6000,100
35663825305464,09:54:23.825,28.6000,100
35663825305464,09:54:23.825,28.6000,100
35663826050450,09:54:23.826,28.6100,1800
35663826050450,09:54:23.826,28.6100,22
35663826050450,09:54:23.826,28.6100,100
35675711206800,09:54:35.711,28.6100,100
35685440275514,09:54:45.440,28.6100,200
35698801465124,09:54:58.801,28.6200,100
35698801502056,09:54:58.801,28.6200,100
35700583604302,09:55:00.583,28.6300,100
35700583604302,09:55:00.583,28.6300,200
35700583604302,09:55:00.583,28.6300,100
35700583731450,09:55:00.583,28.6300,200
35714397579911,09:55:14.397,28.6400,100
35718552277599,09:55:18.552,28.6400,100
35718582639107,09:55:18.582,28.6300,100
35718582639107,09:55:18.582,28.6300,4
35718877876945,09:55:18.877,28.6200,100
35732540402533,09:55:32.540,28.6100,200
35732540449942,09:55:32.540,28.6100,100
35732540449942,09:55:32.540,28.6100,50
35732557399050,09:55:32.557,28.6100,100
35732557399050,09:55:32.557,28.6100,100
35732558417214,09:55:32.558,28.6100,100
35733927884874,09:55:33.927,28.6100,100
35733927884874,09:55:33.927,28.6100,100
35733928724886,09:55:33.928,28.6100,100
35738591022954,09:55:38.591,28.6200,100
35738591022954,09:55:38.591,28.6200,100
35752791842328,09:55:52.791,28.6200,100
35757569861927,09:55:57.569,28.6100,68
35757569890146,09:55:57.569,28.6100,32
35757569890146,09:55:57.569,28.6100,100
35777534311177,09:56:17.534,28.5900,100
35777534311177,09:56:17.534,28.5900,4
35777534311177,09:56:17.534,28.5900,96
35777534342465,09:56:17.534,28.5900,4
35781403665508,09:56:21.403,28.5900,100
35781403697477,09:56:21.403,28.5900,20
35781403698853,09:56:21.403,28.5900,100
35790819435978,09:56:30.819,28.6000,100
35790819435978,09:56:30.819,28.6000,100
35790819435978,09:56:30.819,28.6000,100
35801686348803,09:56:41.686,28.6000,200
35801686348803,09:56:41.686,28.6000,100
35825079019161,09:57:05.079,28.5900,100
35825079019161,09:57:05.079,28.5900,100
35825079019161,09:57:05.079,28.5900,34
35825079019161,09:57:05.079,28.5900,200
35825159237786,09:57:05.159,28.5900,46
35825159272492,09:57:05.159,28.5900,54
35825159272492,09:57:05.159,28.5900,46
35825159276912,09:57:05.159,28.5900,54
35828835179479,09:57:08.835,28.6000,26
35828835273499,09:57:08.835,28.6000,74
35828835273499,09:57:08.835,28.6000,100
35828835357078,09:57:08.835,28.6000,400
35837160004223,09:57:17.160,28.6100,100
35837160004223,09:57:17.160,28.6100,100
35837160004223,09:57:17.160,28.6100,100
35842300018331,09:57:22.300,28.6200,100
35842310919173,09:57:22.310,28.6200,4
35847940814539,09:57:27.940,28.6200,100
35862953831557,09:57:42.953,28.6100,100
35862953831557,09:57:42.953,28.6100,200
35862953875412,09:57:42.953,28.6100,200
35892570117583,09:58:12.570,28.6000,300
35912287513699,09:58:32.287,28.6100,100
35912287513699,09:58:32.287,28.6100,100
35917055430467,09:58:37.055,28.6200,100
35969802235620,09:59:29.802,28.6200,100
35969802235620,09:59:29.802,28.6200,300
35969802235620,09:59:29.802,28.6200,100
35969802235620,09:59:29.802,28.6200,100
35969802235620,09:59:29.802,28.6200,100
35969802235620,09:59:29.802,28.6200,100
35983096094178,09:59:43.096,28.6100,100
35986789095642,09:59:46.789,28.6000,1600
35998882019902,09:59:58.882,28.5900,100
35998882019902,09:59:58.882,28.5900,100
35998882019902,09:59:58.882,28.5900,200
35998882050872,09:59:58.882,28.5900,200
35998882050872,09:59:58.882,28.5900,100
36000484540967,10:00:00.484,28.6000,87
36000484586054,10:00:00.484,28.6000,13
36000484586054,10:00:00.484,28.6000,100
36000484586054,10:00:00.484,28.6000,100
36000484774217,10:00:00.484,28.6000,100
36000485947494,10:00:00.485,28.6000,87
36001433153785,10:00:01.433,28.6000,100
36001433153785,10:00:01.433,28.6000,100
36007576440619,10:00:07.576,28.5900,100
36007576440619,10:00:07.576,28.5900,200
36010870558666,10:00:10.870,28.5900,11
36010870584983,10:00:10.870,28.5900,89
36028890719819,10:00:28.890,28.5900,100
36028890743696,10:00:28.890,28.5900,100
36028890757595,10:00:28.890,28.5900,100
36049308246818,10:00:49.308,28.5900,200
36049308246818,10:00:49.308,28.5900,100
36049308246818,10:00:49.308,28.5900,200
36049308275934,10:00:49.308,28.5900,100
36049308275934,10:00:49.308,28.5900,247
36075891623897,10:01:15.891,28.5800,100
36075891623897,10:01:15.891,28.5800,90
36075891623897,10:01:15.891,28.5800,100
36075891623897,10:01:15.891,28.5800,10
36075891654654,10:01:15.891,28.5800,90
36076900837224,10:01:16.900,28.5700,100
36076900837224,10:01:16.900,28.5700,3132
36076900866991,10:01:16.900,28.5700,708
36077164559147,10:01:17.164,28.5650,100
36077164559147,10:01:17.164,28.5650,100
36078073417613,10:01:18.073,28.5600,13
36078073417613,10:01:18.073,28.5600,287
36078073475644,10:01:18.073,28.5600,13
36078815752762,10:01:18.815,28.5500,100
36083358905064,10:01:23.358,28.5400,200
36083358905064,10:01:23.358,28.5400,128
36083358931171,10:01:23.358,28.5400,72
36083358931171,10:01:23.358,28.5400,300
36083358957219,10:01:23.358,28.5400,372
36083359605005,10:01:23.359,28.5400,128
36111446613760,10:01:51.446,28.5300,100
36112273711520,10:01:52.273,28.5300,100
36112304251560,10:01:52.304,28.5300,100
36112304251560,10:01:52.304,28.5300,100
36112304278619,10:01:52.304,28.5300,100
36114349298230,10:01:54.349,28.5300,200
36114349298230,10:01:54.349,28.5300,100
36116469222770,10:01:56.469,28.5300,100
36116469222770,10:01:56.469,28.5300,100
36116469222770,10:01:56.469,28.5300,200
36116469222770,10:01:56.469,28.5300,100
36122518795413,10:02:02.518,28.5300,100
36122518795413,10:02:02.518,28.5300,100
36122518795413,10:02:02.518,28.5300,100
36126847030933,10:02:06.847,28.5300,12
36126847286703,10:02:06.847,28.5300,51
36126847286703,10:02:06.847,28.5300,100
36126847286703,10:02:06.847,28.5300,49
36126847370522,10:02:06.847,28.5300,51
36128914176371,10:02:08.914,28.5400,100
36128914176371,10:02:08.914,28.5400,200
36128914176371,10:02:08.914,28.5400,100
36128914491768,10:02:08.914,28.5400,200
36128914491768,10:02:08.914,28.5400,100
36128914506250,10:02:08.914,28.5400,300
36128915203940,10:02:08.915,28.5400,100
36128915594824,10:02:08.915,28.5400,100
36129093501309,10:02:09.093,28.5400,200
36129897204425,10:02:09.897,28.5400,100
36130165406887,10:02:10.165,28.5400,100
36131957947546,10:02:11.957,28.5400,74
36131957947546,10:02:11.957,28.5400,26
36131960872729,10:02:11.960,28.5400,74
36131960872729,10:02:11.960,28.5400,26
36134300276317,10:02:14.300,28.5300,100
36166647063921,10:02:46.647,28.5300,100
36166647100588,10:02:46.647,28.5300,100
36166647115391,10:02:46.647,28.5300,100
36166647115391,10:02:46.647,28.5300,8
36166647115391,10:02:46.647,28.5300,5
36166647115391,10:02:46.647,28.5300,37
36166647340160,10:02:46.647,28.5300,63
36166647340160,10:02:46.647,28.5300,100
36166686623749,10:02:46.686,28.5200,100
36166687217557,10:02:46.687,28.5200,100
36166687770077,10:02:46.687,28.5200,100
36166688693282,10:02:46.688,28.5200,100
36169254182059,10:02:49.254,28.5100,120
36169756605730,10:02:49.756,28.5100,100
36173529951037,10:02:53.529,28.5200,100
36173529951037,10:02:53.529,28.5200,200
36195118896076,10:03:15.118,28.5300,100
36195118896076,10:03:15.118,28.5300,100
36195118896076,10:03:15.118,28.5300,100
36195118896076,10:03:15.118,28.5300,100
36195118927985,10:03:15.118,28.5300,100
36195119674267,10:03:15.119,28.5300,100
36204493890495,10:03:24.493,28.5300,100
36206216647284,10:03:26.216,28.5300,300
36208023596341,10:03:28.023,28.5300,200
36208023760746,10:03:28.023,28.5300,100
36220016252124,10:03:40.016,28.5400,100
36220016434324,10:03:40.016,28.5400,100
36220016434324,10:03:40.016,28.5400,100
36220016434324,10:03:40.016,28.5400,100
36220016434324,10:03:40.016,28.5400,100
36220016434324,10:03:40.016,28.5400,50
36220016434324,10:03:40.016,28.5400,100
36220016434324,10:03:40.016,28.5400,68
36220016548582,10:03:40.016,28.5400,318
36220075172107,10:03:40.075,28.5400,100
36221831797706,10:03:41.831,28.5400,182
36227344820878,10:03:47.344,28.5500,100
36227354147424,10:03:47.354,28.5500,100
36227354147424,10:03:47.354,28.5500,100
36227354242523,10:03:47.354,28.5500,100
36227354267065,10:03:47.354,28.5500,100
36227354494809,10:03:47.354,28.5500,200
36227354494809,10:03:47.354,28.5500,100
36227654714187,10:03:47.654,28.5500,100
36237136308825,10:03:57.136,28.5600,100
36237726387779,10:03:57.726,28.5600,100
36237726387779,10:03:57.726,28.5600,100
36237726387779,10:03:57.726,28.5600,100
36239006355385,10:03:59.006,28.5700,100
36239008162762,10:03:59.008,28.5700,100
36239019129366,10:03:59.019,28.5700,100
36242826981030,10:04:02.826,28.5700,100
36260061022355,10:04:20.061,28.5600,1
36260061066073,10:04:20.061,28.5600,99
36260061066073,10:04:20.061,28.5600,100
36260061066073,10:04:20.061,28.5600,77
36260061066073,10:04:20.061,28.5600,9
36288913356162,10:04:48.913,28.5500,100
36288913356162,10:04:48.913,28.5500,200
36288913356162,10:04:48.913,28.5500,100
36288913356162,10:04:48.913,28.5500,9
36288913356162,10:04:48.913,28.5500,100
36288913403972,10:04:48.913,28.5500,100
36288913403972,10:04:48.913,28.5500,100
36288917635255,10:04:48.917,28.5400,100
36288917635255,10:04:48.917,28.5400,100
36288917635255,10:04:48.917,28.5400,300
36289806606875,10:04:49.806,28.5500,100
36297347728661,10:04:57.347,28.5400,100
36297347728661,10:04:57.347,28.5400,100
36327821543870,10:05:27.821,28.5300,100
36352172471221,10:05:52.172,28.5500,100
36352172471221,10:05:52.172,28.5500,200
36352734518094,10:05:52.734,28.5500,100
36352734518094,10:05:52.734,28.5500,100
36352734518094,10:05:52.734,28.5500,100
36352890921229,10:05:52.890,28.5500,100
36352890921229,10:05:52.890,28.5500,100
36362203327067,10:06:02.203,28.5500,100
36362203327067,10:06:02.203,28.5500,2
36362203343233,10:06:02.203,28.5500,150
36362203441812,10:06:02.203,28.5500,48
36366951839650,10:06:06.951,28.5500,9
36371096070854,10:06:11.096,28.5500,100
36371418991698,10:06:11.418,28.5600,100
36371418991698,10:06:11.418,28.5600,100
36371418991698,10:06:11.418,28.5600,100
36371419053353,10:06:11.419,28.5600,100
36371419246997,10:06:11.419,28.5600,200
36371424849681,10:06:11.424,28.5600,100
36371915218404,10:06:11.915,28.5600,67
36371915218404,10:06:11.915,28.5600,33
36371915278607,10:06:11.915,28.5600,33
36381897690652,10:06:21.897,28.5700,100
36381897754507,10:06:21.897,28.5700,100
36386158073666,10:06:26.158,28.5700,100
36391843818470,10:06:31.843,28.5750,100
36411006102139,10:06:51.006,28.5700,100
36411006102139,10:06:51.006,28.5700,200
36413091080145,10:06:53.091,28.5600,100
36413091359246,10:06:53.091,28.5600,200
36413091359246,10:06:53.091,28.5600,200
36413091359246,10:06:53.091,28.5600,100
36413091359246,10:06:53.091,28.5600,100
36413091359246,10:06:53.091,28.5600,200
36413091359246,10:06:53.091,28.5600,184
36413092185408,10:06:53.092,28.5600,66
36421457097687,10:07:01.457,28.5500,100
36456735797274,10:07:36.735,28.5400,100
36456735797274,10:07:36.735,28.5400,200
36456735797274,10:07:36.735,28.5400,100
36456735797274,10:07:36.735,28.5400,200
36467767403736,10:07:47.767,28.5300,100
36467767403736,10:07:47.767,28.5300,100
36467767488666,10:07:47.767,28.5300,100
36475418378450,10:07:55.418,28.5400,100
36475418378450,10:07:55.418,28.5400,300
36487363031383,10:08:07.363,28.5500,100
36487363031383,10:08:07.363,28.5500,6
36487363031383,10:08:07.363,28.5500,100
36488794923238,10:08:08.794,28.5600,100
36490115660523,10:08:10.115,28.5600,9
36504169933960,10:08:24.169,28.5600,28
36504845172702,10:08:24.845,28.5600,100
36507136869072,10:08:27.136,28.5600,100
36507136869072,10:08:27.136,28.5600,100
36508261900434,10:08:28.261,28.5600,100
36521214892706,10:08:41.214,28.5500,168
36521215255743,10:08:41.215,28.5500,132
36521215255743,10:08:41.215,28.5500,100
36521215255743,10:08:41.215,28.5500,68
36521215345467,10:08:41.215,28.5500,32
36521215345467,10:08:41.215,28.5500,100
36532476049175,10:08:52.476,28.5500,100
36532476049175,10:08:52.476,28.5500,100
36558169054364,10:09:18.169,28.5500,200
36558169054364,10:09:18.169,28.5500,200
36570048825536,10:09:30.048,28.5500,50
36570048850206,10:09:30.048,28.5500,50
36570048850206,10:09:30.048,28.5500,100
36574992710552,10:09:34.992,28.5500,16
36582493241702,10:09:42.493,28.5400,100
36582493241702,10:09:42.493,28.5400,100
36609703864192,10:10:09.703,28.5500,100
36609703864192,10:10:09.703,28.5500,100
36631064756204,10:10:31.064,28.5500,100
36631064756204,10:10:31.064,28.5500,5
36631871850235,10:10:31.871,28.5400,95
36631917682350,10:10:31.917,28.5400,5
36631917682350,10:10:31.917,28.5400,95
36644326580741,10:10:44.326,28.5500,100
36661380096811,10:11:01.380,28.5600,100
36661380096811,10:11:01.380,28.5600,100
36661380096811,10:11:01.380,28.5600,100
36661380408320,10:11:01.380,28.5600,100
36661380411428,10:11:01.380,28.5600,100
36661382813977,10:11:01.382,28.5600,100
36667743428761,10:11:07.743,28.5700,100
36667743428761,10:11:07.743,28.5700,200
36668072961071,10:11:08.072,28.5800,100
36668072961071,10:11:08.072,28.5800,196
36668072961071,10:11:08.072,28.5800,4
36668959454981,10:11:08.959,28.5800,2
36668959454981,10:11:08.959,28.5800,100
36668960182540,10:11:08.960,28.5800,12
36669571626074,10:11:09.571,28.5800,100
36681015032514,10:11:21.015,28.5800,100
36681070289893,10:11:21.070,28.5800,100
36697828632640,10:11:37.828,28.5750,100
36708663160462,10:11:48.663,28.5900,12
36708663160462,10:11:48.663,28.5900,100
36708663160462,10:11:48.663,28.5900,6
36708689648808,10:11:48.689,28.6000,100
36708689915317,10:11:48.689,28.6000,100
36708690771451,10:11:48.690,28.6000,100
36721459855062,10:12:01.459,28.6100,100
36730275272130,10:12:10.275,28.6150,100
36738132482904,10:12:18.132,28.6200,6
36738132482904,10:12:18.132,28.6200,300
36738132482904,10:12:18.132,28.6200,100
36778545492671,10:12:58.545,28.6250,100
36778545492671,10:12:58.545,28.6250,100
36778545492671,10:12:58.545,28.6200,8
36778545492671,10:12:58.545,28.6200,400
36778545492671,10:12:58.545,28.6200,100
36778545492671,10:12:58.545,28.6200,100
36778545583440,10:12:58.545,28.6200,100
36778545583440,10:12:58.545,28.6200,100
36778566155195,10:12:58.566,28.6100,100
36778566887095,10:12:58.566,28.6100,100
36781668742579,10:13:01.668,28.6100,6
36781669482408,10:13:01.669,28.6100,80
36781669482408,10:13:01.669,28.6100,20
36792527575216,10:13:12.527,28.6100,100
36814289015591,10:13:34.289,28.6000,100
36814353612928,10:13:34.353,28.6000,100
36831407618552,10:13:51.407,28.6000,100
36895803096816,10:14:55.803,28.6000,200
36895803108182,10:14:55.803,28.6000,100
36897146960195,10:14:57.146,28.6000,63
36900136281594,10:15:00.136,28.5900,100
36900136281594,10:15:00.136,28.5900,200
36900136281594,10:15:00.136,28.5900,100
36900136281594,10:15:00.136,28.5900,10
36900700944986,10:15:00.700,28.5800,100
36917453913664,10:15:17.453,28.5700,100
36920502242894,10:15:20.502,28.5700,100
36925004135137,10:15:25.004,28.5700,100
36929682356959,10:15:29.682,28.5700,34
36929682356959,10:15:29.682,28.5700,66
36950446767079,10:15:50.446,28.5700,100
36958132254442,10:15:58.132,28.5600,100
36958132280999,10:15:58.132,28.5600,100
36958132280999,10:15:58.132,28.5600,200
36967396678419,10:16:07.396,28.5500,100
36967396686157,10:16:07.396,28.5500,10
36967396686157,10:16:07.396,28.5500,90
36967396705163,10:16:07.396,28.5500,10
36967396705163,10:16:07.396,28.5500,100
36975295752860,10:16:15.295,28.5500,300
36992750162765,10:16:32.750,28.5600,100
36992750176244,10:16:32.750,28.5600,200
36994955730464,10:16:34.955,28.5700,6
36994955730464,10:16:34.955,28.5700,100
36994955982751,10:16:34.955,28.5700,100
36994955982751,10:16:34.955,28.5700,31
36994955982751,10:16:34.955,28.5700,100
36994955982751,10:16:34.955,28.5700,60
36994955982751,10:16:34.955,28.5700,100
37005327540054,10:16:45.327,28.5600,100
37005327570417,10:16:45.327,28.5600,200
37005327593548,10:16:45.327,28.5600,100
37005327593548,10:16:45.327,28.5600,100
37021402768345,10:17:01.402,28.5500,200
37021402768345,10:17:01.402,28.5500,100
37021402768345,10:17:01.402,28.5500,10
37030314962412,10:17:10.314,28.5500,100
37032806468644,10:17:12.806,28.5500,30
37032806468644,10:17:12.806,28.5500,100
37032806798915,10:17:12.806,28.5500,100
37033593860877,10:17:13.593,28.5500,53
37033624137275,10:17:13.624,28.5500,100
37033624137275,10:17:13.624,28.5500,60
37047865900253,10:17:27.865,28.5600,100
37047865900253,10:17:27.865,28.5600,100
37047865929485,10:17:27.865,28.5600,6
37057366542094,10:17:37.366,28.5700,100
37057366542094,10:17:37.366,28.5700,100
37057366586109,10:17:37.366,28.5700,100
37063055403174,10:17:43.055,28.5800,100
37063055403174,10:17:43.055,28.5800,100
37063055403174,10:17:43.055,28.5800,700
37063055403174,10:17:43.055,28.5800,6
37063072193383,10:17:43.072,28.5900,300
37063072193383,10:17:43.072,28.5900,100
37063072193383,10:17:43.072,28.5900,100
37063072193383,10:17:43.072,28.5900,100
37063072193383,10:17:43.072,28.5900,100
37063072193383,10:17:43.072,28.5900,100
37063072193383,10:17:43.072,28.5900,100
37063072193383,10:17:43.072,28.5900,100
37063072193383,10:17:43.072,28.5900,800
37063072193383,10:17:43.072,28.5900,100
37063072193383,10:17:43.072,28.5900,100
37063072256762,10:17:43.072,28.5900,100
37076880008606,10:17:56.880,28.5950,100
37076880008606,10:17:56.880,28.5950,100
37076881696529,10:17:56.881,28.5900,57
37076881696529,10:17:56.881,28.5900,214
37076881696529,10:17:56.881,28.5900,129
37076881765106,10:17:56.881,28.5900,71
37076881765106,10:17:56.881,28.5900,100
37087382093158,10:18:07.382,28.5800,91
37087382093158,10:18:07.382,28.5800,7
37087382093158,10:18:07.382,28.5800,100
37103269930018,10:18:23.269,28.5800,3
37105463394007,10:18:25.463,28.5700,100
37105463394007,10:18:25.463,28.5700,100
37105463394007,10:18:25.463,28.5700,200
37136503785144,10:18:56.503,28.5700,100
37136503785144,10:18:56.503,28.5700,6
37136503785144,10:18:56.503,28.5700,100
37136503785144,10:18:56.503,28.5700,100
37151543305568,10:19:11.543,28.5800,297
37151543305568,10:19:11.543,28.5800,300
37151543305568,10:19:11.543,28.5800,100
37151543331180,10:19:11.543,28.5800,300
37151543331180,10:19:11.543,28.5800,15
37151543409185,10:19:11.543,28.5800,100
37151543410725,10:19:11.543,28.5800,100
37151543418107,10:19:11.543,28.5800,85
37151559861518,10:19:11.559,28.5900,100
37151559861518,10:19:11.559,28.5900,100
37151559861518,10:19:11.559,28.5900,100
37151559861518,10:19:11.559,28.5900,6
37177367642501,10:19:37.367,28.6000,100
37177367642501,10:19:37.367,28.6000,400
37192293121343,10:19:52.293,28.6100,100
37192551132377,10:19:52.551,28.6100,100
37201157991705,10:20:01.157,28.6100,100
37201158017092,10:20:01.158,28.6100,4
37201158021310,10:20:01.158,28.6100,4
37220004771805,10:20:20.004,28.6200,6
37220004771805,10:20:20.004,28.6200,196
37225941414724,10:20:25.941,28.6300,100
37226052553662,10:20:26.052,28.6300,100
37226784593570,10:20:26.784,28.6300,8
37232143167933,10:20:32.143,28.6400,100
37232143167933,10:20:32.143,28.6400,100
37232866486181,10:20:32.866,28.6400,100
37232866486181,10:20:32.866,28.6400,100
37232866486181,10:20:32.866,28.6400,100
37232866676906,10:20:32.866,28.6400,100
37232866676906,10:20:32.866,28.6400,100
37232867528905,10:20:32.867,28.6400,33
37232867528905,10:20:32.867,28.6400,200
37232867528905,10:20:32.867,28.6400,100
37232867528905,10:20:32.867,28.6400,67
37270797404026,10:21:10.797,28.6300,100
37270797914005,10:21:10.797,28.6300,100
37270797914005,10:21:10.797,28.6300,5
37270798214929,10:21:10.798,28.6300,17
37270798278088,10:21:10.798,28.6300,100
37270798299437,10:21:10.798,28.6300,78
37270798299437,10:21:10.798,28.6300,6
37270798299437,10:21:10.798,28.6300,16
37270798342415,10:21:10.798,28.6300,84
37270798342415,10:21:10.798,28.6300,100
37270798342415,10:21:10.798,28.6300,16
37270798381746,10:21:10.798,28.6300,84
37271426373713,10:21:11.426,28.6200,100
37271426373713,10:21:11.426,28.6200,100
37271426373713,10:21:11.426,28.6200,100
37271426373713,10:21:11.426,28.6200,100
37271426373713,10:21:11.426,28.6200,100
37271426373713,10:21:11.426,28.6200,300
37271426768881,10:21:11.426,28.6200,100
37271426768881,10:21:11.426,28.6200,100
37271426768881,10:21:11.426,28.6200,300
37271426768881,10:21:11.426,28.6200,100
37271426768881,10:21:11.426,28.6200,65
37280628189179,10:21:20.628,28.6300,100
37280628189179,10:21:20.628,28.6300,84
37280628189179,10:21:20.628,28.6300,300
37280628189179,10:21:20.628,28.6300,100
37280628189179,10:21:20.628,28.6300,100
37283497861028,10:21:23.497,28.6400,100
37284370834573,10:21:24.370,28.6400,6
37284370834573,10:21:24.370,28.6400,94
37284370876665,10:21:24.370,28.6400,6
37292425488671,10:21:32.425,28.6500,100
37292425488671,10:21:32.425,28.6500,700
37292425488671,10:21:32.425,28.6500,4
37296228150471,10:21:36.228,28.6600,100
37296228150471,10:21:36.228,28.6600,100
37323005151716,10:22:03.005,28.6700,100
37323005151716,10:22:03.005,28.6700,6
37328863365231,10:22:08.863,28.6750,100
37353421987470,10:22:33.421,28.6900,100
37353421987470,10:22:33.421,28.6900,300
37354004900696,10:22:34.004,28.7000,100
37354004900696,10:22:34.004,28.7000,100
37354004905326,10:22:34.004,28.7000,100
37370101957752,10:22:50.101,28.7100,100
37370101957752,10:22:50.101,28.7100,100
37370101957752,10:22:50.101,28.7100,100
37372255514195,10:22:52.255,28.7100,300
37372255546229,10:22:52.255,28.7100,57
37372255546229,10:22:52.255,28.7100,5
37380180258275,10:23:00.180,28.7050,100
37380180258275,10:23:00.180,28.7050,100
37380180258275,10:23:00.180,28.7000,100
37380180258275,10:23:00.180,28.7000,200
37380180258275,10:23:00.180,28.7000,100
37380180258275,10:23:00.180,28.7000,100
37380180335366,10:23:00.180,28.7000,13
37380180335366,10:23:00.180,28.7000,200
37382807465877,10:23:02.807,28.7000,2
37449765604025,10:24:09.765,28.7000,100
37449765604025,10:24:09.765,28.7000,100
37449765604025,10:24:09.765,28.7000,100
37455910345872,10:24:15.910,28.7000,2
37455910345872,10:24:15.910,28.7000,98
37455910510339,10:24:15.910,28.7000,2
37468575930856,10:24:28.575,28.6900,100
37468575930856,10:24:28.575,28.6900,100
37468575930856,10:24:28.575,28.6900,100
37468575930856,10:24:28.575,28.6900,100
37468575930856,10:24:28.575,28.6900,4
37468575930856,10:24:28.575,28.6900,100
37478564476096,10:24:38.564,28.6800,50
37478564494084,10:24:38.564,28.6800,50
37478564494084,10:24:38.564,28.6800,100
37478564568988,10:24:38.564,28.6800,100
37480271788498,10:24:40.271,28.6700,100
37502285586607,10:25:02.285,28.6700,100
37502285613625,10:25:02.285,28.6700,200
37502285613625,10:25:02.285,28.6700,4
37502285613625,10:25:02.285,28.6700,200
37502285613625,10:25:02.285,28.6700,200
37502291753190,10:25:02.291,28.6800,100
37502291753190,10:25:02.291,28.6800,100
37502291753190,10:25:02.291,28.6800,100
37502291753190,10:25:02.291,28.6800,100
37502291753190,10:25:02.291,28.6800,100
37502291753190,10:25:02.291,28.6800,100
37502291828469,10:25:02.291,28.6800,200
37504213632361,10:25:04.213,28.6800,363
37512724788772,10:25:12.724,28.6900,100
37512725265527,10:25:12.725,28.6900,100
37512725464081,10:25:12.725,28.6900,100
37512725566683,10:25:12.725,28.6900,100
37514397362122,10:25:14.397,28.6900,100
37532027617933,10:25:32.027,28.7000,100
37546142100999,10:25:46.142,28.7100,300
37546142100999,10:25:46.142,28.7100,100
37546142100999,10:25:46.142,28.7100,100
37546237756192,10:25:46.237,28.7150,100
37546237756192,10:25:46.237,28.7150,100
37546249487641,10:25:46.249,28.7100,38
37546249487641,10:25:46.249,28.7100,67
37546249487641,10:25:46.249,28.7100,23
37549120501233,10:25:49.120,28.7000,100
37549120501233,10:25:49.120,28.7000,100
37549120501233,10:25:49.120,28.7000,100
37549120501233,10:25:49.120,28.7000,100
37558407267151,10:25:58.407,28.7000,100
37574152521542,10:26:14.152,28.7000,5
37592233469106,10:26:32.233,28.6900,200
37605659575738,10:26:45.659,28.6800,17
37605659575738,10:26:45.659,28.6800,100
37605659575738,10:26:45.659,28.6800,7
37605659604188,10:26:45.659,28.6800,93
37617621540333,10:26:57.621,28.6800,100
37617621540333,10:26:57.621,28.6800,300
37617621540333,10:26:57.621,28.6800,4
37649353368440,10:27:29.353,28.6900,300
37649353368440,10:27:29.353,28.6900,73
37649353412647,10:27:29.353,28.6900,27
37649353412647,10:27:29.353,28.6900,100
37649353412647,10:27:29.353,28.6900,100
37700846635243,10:28:20.846,28.7000,2
37710009420835,10:28:30.009,28.7000,98
37710009420835,10:28:30.009,28.7000,100
37710009420835,10:28:30.009,28.7000,100
37710009420835,10:28:30.009,28.7000,200
37710009734460,10:28:30.009,28.7000,100
37710009734460,10:28:30.009,28.7000,35
37710009734460,10:28:30.009,28.7000,65
37727276377003,10:28:47.276,28.7000,33
37727276377003,10:28:47.276,28.7000,100
37727276377003,10:28:47.276,28.7000,58
37727276405084,10:28:47.276,28.7000,42
37727276405084,10:28:47.276,28.7000,100
37727276405084,10:28:47.276,28.7000,100
37736999703636,10:28:56.999,28.7000,200
37736999703636,10:28:56.999,28.7000,100
37736999703636,10:28:56.999,28.7000,100
37736999703636,10:28:56.999,28.7000,100
37736999703636,10:28:56.999,28.7000,100
37737803618860,10:28:57.803,28.7100,100
37818951816690,10:30:18.951,28.7100,100
37818952162798,10:30:18.952,28.7100,4
37818952162798,10:30:18.952,28.7100,100
37842130143106,10:30:42.130,28.7150,100
37842130143106,10:30:42.130,28.7100,592
37842130143106,10:30:42.130,28.7100,100
37842130143106,10:30:42.130,28.7100,100
37842130143106,10:30:42.130,28.7100,6
37842130173170,10:30:42.130,28.7100,100
37852132454509,10:30:52.132,28.7000,100
37852135063565,10:30:52.135,28.7000,100
37852135063565,10:30:52.135,28.7000,100
37852135063565,10:30:52.135,28.7000,100
37911214879004,10:31:51.214,28.6900,100
37911214879004,10:31:51.214,28.6900,82
37911214879004,10:31:51.214,28.6900,103
37911214910844,10:31:51.214,28.6900,97
37911214910844,10:31:51.214,28.6900,3
37942004727755,10:32:22.004,28.6850,33
37942004727755,10:32:22.004,28.6900,200
37942004727755,10:32:22.004,28.6900,100
37942004727755,10:32:22.004,28.6900,100
37942004727755,10:32:22.004,28.6900,100
37942004727755,10:32:22.004,28.6900,100
37942004727755,10:32:22.004,28.6900,67
37942004730136,10:32:22.004,28.6900,33
37949257806631,10:32:29.257,28.6900,100
37963436614478,10:32:43.436,28.6900,200
37963436614478,10:32:43.436,28.6900,100
37987999380261,10:33:07.999,28.7000,3
37997776418016,10:33:17.776,28.6950,100
37997776418016,10:33:17.776,28.6950,100
37997776418016,10:33:17.776,28.6900,100
37997776418016,10:33:17.776,28.6900,100
37997776418016,10:33:17.776,28.6900,100
37997776418016,10:33:17.776,28.6900,7
37997776493891,10:33:17.776,28.6900,84
37997776637868,10:33:17.776,28.6900,7
37997776637868,10:33:17.776,28.6900,100
38003699523122,10:33:23.699,28.6800,100
38003699523122,10:33:23.699,28.6800,100
38003699523122,10:33:23.699,28.6800,100
38003699523122,10:33:23.699,28.6800,100
38003699523122,10:33:23.699,28.6800,100
38003699523122,10:33:23.699,28.6800,100
38003699723393,10:33:23.699,28.6800,100
38003699723393,10:33:23.699,28.6800,200
38003699723393,10:33:23.699,28.6800,100
38003699723393,10:33:23.699,28.6800,100
38003699723393,10:33:23.699,28.6800,100
38003699723393,10:33:23.699,28.6800,38
38003699723393,10:33:23.699,28.6800,100
38003699723393,10:33:23.699,28.6800,100
38003699840440,10:33:23.699,28.6800,100
38003699840440,10:33:23.699,28.6800,100
38003699840440,10:33:23.699,28.6800,100
38003699840440,10:33:23.699,28.6800,38
38003699840440,10:33:23.699,28.6800,100
38003699840440,10:33:23.699,28.6800,100
38003699840440,10:33:23.699,28.6800,100
38003699840440,10:33:23.699,28.6800,100
38003700069596,10:33:23.700,28.6800,1
38003700642415,10:33:23.700,28.6800,38
38003700642415,10:33:23.700,28.6800,100
38003700642415,10:33:23.700,28.6800,100
38003700642415,10:33:23.700,28.6800,62
38029097890800,10:33:49.097,28.6800,62
38029097890800,10:33:49.097,28.6800,38
38029097919988,10:33:49.097,28.6800,462
38029097919988,10:33:49.097,28.6800,100
38029097919988,10:33:49.097,28.6800,100
38029098507782,10:33:49.098,28.6800,100
38053073345299,10:34:13.073,28.6700,100
38053073345299,10:34:13.073,28.6700,100
38053073345299,10:34:13.073,28.6700,100
38053073345299,10:34:13.073,28.6700,8
38053073345299,10:34:13.073,28.6700,100
38053073538584,10:34:13.073,28.6700,100
38066190468042,10:34:26.190,28.6600,100
38069250699304,10:34:29.250,28.6600,100
38071300685725,10:34:31.300,28.6600,100
38084287499595,10:34:44.287,28.6600,100
38084287499595,10:34:44.287,28.6600,300
38084287499595,10:34:44.287,28.6600,100
38092248514771,10:34:52.248,28.6500,100
38106972323621,10:35:06.972,28.6550,100
38106972323621,10:35:06.972,28.6600,39
38106972323621,10:35:06.972,28.6600,500
38106972323621,10:35:06.972,28.6600,300
38106972323621,10:35:06.972,28.6600,700
38106972323621,10:35:06.972,28.6600,100
38106972323621,10:35:06.972,28.6600,4
38106972328961,10:35:06.972,28.6600,96
38106972328961,10:35:06.972,28.6600,4
38106972328961,10:35:06.972,28.6600,600
38106972328961,10:35:06.972,28.6600,200
38121138390666,10:35:21.138,28.6600,85
38171711385568,10:36:11.711,28.6700,100
38171711385568,10:36:11.711,28.6700,200
38171711385568,10:36:11.711,28.6700,700
38171711385568,10:36:11.711,28.6700,100
38171711385568,10:36:11.711,28.6700,100
38171711385568,10:36:11.711,28.6700,100
38171714564266,10:36:11.714,28.6800,100
38171714564266,10:36:11.714,28.6800,14
38171741105066,10:36:11.741,28.6800,286
38171741105066,10:36:11.741,28.6800,100
38171741646192,10:36:11.741,28.6800,100
38171741646192,10:36:11.741,28.6800,100
38171741646192,10:36:11.741,28.6800,100
38207300953218,10:36:47.300,28.6850,100
38207300953218,10:36:47.300,28.6850,100
38234782193321,10:37:14.782,28.6800,486
38234782193321,10:37:14.782,28.6800,7
38234782193321,10:37:14.782,28.6800,8
38234782193321,10:37:14.782,28.6800,100
38234782193321,10:37:14.782,28.6800,100
38234782193321,10:37:14.782,28.6800,100
38234782193321,10:37:14.782,28.6800,200
38234782193321,10:37:14.782,28.6800,100
38235225783235,10:37:15.225,28.6700,100
38235225783235,10:37:15.225,28.6700,100
38235225783235,10:37:15.225,28.6700,100
38235225783235,10:37:15.225,28.6700,100
38235225783235,10:37:15.225,28.6700,100
38235225783235,10:37:15.225,28.6700,200
38235519496616,10:37:15.519,28.6600,15
38235519496616,10:37:15.519,28.6600,85
38235519523114,10:37:15.519,28.6600,415
38240309856029,10:37:20.309,28.6500,100
38240409572192,10:37:20.409,28.6500,100
38240409572192,10:37:20.409,28.6500,100
38240409572192,10:37:20.409,28.6500,100
38256028992119,10:37:36.028,28.6500,200
38256028992119,10:37:36.028,28.6500,100
38259710133223,10:37:39.710,28.6400,100
38259710133223,10:37:39.710,28.6400,100
38260222666797,10:37:40.222,28.6400,115
38260222666797,10:37:40.222,28.6400,100
38271840381186,10:37:51.840,28.6400,100
38271840381186,10:37:51.840,28.6400,100
38277923750113,10:37:57.923,28.6300,100
38277923750113,10:37:57.923,28.6300,100
38277924146290,10:37:57.924,28.6300,5
38278484750353,10:37:58.484,28.6300,100
38284066486138,10:38:04.066,28.6300,100
38289922329558,10:38:09.922,28.6400,100
38311724381261,10:38:31.724,28.6400,100
38311724381261,10:38:31.724,28.6400,10
38341028724265,10:39:01.028,28.6400,300
38342025551510,10:39:02.025,28.6500,100
38342025579266,10:39:02.025,28.6500,200
38342025579266,10:39:02.025,28.6500,100
38342025579266,10:39:02.025,28.6500,100
38342025579266,10:39:02.025,28.6500,100
38342025579266,10:39:02.025,28.6500,100
38342025590088,10:39:02.025,28.6500,103
38342025768098,10:39:02.025,28.6500,300
38366745509923,10:39:26.745,28.6500,200
38366745509923,10:39:26.745,28.6500,114
38366745509923,10:39:26.745,28.6500,6
38371331756421,10:39:31.331,28.6400,70
38371331785886,10:39:31.331,28.6400,30
38372800635736,10:39:32.800,28.6300,100
38372800677895,10:39:32.800,28.6300,100
38372802350355,10:39:32.802,28.6300,100
38372802350355,10:39:32.802,28.6300,100
38372802350355,10:39:32.802,28.6300,100
38381113692359,10:39:41.113,28.6300,100
38381113692359,10:39:41.113,28.6300,100
38381113692359,10:39:41.113,28.6300,200
38381113738588,10:39:41.113,28.6300,4
38386003968344,10:39:46.003,28.6300,100
38393118445803,10:39:53.118,28.6300,490
38394337083906,10:39:54.337,28.6400,100
38394337083906,10:39:54.337,28.6400,100
38394337083906,10:39:54.337,28.6400,100
38394337083906,10:39:54.337,28.6400,100
38394337083906,10:39:54.337,28.6400,100
38394337268693,10:39:54.337,28.6400,100
38394337268693,10:39:54.337,28.6400,200
38395315051813,10:39:55.315,28.6400,100
38398545050511,10:39:58.545,28.6400,100
38398545050511,10:39:58.545,28.6400,150
38398545050511,10:39:58.545,28.6400,100
38405005230345,10:40:05.005,28.6400,100
38405005290015,10:40:05.005,28.6400,50
38405473070646,10:40:05.473,28.6500,66
38407473214216,10:40:07.473,28.6500,66
38451186489500,10:40:51.186,28.6400,100
38451186489500,10:40:51.186,28.6400,9
38451186489500,10:40:51.186,28.6400,100
38451186489500,10:40:51.186,28.6400,100
38451186489500,10:40:51.186,28.6400,100
38451186489500,10:40:51.186,28.6400,100
38471361932761,10:41:11.361,28.6200,100
38471361932761,10:41:11.361,28.6200,100
38471363716364,10:41:11.363,28.6200,100
38511356133453,10:41:51.356,28.6100,100
38550333756946,10:42:30.333,28.6200,237
38550333786115,10:42:30.333,28.6200,263
38550333786115,10:42:30.333,28.6200,200
38550333786115,10:42:30.333,28.6200,300
38550333786115,10:42:30.333,28.6200,100
38550333786115,10:42:30.333,28.6200,4
38577789597251,10:42:57.789,28.6300,2
38598425080021,10:43:18.425,28.6300,100
38622869648050,10:43:42.869,28.6300,498
38622869648050,10:43:42.869,28.6300,100
38622869648050,10:43:42.869,28.6300,200
38622869746396,10:43:42.869,28.6300,218
38622869964940,10:43:42.869,28.6300,82
38622869964940,10:43:42.869,28.6300,100
38622869964940,10:43:42.869,28.6300,100
38622870092876,10:43:42.870,28.6300,80
38622870168662,10:43:42.870,28.6300,120
38636005432224,10:43:56.005,28.6400,100
38636005432224,10:43:56.005,28.6400,100
38636005515376,10:43:56.005,28.6400,100
38636005515376,10:43:56.005,28.6400,4
38636005515376,10:43:56.005,28.6400,100
38636005635267,10:43:56.005,28.6400,100
38636005805683,10:43:56.005,28.6400,49
38636005805683,10:43:56.005,28.6400,43
38636006119105,10:43:56.006,28.6400,100
38657353930810,10:44:17.353,28.6500,197
38657353930810,10:44:17.353,28.6500,3
38657353962461,10:44:17.353,28.6500,97
38657353967724,10:44:17.353,28.6500,97
38657353992134,10:44:17.353,28.6500,3
38657354125859,10:44:17.354,28.6500,100
38657354300901,10:44:17.354,28.6500,40
38657428733913,10:44:17.428,28.6500,100
38657428733913,10:44:17.428,28.6500,51
38662213742077,10:44:22.213,28.6600,144
38662213870291,10:44:22.213,28.6600,56
38662213870291,10:44:22.213,28.6600,100
38662213870291,10:44:22.213,28.6600,43
38662215120126,10:44:22.215,28.6600,57
38662215120126,10:44:22.215,28.6600,100
38662215120126,10:44:22.215,28.6600,100
38662215120126,10:44:22.215,28.6600,100
38662215120126,10:44:22.215,28.6600,100
38690859840405,10:44:50.859,28.6600,27
38690859888596,10:44:50.859,28.6650,100
38690859888596,10:44:50.859,28.6650,100
38690859888596,10:44:50.859,28.6600,73
38690859888596,10:44:50.859,28.6600,100
38690859888596,10:44:50.859,28.6600,300
38690859888596,10:44:50.859,28.6600,10
38690859888596,10:44:50.859,28.6600,100
38690859888596,10:44:50.859,28.6600,13
38690859888596,10:44:50.859,28.6600,200
38690859921847,10:44:50.859,28.6600,100
38690859921847,10:44:50.859,28.6600,100
38696752914680,10:44:56.752,28.6600,100
38696752914680,10:44:56.752,28.6600,100
38696752914680,10:44:56.752,28.6600,400
38707080638847,10:45:07.080,28.6700,100
38707081869569,10:45:07.081,28.6700,100
38712030763014,10:45:12.030,28.6700,100
38758137023975,10:45:58.137,28.6700,100
38758137023975,10:45:58.137,28.6700,100
38758137023975,10:45:58.137,28.6700,100
38758137023975,10:45:58.137,28.6700,148
38758137026957,10:45:58.137,28.6700,52
38758137026957,10:45:58.137,28.6700,10
38758137026957,10:45:58.137,28.6700,2
38777917941551,10:46:17.917,28.6600,11
38777917941551,10:46:17.917,28.6600,100
38777917941551,10:46:17.917,28.6600,100
38778331013565,10:46:18.331,28.6600,100
38810887539051,10:46:50.887,28.6500,100
38810887539051,10:46:50.887,28.6500,100
38810887539051,10:46:50.887,28.6500,71
38810887539051,10:46:50.887,28.6500,200
38810887539051,10:46:50.887,28.6500,100
38812710670468,10:46:52.710,28.6500,22
38830523893168,10:47:10.523,28.6400,100
38905708785879,10:48:25.708,28.6400,3
38907628177007,10:48:27.628,28.6400,97
38907628177007,10:48:27.628,28.6400,33
38907628259306,10:48:27.628,28.6400,267
38907628259306,10:48:27.628,28.6400,32
38907628262057,10:48:27.628,28.6400,68
38907628262057,10:48:27.628,28.6400,4
38907628262057,10:48:27.628,28.6400,28
38907628277567,10:48:27.628,28.6400,63
38907628277567,10:48:27.628,28.6400,100
38910024441242,10:48:30.024,28.6400,100
38910024441242,10:48:30.024,28.6400,100
38910025158210,10:48:30.025,28.6400,22
38916696736050,10:48:36.696,28.6400,300
38940811724362,10:49:00.811,28.6500,100
38940811724362,10:49:00.811,28.6500,100
38940811724362,10:49:00.811,28.6500,100
38940811724362,10:49:00.811,28.6500,100
38940811724362,10:49:00.811,28.6500,100
38940812169383,10:49:00.812,28.6500,1420
38940812199110,10:49:00.812,28.6500,480
38940812199110,10:49:00.812,28.6500,200
38940812199110,10:49:00.812,28.6500,100
38940812199110,10:49:00.812,28.6500,47
38940812199110,10:49:00.812,28.6500,100
38940812199110,10:49:00.812,28.6500,30
38940812199110,10:49:00.812,28.6500,100
38945023918609,10:49:05.023,28.6450,100
38945023918609,10:49:05.023,28.6450,100
38945023918609,10:49:05.023,28.6400,46
38961794149147,10:49:21.794,28.6500,100
38961794149147,10:49:21.794,28.6500,100
38961794149147,10:49:21.794,28.6500,100
38961794313381,10:49:21.794,28.6500,100
38989015287784,10:49:49.015,28.6500,100
38989015287784,10:49:49.015,28.6500,50
38989015340533,10:49:49.015,28.6500,50
38989015340533,10:49:49.015,28.6500,200
38989015340533,10:49:49.015,28.6500,11
38989015340533,10:49:49.015,28.6500,100
38989015340533,10:49:49.015,28.6500,200
38989015401513,10:49:49.015,28.6500,100
38989026455562,10:49:49.026,28.6500,100
38989048065265,10:49:49.048,28.6500,53
38989048065265,10:49:49.048,28.6500,44
38990117437850,10:49:50.117,28.6500,56
38990117437850,10:49:50.117,28.6500,100
38990117437850,10:49:50.117,28.6500,400
38999011368406,10:49:59.011,28.6400,200
38999011368406,10:49:59.011,28.6400,100
38999011368406,10:49:59.011,28.6400,100
38999011368406,10:49:59.011,28.6400,100
38999011368406,10:49:59.011,28.6300,100
38999011368406,10:49:59.011,28.6300,100
38999011368406,10:49:59.011,28.6300,100
38999011368406,10:49:59.011,28.6300,100
38999011368406,10:49:59.011,28.6300,100
38999011368406,10:49:59.011,28.6300,900
38999011368406,10:49:59.011,28.6300,300
38999011368406,10:49:59.011,28.6300,100
38999011368406,10:49:59.011,28.6300,100
39005020238563,10:50:05.020,28.6200,100
39057059328713,10:50:57.059,28.6300,48
39057827884285,10:50:57.827,28.6300,1
39075005407096,10:51:15.005,28.6300,51
39075005407096,10:51:15.005,28.6300,400
39075005407096,10:51:15.005,28.6300,500
39075005407096,10:51:15.005,28.6300,100
39075005407096,10:51:15.005,28.6300,4
39075005407096,10:51:15.005,28.6300,11
39075464206442,10:51:15.464,28.6400,600
39075464206442,10:51:15.464,28.6400,148
39075464347819,10:51:15.464,28.6400,47
39075464376088,10:51:15.464,28.6400,553
39075464376088,10:51:15.464,28.6400,100
39075464376088,10:51:15.464,28.6400,100
39075464538001,10:51:15.464,28.6400,52
39075464538001,10:51:15.464,28.6400,100
39080023424898,10:51:20.023,28.6400,18
39080118590095,10:51:20.118,28.6450,100
39116005366692,10:51:56.005,28.6500,100
39116005366692,10:51:56.005,28.6500,50
39116005370702,10:51:56.005,28.6500,50
39116005370702,10:51:56.005,28.6500,149
39116005382553,10:51:56.005,28.6500,251
39116005382553,10:51:56.005,28.6500,2
39116005382553,10:51:56.005,28.6500,100
39127629986330,10:52:07.629,28.6600,100
39127629986330,10:52:07.629,28.6600,35
39151266277472,10:52:31.266,28.6600,65
39151266277472,10:52:31.266,28.6600,35
39179232028315,10:52:59.232,28.6550,100
39179232352719,10:52:59.232,28.6500,200
39179232352719,10:52:59.232,28.6500,100
39179232352719,10:52:59.232,28.6500,100
39179232352719,10:52:59.232,28.6500,10
39179232352719,10:52:59.232,28.6500,100
39179232352719,10:52:59.232,28.6500,200
39180127758496,10:53:00.127,28.6400,100
39180127787308,10:53:00.127,28.6400,400
39180127787308,10:53:00.127,28.6400,200
39180127787308,10:53:00.127,28.6400,100
39219569524114,10:53:39.569,28.6300,100
39219569524114,10:53:39.569,28.6300,200
39219569524114,10:53:39.569,28.6300,100
39219569524114,10:53:39.569,28.6300,100
39219569864508,10:53:39.569,28.6300,100
39219569864508,10:53:39.569,28.6300,100
39227677812733,10:53:47.677,28.6300,200
39249428675634,10:54:09.428,28.6400,100
39249428675634,10:54:09.428,28.6400,10
39249428675634,10:54:09.428,28.6400,490
39249428727872,10:54:09.428,28.6400,510
39249428727872,10:54:09.428,28.6400,100
39249428727872,10:54:09.428,28.6400,4
39249428727872,10:54:09.428,28.6400,100
39249428737675,10:54:09.428,28.6400,100
39249428834232,10:54:09.428,28.6400,100
39249428834232,10:54:09.428,28.6400,100
39249430935184,10:54:09.430,28.6500,200
39249430935184,10:54:09.430,28.6500,100
39249430935184,10:54:09.430,28.6500,100
39249430935184,10:54:09.430,28.6500,100
39249430935184,10:54:09.430,28.6500,800
39249430935184,10:54:09.430,28.6500,100
39249431497959,10:54:09.431,28.6500,100
39249431497959,10:54:09.431,28.6500,100
39270011770805,10:54:30.011,28.6600,65
39270011770805,10:54:30.011,28.6600,100
39270011770805,10:54:30.011,28.6600,100
39270011770805,10:54:30.011,28.6600,100
39270011770805,10:54:30.011,28.6600,100
39270011858497,10:54:30.011,28.6600,100
39270011965506,10:54:30.011,28.6600,100
39274105918653,10:54:34.105,28.6650,100
39274105918653,10:54:34.105,28.6650,100
39274105918653,10:54:34.105,28.6600,100
39274105918653,10:54:34.105,28.6600,47
39274105918653,10:54:34.105,28.6600,11
39274105918653,10:54:34.105,28.6600,100
39274106148309,10:54:34.106,28.6600,100
39274106148309,10:54:34.106,28.6600,100
39278365771328,10:54:38.365,28.6600,20
39279812324711,10:54:39.812,28.6650,100
39279812324711,10:54:39.812,28.6650,100
39280163162262,10:54:40.163,28.6600,100
39281281621605,10:54:41.281,28.6600,100
39296130037596,10:54:56.130,28.6600,100
39334673568300,10:55:34.673,28.6700,100
39334673568300,10:55:34.673,28.6700,100
39334673568300,10:55:34.673,28.6700,200
39334673568300,10:55:34.673,28.6700,200
39367956640625,10:56:07.956,28.6750,100
39367956640625,10:56:07.956,28.6700,400
39367956640625,10:56:07.956,28.6700,100
39367956640625,10:56:07.956,28.6700,100
39367956640625,10:56:07.956,28.6700,100
39367956640625,10:56:07.956,28.6700,10
39367956674767,10:56:07.956,28.6700,90
39367956674767,10:56:07.956,28.6700,10
39367956676121,10:56:07.956,28.6700,100
39367966311870,10:56:07.966,28.6700,73
39398631558082,10:56:38.631,28.6600,200
39398631597659,10:56:38.631,28.6600,400
39457358576605,10:57:37.358,28.6550,100
39466913688686,10:57:46.913,28.6550,100
39466913688686,10:57:46.913,28.6500,100
39466913688686,10:57:46.913,28.6500,300
39466913688686,10:57:46.913,28.6500,100
39466913703508,10:57:46.913,28.6500,100
39466998811929,10:57:46.998,28.6400,100
39466998811929,10:57:46.998,28.6400,100
39466998811929,10:57:46.998,28.6400,100
39473079709099,10:57:53.079,28.6300,100
39473079709099,10:57:53.079,28.6300,100
39473079709099,10:57:53.079,28.6300,138
39473079709099,10:57:53.079,28.6300,100
39473079709099,10:57:53.079,28.6300,6
39473080219130,10:57:53.080,28.6300,100
39473080219130,10:57:53.080,28.6300,5
39473080248660,10:57:53.080,28.6300,95
39473080538472,10:57:53.080,28.6300,100
39473080538472,10:57:53.080,28.6300,100
39489395353150,10:58:09.395,28.6300,10
39489395378085,10:58:09.395,28.6300,90
39489395378085,10:58:09.395,28.6300,100
39489395378085,10:58:09.395,28.6300,380
39499118154286,10:58:19.118,28.6350,100
39518226123564,10:58:38.226,28.6350,100
39518226123564,10:58:38.226,28.6350,100
39518226123564,10:58:38.226,28.6300,11
39518226154114,10:58:38.226,28.6300,89
39518226154114,10:58:38.226,28.6300,11
39518226154114,10:58:38.226,28.6300,100
39536757373575,10:58:56.757,28.6300,300
39536757373575,10:58:56.757,28.6300,100
39579118312101,10:59:39.118,28.6350,100
39601233445213,11:00:01.233,28.6400,100
39601233451335,11:00:01.233,28.6400,100
39601557149574,11:00:01.557,28.6400,100
39601557149574,11:00:01.557,28.6400,200
39601557149574,11:00:01.557,28.6400,100
39601557149574,11:00:01.557,28.6400,4
39601557149574,11:00:01.557,28.6400,96
39601557209846,11:00:01.557,28.6400,2
39601557221576,11:00:01.557,28.6400,102
39602093965744,11:00:02.093,28.6500,100
39602093965744,11:00:02.093,28.6500,100
39603462630940,11:00:03.462,28.6500,100
39603462630940,11:00:03.462,28.6500,100
39603462630940,11:00:03.462,28.6500,12
39603462630940,11:00:03.462,28.6500,100
39603462728190,11:00:03.462,28.6500,100
39603462728190,11:00:03.462,28.6500,100
39603751240994,11:00:03.751,28.6500,100
39603751240994,11:00:03.751,28.6500,97
39611118866119,11:00:11.118,28.6550,100
39662838355189,11:01:02.838,28.6550,33
39662838355189,11:01:02.838,28.6600,100
39662838355189,11:01:02.838,28.6600,1000
39662838355189,11:01:02.838,28.6600,71
39662838398261,11:01:02.838,28.6600,29
39662838398261,11:01:02.838,28.6600,4
39662934313825,11:01:02.934,28.6700,300
39662934313825,11:01:02.934,28.6700,100
39662934313825,11:01:02.934,28.6700,100
39662934313825,11:01:02.934,28.6700,100
39663338509321,11:01:03.338,28.6800,100
39663338509321,11:01:03.338,28.6800,100
39663461367879,11:01:03.461,28.6900,20
39663461367879,11:01:03.461,28.6900,100
39663461367879,11:01:03.461,28.6900,100
39663461367879,11:01:03.461,28.6900,680
39663461627284,11:01:03.461,28.6900,120
39663461627284,11:01:03.461,28.6900,200
39663494314212,11:01:03.494,28.7000,10
39664667474848,11:01:04.667,28.7000,390
39664702344004,11:01:04.702,28.7000,200
39664702344004,11:01:04.702,28.7000,51
39664702344004,11:01:04.702,28.7000,348
39665351279987,11:01:05.351,28.7000,100
39665547722927,11:01:05.547,28.7000,190
39665547751144,11:01:05.547,28.7000,698
39665547758413,11:01:05.547,28.7000,100
39665547758413,11:01:05.547,28.7000,100
39666849715870,11:01:06.849,28.6900,100
39666849715870,11:01:06.849,28.6900,100
39666849715870,11:01:06.849,28.6900,100
39666849715870,11:01:06.849,28.6900,100
39671062284776,11:01:11.062,28.6900,100
39678494368031,11:01:18.494,28.6900,100
39678495165819,11:01:18.495,28.6900,10
39684149120224,11:01:24.149,28.6900,10
39724665993384,11:02:04.665,28.7150,100
39754472242394,11:02:34.472,28.7150,100
39754472242394,11:02:34.472,28.7150,100
39754472242394,11:02:34.472,28.7100,11
39754472242394,11:02:34.472,28.7100,100
39754472242394,11:02:34.472,28.7100,90
39754472242394,11:02:34.472,28.7100,99
39754472285034,11:02:34.472,28.7100,1
39754472285034,11:02:34.472,28.7100,200
39754472285034,11:02:34.472,28.7100,100
39754472285034,11:02:34.472,28.7100,100
39754476792744,11:02:34.476,28.7000,200
39754476792744,11:02:34.476,28.7000,100
39756625480713,11:02:36.625,28.7000,100
39766744236611,11:02:46.744,28.6900,100
39766744236611,11:02:46.744,28.6900,300
39766744236611,11:02:46.744,28.6900,100
39784860429159,11:03:04.860,28.6900,300
39784860429159,11:03:04.860,28.6900,100
39784860429159,11:03:04.860,28.6900,100
39784860477200,11:03:04.860,28.6900,100
39793424516455,11:03:13.424,28.6900,100
39793424516455,11:03:13.424,28.6900,100
39793424516455,11:03:13.424,28.6900,100
39793424516455,11:03:13.424,28.6900,100
39803119070976,11:03:23.119,28.6850,100
39809161380831,11:03:29.161,28.6850,100
39809161380831,11:03:29.161,28.6850,100
39824284575352,11:03:44.284,28.6850,100
39880239243981,11:04:40.239,28.6900,100
39880239271774,11:04:40.239,28.6900,100
39880239271774,11:04:40.239,28.6900,200
39880239308796,11:04:40.239,28.6900,100
39882245467540,11:04:42.245,28.6900,100
39882246123795,11:04:42.246,28.6900,300
39882246199219,11:04:42.246,28.6900,59
39882246199219,11:04:42.246,28.6900,166
39882259637573,11:04:42.259,28.6900,140
39883208541518,11:04:43.208,28.6900,12
39897276560465,11:04:57.276,28.7000,300
39897276560465,11:04:57.276,28.7000,100
39897276560465,11:04:57.276,28.7000,100
39897277948212,11:04:57.277,28.7000,100
39897277948212,11:04:57.277,28.7000,200
39897277948212,11:04:57.277,28.7000,100
39897277948212,11:04:57.277,28.7000,52
39897277948212,11:04:57.277,28.7000,100
39897277948212,11:04:57.277,28.7000,150
39897277948212,11:04:57.277,28.7000,200
39897277948212,11:04:57.277,28.7000,100
39897281658879,11:04:57.281,28.7000,100
39897281658879,11:04:57.281,28.7000,100
39897281658879,11:04:57.281,28.7000,200
39897281658879,11:04:57.281,28.7000,56
39897281658879,11:04:57.281,28.7000,100
39897281658879,11:04:57.281,28.7000,100
39897281658879,11:04:57.281,28.7000,200
39897281658879,11:04:57.281,28.7000,150
39897281658879,11:04:57.281,28.7000,100
39897281658879,11:04:57.281,28.7000,94
39900546450784,11:05:00.546,28.7000,94
39912340447778,11:05:12.340,28.7000,106
39912340447778,11:05:12.340,28.7000,100
39937946737916,11:05:37.946,28.7100,100
39937946737916,11:05:37.946,28.7100,500
39938212698717,11:05:38.212,28.7200,50
39938605255072,11:05:38.605,28.7200,50
39938605255072,11:05:38.605,28.7200,50
39940233524061,11:05:40.233,28.7200,50
39952247677625,11:05:52.247,28.7300,100
39952247677625,11:05:52.247,28.7300,100
39952247677625,11:05:52.247,28.7300,100
39952247677625,11:05:52.247,28.7300,100
39952247677625,11:05:52.247,28.7300,1
40007810556342,11:06:47.810,28.7350,100
40007810556342,11:06:47.810,28.7350,100
40036129998899,11:07:16.129,28.7300,100
40036129998899,11:07:16.129,28.7300,10
40036129998899,11:07:16.129,28.7300,100
40036129998899,11:07:16.129,28.7300,100
40036129998899,11:07:16.129,28.7300,100
40036129998899,11:07:16.129,28.7300,100
40036129998899,11:07:16.129,28.7300,100
40036129998899,11:07:16.129,28.7300,190
40036130031858,11:07:16.130,28.7300,10
40036893720557,11:07:16.893,28.7200,100
40036893720557,11:07:16.893,28.7200,200
40036893875487,11:07:16.893,28.7200,48
40050435245526,11:07:30.435,28.7100,100
40050435276171,11:07:30.435,28.7100,100
40050435364085,11:07:30.435,28.7100,100
40098024378266,11:08:18.024,28.7100,2
40109117992250,11:08:29.117,28.7100,98
40109117992250,11:08:29.117,28.7100,200
40109117992250,11:08:29.117,28.7100,316
40109118126074,11:08:29.118,28.7100,84
40154004474434,11:09:14.004,28.7200,100
40154004474434,11:09:14.004,28.7200,100
40154004474434,11:09:14.004,28.7200,100
40203832890827,11:10:03.832,28.7300,300
40203832890827,11:10:03.832,28.7300,100
40203843831788,11:10:03.843,28.7300,100
40217005049579,11:10:17.005,28.7300,100
40221550129798,11:10:21.550,28.7300,100
40225667402926,11:10:25.667,28.7400,100
40225667418545,11:10:25.667,28.7400,100
40225668910602,11:10:25.668,28.7400,100
40225668910602,11:10:25.668,28.7400,100
40225668910602,11:10:25.668,28.7400,20
40225668910602,11:10:25.668,28.7400,200
40225669479456,11:10:25.669,28.7400,400
40225951118786,11:10:25.951,28.7400,100
40227436475685,11:10:27.436,28.7350,100
40227436475685,11:10:27.436,28.7300,100
40227436475685,11:10:27.436,28.7300,12
40227436506388,11:10:27.436,28.7300,100
40242454159992,11:10:42.454,28.7200,100
40242454176975,11:10:42.454,28.7200,100
40242454204977,11:10:42.454,28.7200,100
40242454204977,11:10:42.454,28.7200,200
40267427852344,11:11:07.427,28.7200,100
40267427852344,11:11:07.427,28.7200,400
40267427852344,11:11:07.427,28.7200,100
40267427852344,11:11:07.427,28.7200,400
40267428320090,11:11:07.428,28.7200,200
40267428320090,11:11:07.428,28.7200,50
40267428320090,11:11:07.428,28.7200,100
40267428320090,11:11:07.428,28.7200,100
40267428320090,11:11:07.428,28.7200,94
40276794452591,11:11:16.794,28.7200,100
40276794452591,11:11:16.794,28.7200,100
40290062287330,11:11:30.062,28.7300,50
40371957826347,11:12:51.957,28.7250,100
40377639898919,11:12:57.639,28.7200,100
40377639898919,11:12:57.639,28.7200,13
40377639898919,11:12:57.639,28.7200,100
40377639898919,11:12:57.639,28.7200,100
40387654558722,11:13:07.654,28.7100,93
40387656285217,11:13:07.656,28.7100,207
40387656285217,11:13:07.656,28.7100,193
40387657189686,11:13:07.657,28.7100,7
40436433185470,11:13:56.433,28.7100,100
40436433186924,11:13:56.433,28.7100,100
40436433879518,11:13:56.433,28.7100,100
40436433879518,11:13:56.433,28.7100,118
40439125192122,11:13:59.125,28.7100,100
40439643258746,11:13:59.643,28.7100,100
40502797849816,11:15:02.797,28.7200,100
40502797849816,11:15:02.797,28.7200,300
40502797849816,11:15:02.797,28.7200,200
40502797849816,11:15:02.797,28.7200,100
40502798145147,11:15:02.798,28.7200,300
40502798183012,11:15:02.798,28.7200,100
40502798183012,11:15:02.798,28.7200,400
40699886392681,11:18:19.886,28.7300,2
40718005154436,11:18:38.005,28.7300,98
40718005154436,11:18:38.005,28.7300,100
40718005154436,11:18:38.005,28.7300,2
40718009741521,11:18:38.009,28.7300,98
40718009741521,11:18:38.009,28.7300,100
40718009741521,11:18:38.009,28.7300,100
40718009741521,11:18:38.009,28.7300,300
40718009741521,11:18:38.009,28.7300,102
40718009786414,11:18:38.009,28.7300,98
40718009786414,11:18:38.009,28.7300,100
40718009786414,11:18:38.009,28.7300,1
40720362166307,11:18:40.362,28.7350,100
40720362403592,11:18:40.362,28.7300,100
40815005348970,11:20:15.005,28.7300,100
40860000228703,11:21:00.000,28.7300,100
40860000228703,11:21:00.000,28.7300,100
40860000228703,11:21:00.000,28.7300,100
40860000228703,11:21:00.000,28.7300,100
40860000228703,11:21:00.000,28.7300,300
40860000228703,11:21:00.000,28.7300,93
40862842298445,11:21:02.842,28.7300,100
40862842631746,11:21:02.842,28.7300,100
40875554406194,11:21:15.554,28.7200,100
40875554406194,11:21:15.554,28.7200,100
40875554406194,11:21:15.554,28.7200,100
40875554406194,11:21:15.554,28.7200,300
40875554406194,11:21:15.554,28.7200,100
40875554406194,11:21:15.554,28.7200,100
40875554406194,11:21:15.554,28.7200,15
40875554406194,11:21:15.554,28.7200,100
40875554406194,11:21:15.554,28.7200,14
40875554406194,11:21:15.554,28.7200,100
40875554406194,11:21:15.554,28.7200,100
40875554406194,11:21:15.554,28.7200,300
40875554552902,11:21:15.554,28.7200,80
40875555479466,11:21:15.555,28.7200,100
40951005586066,11:22:31.005,28.7200,200
40977420618393,11:22:57.420,28.7200,2
41004372046043,11:23:24.372,28.7100,100
41004372046043,11:23:24.372,28.7100,100
41004372046043,11:23:24.372,28.7100,100
41004372046043,11:23:24.372,28.7100,100
41004372046043,11:23:24.372,28.7100,100
41004372046043,11:23:24.372,28.7100,13
41004372046043,11:23:24.372,28.7100,87
41004372082907,11:23:24.372,28.7100,13
41004372082907,11:23:24.372,28.7100,200
41028127944589,11:23:48.127,28.7100,100
41058858657515,11:24:18.858,28.7100,700
41058858657515,11:24:18.858,28.7100,100
41058858784789,11:24:18.858,28.7100,100
41058858786600,11:24:18.858,28.7100,600
41058858786600,11:24:18.858,28.7100,100
41058858786600,11:24:18.858,28.7100,100
41061046777580,11:24:21.046,28.7150,100
41061046861075,11:24:21.046,28.7100,100
41061560827157,11:24:21.560,28.7100,100
41061560827157,11:24:21.560,28.7100,100
41091347413172,11:24:51.347,28.7100,500
41103233110096,11:25:03.233,28.7200,100
41103233110096,11:25:03.233,28.7200,100
41103233110096,11:25:03.233,28.7200,100
41103233110096,11:25:03.233,28.7200,100
41121526791910,11:25:21.526,28.7200,10
41134123203257,11:25:34.123,28.7200,2
41149050863604,11:25:49.050,28.7250,100
41149050863604,11:25:49.050,28.7200,98
41149050863604,11:25:49.050,28.7200,100
41149050863604,11:25:49.050,28.7200,200
41149050863604,11:25:49.050,28.7200,100
41149050916911,11:25:49.050,28.7200,73
41149050934437,11:25:49.050,28.7200,27
41170600059300,11:26:10.600,28.7100,100
41170600059300,11:26:10.600,28.7100,100
41170600059300,11:26:10.600,28.7100,14
41170600059300,11:26:10.600,28.7100,100
41226022097418,11:27:06.022,28.7000,1000
41226022097418,11:27:06.022,28.7000,100
41226022097418,11:27:06.022,28.7000,100
41226022097418,11:27:06.022,28.7000,300
41226022097418,11:27:06.022,28.7000,200
41256619390472,11:27:36.619,28.6900,100
41256619390472,11:27:36.619,28.6900,100
41256619390472,11:27:36.619,28.6900,100
41256619390472,11:27:36.619,28.6900,100
41256619390472,11:27:36.619,28.6900,300
41277010953168,11:27:57.010,28.6800,100
41277010953168,11:27:57.010,28.6800,100
41324004549259,11:28:44.004,28.6800,400
41324004549259,11:28:44.004,28.6800,100
41324004549259,11:28:44.004,28.6800,100
41324004549259,11:28:44.004,28.6800,100
41348099348520,11:29:08.099,28.6900,100
41348099348520,11:29:08.099,28.6900,100
41348099348520,11:29:08.099,28.6900,100
41348099348520,11:29:08.099,28.6900,100
41348099348520,11:29:08.099,28.6900,100
41348129804225,11:29:08.129,28.6950,30
41383797178309,11:29:43.797,28.7000,100
41383797178309,11:29:43.797,28.7000,300
41383797178309,11:29:43.797,28.7000,100
41384918857663,11:29:44.918,28.7000,100
41401745144850,11:30:01.745,28.7000,100
41401745144850,11:30:01.745,28.7000,100
41401745144850,11:30:01.745,28.7000,1100
41411745560838,11:30:11.745,28.7100,100
41411745560838,11:30:11.745,28.7100,50
41411745579035,11:30:11.745,28.7100,50
41411745579035,11:30:11.745,28.7100,100
41411745603946,11:30:11.745,28.7100,100
41411745603946,11:30:11.745,28.7100,100
41411745603946,11:30:11.745,28.7100,12
41411745646744,11:30:11.745,28.7100,88
41436264094429,11:30:36.264,28.7150,100
41436264094429,11:30:36.264,28.7100,300
41436264094429,11:30:36.264,28.7100,100
41436264094429,11:30:36.264,28.7100,200
41436264094429,11:30:36.264,28.7100,200
41436264413453,11:30:36.264,28.7100,100
41445208975403,11:30:45.208,28.7000,100
41445208975403,11:30:45.208,28.7000,100
41445208975403,11:30:45.208,28.7000,100
41445208975403,11:30:45.208,28.7000,15
41445208975403,11:30:45.208,28.7000,200
41445208975403,11:30:45.208,28.7000,53
41445209001001,11:30:45.209,28.7000,47
41469131545367,11:31:09.131,28.6900,80
41469131587139,11:31:09.131,28.6900,20
41469131587139,11:31:09.131,28.6900,100
41469131587139,11:31:09.131,28.6900,100
41469131587139,11:31:09.131,28.6900,200
41469131887278,11:31:09.131,28.6900,100
41485798841010,11:31:25.798,28.6900,500
41485798841010,11:31:25.798,28.6900,100
41587571489165,11:33:07.571,28.7000,2
41617004898174,11:33:37.004,28.7000,98
41617004898174,11:33:37.004,28.7000,100
41617004898174,11:33:37.004,28.7000,2
41617004898174,11:33:37.004,28.7000,400
41617004898174,11:33:37.004,28.7000,100
41617004898174,11:33:37.004,28.7000,100
41617004898174,11:33:37.004,28.7000,100
41617004898174,11:33:37.004,28.7000,21
41617005212638,11:33:37.005,28.7000,79
41617005212638,11:33:37.005,28.7000,100
41617005212638,11:33:37.005,28.7000,10
41617005235128,11:33:37.005,28.7000,189
41619474662807,11:33:39.474,28.7100,100
41619474662807,11:33:39.474,28.7100,100
41691005766158,11:34:51.005,28.7200,100
41691005766158,11:34:51.005,28.7200,100
41691005766158,11:34:51.005,28.7200,500
41691518111637,11:34:51.518,28.7300,100
41696750972387,11:34:56.750,28.7300,100
41697016113467,11:34:57.016,28.7300,100
41713005973969,11:35:13.005,28.7300,1
41758750325142,11:35:58.750,28.7400,100
41758750325142,11:35:58.750,28.7400,500
41758750325142,11:35:58.750,28.7400,100
41758750325142,11:35:58.750,28.7400,93
41758750325142,11:35:58.750,28.7400,207
41758762925083,11:35:58.762,28.7400,93
41759345777283,11:35:59.345,28.7500,100
41761269835140,11:36:01.269,28.7550,14
41761502777809,11:36:01.502,28.7550,86
41761502777809,11:36:01.502,28.7600,100
41761502777809,11:36:01.502,28.7600,78
41762912634595,11:36:02.912,28.7600,100
41762912634595,11:36:02.912,28.7600,100
41762912634595,11:36:02.912,28.7600,100
41765257978013,11:36:05.257,28.7600,100
41765257978013,11:36:05.257,28.7600,100
41765257978013,11:36:05.257,28.7600,100
41765257978013,11:36:05.257,28.7600,300
41765261745867,11:36:05.261,28.7700,100
41765261745867,11:36:05.261,28.7700,298
41765262047836,11:36:05.262,28.7700,102
41765268590189,11:36:05.268,28.7700,100
41765271063626,11:36:05.271,28.7600,100
41768508766591,11:36:08.508,28.7700,1700
41768508766591,11:36:08.508,28.7700,100
41768508766591,11:36:08.508,28.7700,12
41768508766591,11:36:08.508,28.7700,100
41768508766591,11:36:08.508,28.7700,86
41769210397387,11:36:09.210,28.7700,13
41770213183688,11:36:10.213,28.7700,100
41770213183688,11:36:10.213,28.7700,100
41770213183688,11:36:10.213,28.7700,100
41770213183688,11:36:10.213,28.7700,400
41772296060247,11:36:12.296,28.7800,100
41772298444839,11:36:12.298,28.7900,100
41772298444839,11:36:12.298,28.7900,900
41772298444839,11:36:12.298,28.7900,100
41772298497720,11:36:12.298,28.7900,100
41772500361663,11:36:12.500,28.7900,864
41772501017227,11:36:12.501,28.7900,936
41772501017227,11:36:12.501,28.7900,100
41772501017227,11:36:12.501,28.7900,100
41772501017227,11:36:12.501,28.7900,364
41773852063329,11:36:13.852,28.8000,300
41773852063329,11:36:13.852,28.8000,100
41773852063329,11:36:13.852,28.8000,150
41773854457314,11:36:13.854,28.8100,100
41773855079980,11:36:13.855,28.8100,32
41773855225032,11:36:13.855,28.8100,100
41773858403561,11:36:13.858,28.8100,10
41773862123294,11:36:13.862,28.8000,10
41773866596694,11:36:13.866,28.8000,100
41778703662662,11:36:18.703,28.8000,100
41779198846212,11:36:19.198,28.8000,100
41779198846212,11:36:19.198,28.8000,200
41779601967823,11:36:19.601,28.7950,300
41779601967823,11:36:19.601,28.7950,500
41780518705663,11:36:20.518,28.8000,56
41782552217919,11:36:22.552,28.7950,100
41782552217919,11:36:22.552,28.7950,400
41782562842634,11:36:22.562,28.7900,100
41782562842634,11:36:22.562,28.7900,200
41782562842634,11:36:22.562,28.7900,100
41782562842634,11:36:22.562,28.7900,361
41782562842634,11:36:22.562,28.7900,100
41782562842634,11:36:22.562,28.7900,100
41782562842634,11:36:22.562,28.7900,39
41782562880532,11:36:22.562,28.7900,61
41782567630161,11:36:22.567,28.7800,24
41795027298916,11:36:35.027,28.7750,100
41795027298916,11:36:35.027,28.7750,100
41796471411159,11:36:36.471,28.7700,100
41796471411159,11:36:36.471,28.7700,100
41796471411159,11:36:36.471,28.7700,100
41799716642492,11:36:39.716,28.7700,100
41799716651960,11:36:39.716,28.7700,100
41819346098610,11:36:59.346,28.7800,100
41821102682676,11:37:01.102,28.7800,100
41831789133802,11:37:11.789,28.8000,100
41831789133802,11:37:11.789,28.8000,2
41831789609941,11:37:11.789,28.8000,100
41831789609941,11:37:11.789,28.8000,100
41831789609941,11:37:11.789,28.8000,100
41835639913609,11:37:15.639,28.8000,100
41902123014033,11:38:22.123,28.8200,3
41906180373999,11:38:26.180,28.8150,100
41906180373999,11:38:26.180,28.8150,100
41906180373999,11:38:26.180,28.8100,100
41906180373999,11:38:26.180,28.8100,109
41906180380230,11:38:26.180,28.8100,91
41906180380230,11:38:26.180,28.8100,9
41906180380230,11:38:26.180,28.8100,100
41917883652837,11:38:37.883,28.8050,100
41917883652837,11:38:37.883,28.8000,200
41917883744906,11:38:37.883,28.8000,100
41918445762728,11:38:38.445,28.7900,100
41948645241778,11:39:08.645,28.7800,100
41948645241778,11:39:08.645,28.7800,100
41948645323939,11:39:08.645,28.7800,100
41948645335437,11:39:08.645,28.7800,40
41948645338318,11:39:08.645,28.7800,100
41948645470363,11:39:08.645,28.7800,60
41952577830653,11:39:12.577,28.7800,100
41974461475606,11:39:34.461,28.7900,200
42047706743461,11:40:47.706,28.8000,500
42047706743461,11:40:47.706,28.8000,100
42047706743461,11:40:47.706,28.8000,200
42047706743461,11:40:47.706,28.8000,100
42047706743461,11:40:47.706,28.8000,47
42047735323533,11:40:47.735,28.8000,200
42047735323533,11:40:47.735,28.8000,100
42060431162017,11:41:00.431,28.8100,600
42060431162017,11:41:00.431,28.8100,100
42060431162017,11:41:00.431,28.8100,100
42060431239008,11:41:00.431,28.8100,100
42061081040682,11:41:01.081,28.8100,200
42061081040682,11:41:01.081,28.8100,100
42061081040682,11:41:01.081,28.8100,100
42061081040682,11:41:01.081,28.8100,100
42061081040682,11:41:01.081,28.8100,300
42061081040682,11:41:01.081,28.8100,10
42066830615918,11:41:06.830,28.8050,100
42066830936787,11:41:06.830,28.8000,100
42067705919138,11:41:07.705,28.7900,100
42067705919138,11:41:07.705,28.7900,100
42067705919138,11:41:07.705,28.7900,200
42067705919138,11:41:07.705,28.7900,100
42067705919138,11:41:07.705,28.7900,100
42067705919138,11:41:07.705,28.7900,100
42078555050620,11:41:18.555,28.7900,100
42078557243462,11:41:18.557,28.7900,100
42096898835355,11:41:36.898,28.7800,100
42096898835355,11:41:36.898,28.7800,53
42096898851358,11:41:36.898,28.7800,150
42096898867197,11:41:36.898,28.7800,97
42097650469820,11:41:37.650,28.7700,100
42100055759789,11:41:40.055,28.7600,93
42102091192855,11:41:42.091,28.7600,100
42115048160560,11:41:55.048,28.7600,100
42115048160560,11:41:55.048,28.7600,400
42115048160560,11:41:55.048,28.7600,200
42115048160560,11:41:55.048,28.7600,100
42115048160560,11:41:55.048,28.7600,254
42131324597014,11:42:11.324,28.7900,80
42146425063695,11:42:26.425,28.7900,100
42164740688442,11:42:44.740,28.7900,400
42164740688442,11:42:44.740,28.7900,100
42202004904230,11:43:22.004,28.8100,100
42226171954484,11:43:46.171,28.8200,97
42226171954484,11:43:46.171,28.8200,300
42297736123432,11:44:57.736,28.8100,100
42297736123432,11:44:57.736,28.8100,100
42297736123432,11:44:57.736,28.8100,100
42297736123432,11:44:57.736,28.8100,9
42297736123432,11:44:57.736,28.8100,91
42297736157482,11:44:57.736,28.8100,9
42300693544129,11:45:00.693,28.8000,100
42301069201238,11:45:01.069,28.8000,100
42330530287258,11:45:30.530,28.8100,300
42345269332480,11:45:45.269,28.8100,8
42353456122733,11:45:53.456,28.8100,100
42353456122733,11:45:53.456,28.8100,100
42379794363946,11:46:19.794,28.8100,100
42379829489760,11:46:19.829,28.8100,100
42387797787301,11:46:27.797,28.8000,1
42387797787301,11:46:27.797,28.8000,12
42387797787301,11:46:27.797,28.8000,200
42387797787301,11:46:27.797,28.8000,100
42389358092941,11:46:29.358,28.7900,8
42389678708347,11:46:29.678,28.7900,100
42410087980314,11:46:50.087,28.8000,100
42410087980314,11:46:50.087,28.8000,400
42410087980314,11:46:50.087,28.8000,100
42410087980314,11:46:50.087,28.8000,100
42410087980314,11:46:50.087,28.8000,1
42410087980314,11:46:50.087,28.8000,100
42422452564886,11:47:02.452,28.8100,100
42422452608265,11:47:02.452,28.8100,100
42422452642668,11:47:02.452,28.8100,225
42422452720025,11:47:02.452,28.8100,100
42422452785361,11:47:02.452,28.8100,75
42422452785361,11:47:02.452,28.8100,25
42422452825332,11:47:02.452,28.8100,75
42422452825332,11:47:02.452,28.8100,100
42422453995290,11:47:02.453,28.8100,200
42424499250593,11:47:04.499,28.8100,100
42424499250593,11:47:04.499,28.8100,100
42424499250593,11:47:04.499,28.8100,16
42447476240807,11:47:27.476,28.8000,200
42447476240807,11:47:27.476,28.8000,7
42447476240807,11:47:27.476,28.8000,100
42447476339960,11:47:27.476,28.8000,199
42477742816076,11:47:57.742,28.7900,100
42477742816076,11:47:57.742,28.7900,100
42477742816076,11:47:57.742,28.7900,100
42477742816076,11:47:57.742,28.7900,6
42477742816076,11:47:57.742,28.7900,94
42503586669583,11:48:23.586,28.7900,15
42503586669583,11:48:23.586,28.7900,85
42503586697533,11:48:23.586,28.7900,7
42503586854440,11:48:23.586,28.7900,8
42511506319223,11:48:31.506,28.7800,100
42511506319223,11:48:31.506,28.7800,54
42511808334277,11:48:31.808,28.7800,100
42537745323960,11:48:57.745,28.7700,100
42547763158114,11:49:07.763,28.7800,200
42547763158114,11:49:07.763,28.7800,100
42550229273288,11:49:10.229,28.7900,5
42551954087579,11:49:11.954,28.7900,1
42577004371723,11:49:37.004,28.7900,94
42577004371723,11:49:37.004,28.7900,100
42577004371723,11:49:37.004,28.7900,200
42577004371723,11:49:37.004,28.7900,100
42577004371723,11:49:37.004,28.7900,400
42577007131277,11:49:37.007,28.7900,21
42577505236098,11:49:37.505,28.7900,79
42612936376226,11:50:12.936,28.7900,200
42612936376226,11:50:12.936,28.7900,100
42612936376226,11:50:12.936,28.7900,100
42612936376226,11:50:12.936,28.7900,15
42650314475139,11:50:50.314,28.7800,100
42650314475139,11:50:50.314,28.7800,300
42650314475139,11:50:50.314,28.7800,16
42652315481827,11:50:52.315,28.7800,100
42652315481827,11:50:52.315,28.7800,63
42657749107548,11:50:57.749,28.7700,300
42705639605133,11:51:45.639,28.7800,100
42705639605133,11:51:45.639,28.7800,100
42705639605133,11:51:45.639,28.7800,72
42705639605133,11:51:45.639,28.7800,400
42705639605133,11:51:45.639,28.7800,400
42706446924465,11:51:46.446,28.7900,1
42716450329806,11:51:56.450,28.7900,5
42717643966938,11:51:57.643,28.7900,7
42717644841951,11:51:57.644,28.7900,1
42718699955326,11:51:58.699,28.7900,186
42718699955326,11:51:58.699,28.7900,100
42718699955326,11:51:58.699,28.7900,300
42718699955326,11:51:58.699,28.7900,26
42718699955326,11:51:58.699,28.7900,100
42751848403692,11:52:31.848,28.7950,100
42777753212601,11:52:57.753,28.7900,100
42777753212601,11:52:57.753,28.7900,13
42777753212601,11:52:57.753,28.7900,100
42777753212601,11:52:57.753,28.7900,100
42777753212601,11:52:57.753,28.7900,8
42777753212601,11:52:57.753,28.7900,79
42779225615292,11:52:59.225,28.7900,21
42779989805541,11:52:59.989,28.7900,100
42779989805541,11:52:59.989,28.7900,100
42779989805541,11:52:59.989,28.7900,100
42787227204327,11:53:07.227,28.8000,100
42787227204327,11:53:07.227,28.8000,200
42787227204327,11:53:07.227,28.8000,100
42796287937137,11:53:16.287,28.8100,100
42796287967484,11:53:16.287,28.8100,75
42829328483921,11:53:49.328,28.8100,100
42829328483921,11:53:49.328,28.8100,200
42829349230362,11:53:49.349,28.8100,100
42829919767830,11:53:49.919,28.8100,100
42837755101179,11:53:57.755,28.8000,100
42837755179603,11:53:57.755,28.8000,200
42837755583834,11:53:57.755,28.8000,92
42897758839586,11:54:57.758,28.7900,13
42897758839586,11:54:57.758,28.7900,100
42897758839586,11:54:57.758,28.7900,100
42897758839586,11:54:57.758,28.7900,100
42897758839586,11:54:57.758,28.7900,87
42897759183730,11:54:57.759,28.7900,13
42903329101912,11:55:03.329,28.8000,100
42903329101912,11:55:03.329,28.8000,500
42903329101912,11:55:03.329,28.8000,100
42903329101912,11:55:03.329,28.8000,400
42903329153588,11:55:03.329,28.8000,200
42903329181676,11:55:03.329,28.8000,200
42903329186891,11:55:03.329,28.8000,50
42903329412386,11:55:03.329,28.8000,350
42903329412386,11:55:03.329,28.8000,100
42907521445459,11:55:07.521,28.8100,200
42957760705282,11:55:57.760,28.8100,100
42957760705282,11:55:57.760,28.8100,100
42957760784057,11:55:57.760,28.8100,200
42957761100828,11:55:57.761,28.8100,100
42968171286261,11:56:08.171,28.8100,100
43002850859100,11:56:42.850,28.8100,100
43017763094908,11:56:57.763,28.8100,100
43017763094908,11:56:57.763,28.8100,200
43017763138261,11:56:57.763,28.8100,13
43077765555759,11:57:57.765,28.8000,100
43077765555759,11:57:57.765,28.8000,100
43078668802730,11:57:58.668,28.8000,56
43084238266098,11:58:04.238,28.8000,100
43084238266098,11:58:04.238,28.8000,200
43084238266098,11:58:04.238,28.8000,300
43097414241736,11:58:17.414,28.8100,400
43097414295684,11:58:17.414,28.8100,400
43097414295684,11:58:17.414,28.8100,45
43110169679394,11:58:30.169,28.8200,200
43110169709317,11:58:30.169,28.8200,400
43110169709317,11:58:30.169,28.8200,400
43110169709317,11:58:30.169,28.8200,200
43110169709317,11:58:30.169,28.8200,30
43110169709317,11:58:30.169,28.8200,13
43110169709317,11:58:30.169,28.8200,300
43111045434171,11:58:31.045,28.8300,113
43111071592852,11:58:31.071,28.8300,200
43111071626631,11:58:31.071,28.8300,387
43111071626631,11:58:31.071,28.8300,100
43111071626631,11:58:31.071,28.8300,100
43111071626631,11:58:31.071,28.8300,58
43197769910961,11:59:57.769,28.8300,100
43197769910961,11:59:57.769,28.8300,100
43197769910961,11:59:57.769,28.8300,100
43197769910961,11:59:57.769,28.8300,100
43201004698961,12:00:01.004,28.8400,100
43201004803983,12:00:01.004,28.8400,100
43201004803983,12:00:01.004,28.8400,100
43201004803983,12:00:01.004,28.8400,100
43201004803983,12:00:01.004,28.8400,200
43202186305771,12:00:02.186,28.8550,100
43203335506963,12:00:03.335,28.8600,46
43203335506963,12:00:03.335,28.8600,100
43209587328603,12:00:09.587,28.8700,100
43215122469164,12:00:15.122,28.8800,4
43215123181776,12:00:15.123,28.8800,96
43226874433220,12:00:26.874,28.8850,100
43226874433220,12:00:26.874,28.8800,700
43226874470148,12:00:26.874,28.8800,274
43226874470148,12:00:26.874,28.8800,100
43257773081139,12:00:57.773,28.8700,1
43257773081139,12:00:57.773,28.8700,10
43257773081139,12:00:57.773,28.8700,100
43257773081139,12:00:57.773,28.8700,89
43257773109194,12:00:57.773,28.8700,10
43266509722225,12:01:06.509,28.8600,100
43266509722225,12:01:06.509,28.8600,100
43266509722225,12:01:06.509,28.8600,28
43278913199313,12:01:18.913,28.8600,400
43278913199313,12:01:18.913,28.8600,100
43278913199313,12:01:18.913,28.8600,200
43278913199313,12:01:18.913,28.8600,8
43278913199313,12:01:18.913,28.8600,115
43278913199313,12:01:18.913,28.8600,100
43278913199313,12:01:18.913,28.8600,300
43278913199313,12:01:18.913,28.8600,100
43278913199313,12:01:18.913,28.8600,77
43278913640140,12:01:18.913,28.8600,23
43285726092369,12:01:25.726,28.8600,100
43286254917544,12:01:26.254,28.8600,100
43286254917544,12:01:26.254,28.8600,115
43286254917544,12:01:26.254,28.8600,100
43287772572895,12:01:27.772,28.8650,100
43287772572895,12:01:27.772,28.8600,100
43289459870267,12:01:29.459,28.8600,100
43306636224074,12:01:46.636,28.8600,300
43306636224074,12:01:46.636,28.8600,100
43327250173524,12:02:07.250,28.8700,58
43356656729957,12:02:36.656,28.8900,100
43356657999761,12:02:36.657,28.8900,100
43356671532281,12:02:36.671,28.9000,1
43356939425115,12:02:36.939,28.9000,99
43356979816340,12:02:36.979,28.9050,100
43356979816340,12:02:36.979,28.9000,100
43356979816340,12:02:36.979,28.9000,8
43356979853629,12:02:36.979,28.9000,100
43374691801171,12:02:54.691,28.8900,100
43374691801171,12:02:54.691,28.8900,9
43374691801171,12:02:54.691,28.8900,81
43374691833241,12:02:54.691,28.8900,19
43374691833241,12:02:54.691,28.8900,100
43374692168895,12:02:54.692,28.8900,100
43560398990262,12:06:00.398,28.8800,149
43560399038581,12:06:00.399,28.8800,51
43560399038581,12:06:00.399,28.8800,47
43560399048795,12:06:00.399,28.8800,53
43560399048795,12:06:00.399,28.8800,10
43560399048795,12:06:00.399,28.8800,37
43560399062802,12:06:00.399,28.8800,163
43560399062802,12:06:00.399,28.8800,100
43561027542213,12:06:01.027,28.8700,100
43562103414234,12:06:02.103,28.8600,495
43562103414234,12:06:02.103,28.8600,100
43569237776722,12:06:09.237,28.8600,100
43569237776722,12:06:09.237,28.8600,72
43569237776722,12:06:09.237,28.8600,400
43569237776722,12:06:09.237,28.8600,28
43572599593364,12:06:12.599,28.8600,100
43572600451655,12:06:12.600,28.8600,100
43572600451655,12:06:12.600,28.8600,100
43572600451655,12:06:12.600,28.8600,79
43572600451655,12:06:12.600,28.8600,21
43572982501533,12:06:12.982,28.8600,100
43609333304600,12:06:49.333,28.8700,100
43609333304600,12:06:49.333,28.8700,300
43609333304600,12:06:49.333,28.8700,100
43609333304600,12:06:49.333,28.8700,41
43609333304600,12:06:49.333,28.8700,100
43609333304600,12:06:49.333,28.8700,100
43622635530971,12:07:02.635,28.8800,100
43625631373951,12:07:05.631,28.8800,12
43632699581000,12:07:12.699,28.8800,100
43632706092498,12:07:12.706,28.8800,300
43668135813715,12:07:48.135,28.8900,100
43668135813715,12:07:48.135,28.8900,4
43668135813715,12:07:48.135,28.8900,10
43668135813715,12:07:48.135,28.8900,67
43678323806625,12:07:58.323,28.9000,100
43678323806625,12:07:58.323,28.9000,100
43678323806625,12:07:58.323,28.9000,200
43680008991577,12:08:00.008,28.9100,100
43680009109592,12:08:00.009,28.9100,100
43682667264178,12:08:02.667,28.9100,8
43690987106520,12:08:10.987,28.9100,2
43690987825544,12:08:10.987,28.9100,98
43690987825544,12:08:10.987,28.9100,100
43690987825544,12:08:10.987,28.9100,100
43708010096791,12:08:28.010,28.9150,100
43708010096791,12:08:28.010,28.9100,8
43708010096791,12:08:28.010,28.9100,300
43708010096791,12:08:28.010,28.9100,100
43708010096791,12:08:28.010,28.9100,50
43708010206869,12:08:28.010,28.9100,100
43708010217699,12:08:28.010,28.9100,100
43734006422387,12:08:54.006,28.9200,2
43744175227060,12:09:04.175,28.9300,2
43744175227060,12:09:04.175,28.9300,5
43744175227060,12:09:04.175,28.9300,55
43763531988326,12:09:23.531,28.9300,38
43763531988326,12:09:23.531,28.9300,6
43763531988326,12:09:23.531,28.9300,100
43763531988326,12:09:23.531,28.9300,100
43767882575393,12:09:27.882,28.9200,300
43767882575393,12:09:27.882,28.9200,100
43767882575393,12:09:27.882,28.9200,29
43767882688859,12:09:27.882,28.9200,71
43767882688859,12:09:27.882,28.9200,39
43767882734945,12:09:27.882,28.9200,61
43767882734945,12:09:27.882,28.9200,110
43767882838914,12:09:27.882,28.9200,90
43767943954157,12:09:27.943,28.9100,258
43805333700242,12:10:05.333,28.9200,100
43805333700242,12:10:05.333,28.9200,4
43805333700242,12:10:05.333,28.9200,300
43805333700242,12:10:05.333,28.9200,100
43805333700242,12:10:05.333,28.9200,100
43858211974818,12:10:58.211,28.9300,200
43858211974818,12:10:58.211,28.9300,900
43858212006704,12:10:58.212,28.9300,100
43858212006704,12:10:58.212,28.9300,48
43858212111340,12:10:58.212,28.9300,200
43860434794310,12:11:00.434,28.9400,5
43860434794310,12:11:00.434,28.9400,200
43860434794310,12:11:00.434,28.9400,100
43860434818542,12:11:00.434,28.9400,100
44020563864433,12:13:40.563,28.9500,2
44060778880879,12:14:20.778,28.9450,100
44060778880879,12:14:20.778,28.9400,19
44060778897913,12:14:20.778,28.9400,57
44060778897913,12:14:20.778,28.9400,23
44060778991816,12:14:20.778,28.9400,77
44060778991816,12:14:20.778,28.9400,100
44060778991816,12:14:20.778,28.9400,100
44060778991816,12:14:20.778,28.9400,100
44060778991816,12:14:20.778,28.9400,100
44060778991816,12:14:20.778,28.9400,100
44060778991816,12:14:20.778,28.9400,6
44060933475946,12:14:20.933,28.9300,9
44061006026814,12:14:21.006,28.9300,8
44098354053252,12:14:58.354,28.9400,53
44098354053252,12:14:58.354,28.9400,100
44098354053252,12:14:58.354,28.9400,9
44098359515804,12:14:58.359,28.9400,100
44107409461199,12:15:07.409,28.9400,5
44131962714609,12:15:31.962,28.9400,67
44131962714609,12:15:31.962,28.9400,100
44131962714609,12:15:31.962,28.9400,100
44131962714609,12:15:31.962,28.9400,100
44150698331153,12:15:50.698,28.9400,100
44150698331153,12:15:50.698,28.9400,100
44150698331153,12:15:50.698,28.9400,100
44155321251589,12:15:55.321,28.9400,100
44160417143326,12:16:00.417,28.9400,100
44160417143326,12:16:00.417,28.9400,100
44160417143326,12:16:00.417,28.9400,100
44160417609369,12:16:00.417,28.9400,72
44160417609369,12:16:00.417,28.9400,100
44160417609369,12:16:00.417,28.9400,100
44169719081681,12:16:09.719,28.9500,200
44171725330342,12:16:11.725,28.9500,103
44171738792514,12:16:11.738,28.9500,5
44176397073627,12:16:16.397,28.9500,90
44176397073627,12:16:16.397,28.9500,100
44176397073627,12:16:16.397,28.9500,10
44176397130387,12:16:16.397,28.9500,42
44176397130387,12:16:16.397,28.9500,47
44190458191606,12:16:30.458,28.9600,1
44196458626785,12:16:36.458,28.9600,1
44214655313306,12:16:54.655,28.9600,98
44214655313306,12:16:54.655,28.9600,100
44214655313306,12:16:54.655,28.9600,300
44214655313306,12:16:54.655,28.9600,100
44214655313306,12:16:54.655,28.9600,2
44214655346855,12:16:54.655,28.9600,98
44214925022593,12:16:54.925,28.9700,5
44214925022593,12:16:54.925,28.9700,100
44214925022593,12:16:54.925,28.9700,5
44214925022593,12:16:54.925,28.9700,100
44219163019306,12:16:59.163,28.9700,1
44247539643147,12:17:27.539,28.9700,1
44247611113692,12:17:27.611,28.9700,100
44247611113692,12:17:27.611,28.9700,100
44251458339433,12:17:31.458,28.9800,2
44251458339433,12:17:31.458,28.9800,5
44254014995443,12:17:34.014,28.9800,1
44256458969867,12:17:36.458,28.9800,2
44257282673343,12:17:37.282,28.9800,1
44258552554075,12:17:38.552,28.9800,100
44258552554075,12:17:38.552,28.9800,60
44286195583579,12:18:06.195,28.9800,21
44286195583579,12:18:06.195,28.9800,1
44286195583579,12:18:06.195,28.9800,100
44286195583579,12:18:06.195,28.9800,33
44286195612414,12:18:06.195,28.9800,67
44286195612414,12:18:06.195,28.9800,100
44286195612414,12:18:06.195,28.9800,4
44286195612414,12:18:06.195,28.9800,100
44286195612414,12:18:06.195,28.9800,1
44287580571422,12:18:07.580,28.9800,3
44287629825118,12:18:07.629,28.9700,100
44320764765515,12:18:40.764,28.9600,1
44320764770674,12:18:40.764,28.9600,99
44320764770674,12:18:40.764,28.9600,200
44320764770674,12:18:40.764,28.9600,10
44320764770674,12:18:40.764,28.9600,4
44320764770674,12:18:40.764,28.9600,100
44320764770674,12:18:40.764,28.9600,19
44321344164856,12:18:41.344,28.9500,300
44321344164856,12:18:41.344,28.9500,100
44321344164856,12:18:41.344,28.9500,200
44331563898124,12:18:51.563,28.9500,200
44331824527822,12:18:51.824,28.9500,200
44371420461741,12:19:31.420,28.9600,100
44374482155743,12:19:34.482,28.9600,85
44374482155743,12:19:34.482,28.9600,158
44394203364217,12:19:54.203,28.9600,100
44407890847672,12:20:07.890,28.9600,100
44407890847672,12:20:07.890,28.9600,13
44407890847672,12:20:07.890,28.9600,5
44407890847672,12:20:07.890,28.9600,4
44407890847672,12:20:07.890,28.9600,300
44407890847672,12:20:07.890,28.9600,2
44407890847672,12:20:07.890,28.9600,100
44407890847672,12:20:07.890,28.9600,100
44407891159445,12:20:07.891,28.9600,100
44407891159445,12:20:07.891,28.9600,100
44409164010381,12:20:09.164,28.9600,28
44414940078725,12:20:14.940,28.9600,100
44438005719049,12:20:38.005,28.9700,5
44438005719049,12:20:38.005,28.9700,95
44441730669260,12:20:41.730,28.9700,1
44446460025095,12:20:46.460,28.9700,4
44448943306590,12:20:48.943,28.9700,4
44449207800428,12:20:49.207,28.9700,191
44449346060297,12:20:49.346,28.9700,9
44449346060297,12:20:49.346,28.9700,97
44449347457938,12:20:49.347,28.9700,2
44463745564954,12:21:03.745,28.9700,1
44467349314156,12:21:07.349,28.9700,99
44467349314156,12:21:07.349,28.9700,100
44486346149922,12:21:26.346,28.9700,100
44486346149922,12:21:26.346,28.9700,100
44517683401317,12:21:57.683,28.9700,5
44529169779797,12:22:09.169,28.9700,95
44529169779797,12:22:09.169,28.9700,100
44529169779797,12:22:09.169,28.9700,200
44529169779797,12:22:09.169,28.9700,100
44529169779797,12:22:09.169,28.9700,100
44529169779797,12:22:09.169,28.9700,100
44529195642335,12:22:09.195,28.9800,246
44529195730015,12:22:09.195,28.9800,51
44529195730015,12:22:09.195,28.9800,49
44529195791313,12:22:09.195,28.9800,100
44530237121528,12:22:10.237,28.9800,251
44530237121528,12:22:10.237,28.9800,63
44530237121528,12:22:10.237,28.9800,100
44530753354922,12:22:10.753,28.9800,300
44530753354922,12:22:10.753,28.9800,100
44541166439517,12:22:21.166,28.9800,8
44541166439517,12:22:21.166,28.9800,300
44541166439517,12:22:21.166,28.9800,100
44541166613372,12:22:21.166,28.9800,100
44541226941229,12:22:21.226,28.9800,1
44541463848002,12:22:21.463,28.9800,2
44541466632567,12:22:21.466,28.9800,100
44541466632567,12:22:21.466,28.9800,100
44541466632567,12:22:21.466,28.9800,100
44541466632567,12:22:21.466,28.9800,150
44546168533117,12:22:26.168,28.9800,100
44546169373120,12:22:26.169,28.9800,150
44546169373120,12:22:26.169,28.9800,400
44547472177540,12:22:27.472,28.9800,80
44547472201065,12:22:27.472,28.9800,20
44553323351693,12:22:33.323,28.9800,100
44561040803802,12:22:41.040,28.9850,100
44561040955414,12:22:41.040,28.9800,3
44561040988052,12:22:41.040,28.9800,97
44561040988052,12:22:41.040,28.9800,6
44567120015769,12:22:47.120,28.9700,25
44568541292775,12:22:48.541,28.9700,75
44588578169364,12:23:08.578,28.9600,100
44592282335248,12:23:12.282,28.9600,100
44627654326308,12:23:47.654,28.9600,100
44627654326308,12:23:47.654,28.9600,100
44627654326308,12:23:47.654,28.9600,10
