timestamp,time,price,volume
34200835639157,09:30:00.835,0.0000,0
34255856065081,09:30:55.856,143.1500,100
34255856134114,09:30:55.856,143.1800,100
34255856868028,09:30:55.856,143.1700,100
34256362006084,09:30:56.362,143.2100,100
34256362428359,09:30:56.362,143.2100,100
34256362428359,09:30:56.362,143.2100,100
34586938922424,09:36:26.938,143.3500,85
34650758807153,09:37:30.758,143.3000,100
34678462788322,09:37:58.462,143.2900,500
34678714443356,09:37:58.714,143.3000,200
34678714470317,09:37:58.714,143.3000,300
34682318007031,09:38:02.318,143.3200,100
34709200233693,09:38:29.200,143.2500,100
34827477512575,09:40:27.477,143.3500,100
34978424518035,09:42:58.424,143.2200,100
35223227264764,09:47:03.227,143.2500,100
35228485743063,09:47:08.485,143.2800,426
35330635053161,09:48:50.635,143.0600,98
35330635143649,09:48:50.635,143.0600,2
35406671393366,09:50:06.671,143.1100,200
35695307073618,09:54:55.307,143.1400,92
35695307099327,09:54:55.307,143.1400,1
35695307178828,09:54:55.307,143.1400,7
35728603139028,09:55:28.603,143.1500,100
35969807751320,09:59:29.807,142.9300,100
35969807751320,09:59:29.807,142.9300,400
35981996987663,09:59:41.996,142.9300,74
35981996991488,09:59:41.996,142.9300,126
36010017462246,10:00:10.017,142.9100,100
36042741167568,10:00:42.741,142.9300,100
36060372642193,10:01:00.372,142.9300,24
36159878497869,10:02:39.878,142.9400,100
36159878497869,10:02:39.878,142.9400,100
36166723307357,10:02:46.723,142.8600,100
36166728302114,10:02:46.728,142.8600,100
36166730817403,10:02:46.730,142.8500,100
36166732785192,10:02:46.732,142.8400,100
36166734846048,10:02:46.734,142.8500,200
36166734846918,10:02:46.734,142.8500,100
36166734999097,10:02:46.734,142.8500,100
36166739351621,10:02:46.739,142.8400,100
36166741576018,10:02:46.741,142.8400,100
36166744727156,10:02:46.744,142.8400,100
36166747431294,10:02:46.747,142.8400,100
36166750961927,10:02:46.750,142.8400,100
36166787355496,10:02:46.787,142.8400,110
36166787419833,10:02:46.787,142.8400,90
36166787419833,10:02:46.787,142.8400,10
36166789146197,10:02:46.789,142.8400,90
36295182747545,10:04:55.182,142.7900,100
36623984990148,10:10:23.984,142.8500,100
36667822909959,10:11:07.822,142.8400,98
36697034684895,10:11:37.034,142.9000,100
36708688834427,10:11:48.688,142.9600,150
36708688868905,10:11:48.688,142.9600,107
36708688877289,10:11:48.688,142.9600,243
36708692372509,10:11:48.692,142.9700,37
36708693516948,10:11:48.693,142.9700,106
36708693525544,10:11:48.693,142.9700,140
36708693589972,10:11:48.693,142.9700,37
36708695357936,10:11:48.695,142.9700,37
36708695526177,10:11:48.695,142.9700,143
36711851685716,10:11:51.851,142.9600,100
36714265359152,10:11:54.265,142.9500,100
36714265359152,10:11:54.265,142.9500,100
36756483086416,10:12:36.483,142.9800,200
36756483086416,10:12:36.483,142.9800,100
36762330891749,10:12:42.330,142.9700,100
36762330891749,10:12:42.330,142.9700,25
36762331389809,10:12:42.331,142.9700,75
36793988894282,10:13:13.988,143.0000,20
37032940600321,10:17:12.940,142.9100,100
37080367782725,10:18:00.367,142.9100,100
37311505223707,10:21:51.505,143.0100,100
37434624275033,10:23:54.624,143.0500,100
37518451691998,10:25:18.451,143.0800,100
37615696019543,10:26:55.696,143.1500,100
37625732047066,10:27:05.732,143.1400,100
37737093214941,10:28:57.093,143.1300,100
37786487526253,10:29:46.487,143.1400,32
37871322606735,10:31:11.322,143.2000,113
37921809000086,10:32:01.809,143.2000,100
37921809675702,10:32:01.809,143.2000,100
37937817579411,10:32:17.817,143.2200,100
37937817978432,10:32:17.817,143.2200,100
37940323048155,10:32:20.323,143.2300,55
37965427315450,10:32:45.427,143.2500,315
37965427368748,10:32:45.427,143.2500,185
37965427368748,10:32:45.427,143.2500,2
37965427445838,10:32:45.427,143.2500,105
38231619061833,10:37:11.619,143.2700,100
38234782450660,10:37:14.782,143.2400,100
38288448962222,10:38:08.448,143.1400,200
38294956979808,10:38:14.956,143.1600,28
38294957075814,10:38:14.957,143.1600,172
38312670911798,10:38:32.670,143.2000,100
38343183239249,10:39:03.183,143.2300,100
38412802569468,10:40:12.802,143.2600,200
38434613654895,10:40:34.613,143.2400,100
38470704454115,10:41:10.704,143.2000,100
38657475284865,10:44:17.475,143.3000,136
38657475286963,10:44:17.475,143.3000,100
38668988385336,10:44:28.988,143.3000,1
38673665040858,10:44:33.665,143.2900,100
38673665040858,10:44:33.665,143.2900,82
38673665118817,10:44:33.665,143.2900,18
38696755115815,10:44:56.755,143.3300,122
38696763583308,10:44:56.763,143.3300,78
38775501760484,10:46:15.501,143.3400,1
38892281500913,10:48:12.281,143.2500,100
38892281500913,10:48:12.281,143.2500,30
38960774017011,10:49:20.774,143.2600,200
38993391671080,10:49:53.391,143.2200,2
38993391738112,10:49:53.391,143.2200,98
39179236681268,10:52:59.236,143.1900,1
39324244245155,10:55:24.244,143.2100,7
39344563031595,10:55:44.563,143.2400,100
39391360281525,10:56:31.360,143.2000,100
39566204708114,10:59:26.204,143.1400,15
39594669584639,10:59:54.669,143.1700,100
39594669816434,10:59:54.669,143.1700,100
39663458958077,11:01:03.458,143.3500,100
39663458958077,11:01:03.458,143.3500,36
39663459016113,11:01:03.459,143.3500,208
39663459067827,11:01:03.459,143.3500,17
39663462231481,11:01:03.462,143.3600,63
39663464929540,11:01:03.464,143.3600,62
39663468614987,11:01:03.468,143.3700,400
39663468735560,11:01:03.468,143.3700,100
39666850246945,11:01:06.850,143.3800,100
39666850246945,11:01:06.850,143.3800,100
39666850343515,11:01:06.850,143.3800,150
39666850379545,11:01:06.850,143.3800,250
39666852303938,11:01:06.852,143.3700,300
39666853793494,11:01:06.853,143.3700,200
39666861005542,11:01:06.861,143.3500,100
39666868435496,11:01:06.868,143.3600,100
39667327731293,11:01:07.327,143.3200,100
39667327760420,11:01:07.327,143.3200,400
39667328149796,11:01:07.328,143.3200,100
39667349763025,11:01:07.349,143.3200,100
39671056178121,11:01:11.056,143.3400,100
39687823460119,11:01:27.823,143.3600,13
39817058198313,11:03:37.058,143.3900,100
39922286750781,11:05:22.286,143.3800,100
40109116258877,11:08:29.116,143.3200,100
40225668343671,11:10:25.668,143.4100,59
40225668946015,11:10:25.668,143.4100,141
40225672261732,11:10:25.672,143.4200,176
40225673272241,11:10:25.673,143.4200,21
40225673753201,11:10:25.673,143.4200,200
40225673904150,11:10:25.673,143.4200,61
40225674969748,11:10:25.674,143.4200,42
40281065104860,11:11:21.065,143.3700,100
40304212843663,11:11:44.212,143.3500,100
40436433133561,11:13:56.433,143.4000,49
40436433443690,11:13:56.433,143.4000,111
40436434119700,11:13:56.434,143.4000,40
40686859293752,11:18:06.859,143.4400,100
40690460634090,11:18:10.460,143.4400,100
40765883653814,11:19:25.883,143.4300,100
40765883671203,11:19:25.883,143.4300,100
41100126933191,11:25:00.126,143.4500,100
41100131593182,11:25:00.131,143.4500,100
41106037097845,11:25:06.037,143.4400,100
41106037097845,11:25:06.037,143.4400,100
41106037097845,11:25:06.037,143.4400,35
41437157251775,11:30:37.157,143.3100,100
41437157251775,11:30:37.157,143.3100,100
41451637182361,11:30:51.637,143.3100,100
41537343127118,11:32:17.343,143.3100,1
41716892545147,11:35:16.892,143.3400,13
41806062291966,11:36:46.062,143.2700,100
41933618307525,11:38:53.618,143.2300,100
42164769145049,11:42:44.769,143.3900,3
42270237975315,11:44:30.237,143.4200,26
42357312037028,11:45:57.312,143.4500,100
42357312037028,11:45:57.312,143.4500,100
42357388283428,11:45:57.388,143.4500,100
42357390095117,11:45:57.390,143.4500,100
42358251093098,11:45:58.251,143.4500,100
42358328390107,11:45:58.328,143.4500,100
42359039448176,11:45:59.039,143.4500,100
42378499348631,11:46:18.499,143.4700,142
42378499357081,11:46:18.499,143.4700,48
42378499447394,11:46:18.499,143.4700,10
42438523858647,11:47:18.523,143.4400,48
42438524332897,11:47:18.524,143.4400,52
42506409375178,11:48:26.409,143.4400,100
42506409429509,11:48:26.409,143.4400,100
42509592955382,11:48:29.592,143.4300,100
42509613088896,11:48:29.613,143.4300,100
42607539322578,11:50:07.539,143.4200,1
42687138117887,11:51:27.138,143.4000,24
42727724604254,11:52:07.724,143.4000,35
42737056056868,11:52:17.056,143.4000,9
42792655445497,11:53:12.655,143.4400,37
42792655470125,11:53:12.655,143.4400,63
42793495940627,11:53:13.495,143.4500,100
42802330428966,11:53:22.330,143.4500,200
42803005073350,11:53:23.005,143.4500,100
42986632559772,11:56:26.632,143.4600,43
43015443137318,11:56:55.443,143.5000,30
43111045564250,11:58:31.045,143.5300,108
43226874310241,12:00:26.874,143.5500,33
43226874360704,12:00:26.874,143.5500,67
43283825555783,12:01:23.825,143.5700,100
43283825585067,12:01:23.825,143.5700,38
43283825590843,12:01:23.825,143.5700,62
43336933594219,12:02:16.933,143.5700,80
43338781061402,12:02:18.781,143.5700,120
43339729464770,12:02:19.729,143.5900,81
43550009148779,12:05:50.009,143.6200,100
43550009176560,12:05:50.009,143.6200,300
43550009497537,12:05:50.009,143.6200,100
43550009497537,12:05:50.009,143.6200,100
43553568898254,12:05:53.568,143.6100,200
43553569036531,12:05:53.569,143.6100,200
43553569036531,12:05:53.569,143.6100,200
43589165192088,12:06:29.165,143.5900,100
43698727557103,12:08:18.727,143.6300,100
43774187185360,12:09:34.187,143.6600,100
43774187185360,12:09:34.187,143.6600,100
43791588501199,12:09:51.588,143.6400,100
43791588501199,12:09:51.588,143.6400,100
43791588501199,12:09:51.588,143.6400,100
43791588501199,12:09:51.588,143.6400,30
43995301844123,12:13:15.301,143.7000,1
44060778168479,12:14:20.778,143.6900,106
44060778730974,12:14:20.778,143.6900,94
44060779153701,12:14:20.779,143.6900,51
44060779288991,12:14:20.779,143.6900,49
44320390031524,12:18:40.390,143.8200,100
44320390031524,12:18:40.390,143.8200,100
44320760950320,12:18:40.760,143.8100,52
44320760989596,12:18:40.760,143.8100,48
44321354962863,12:18:41.354,143.8000,100
44360050071574,12:19:20.050,143.8100,48
44409525017642,12:20:09.525,143.8500,71
44473752481315,12:21:13.752,143.9000,100
44553912356317,12:22:33.912,143.9400,6
44553915035870,12:22:33.915,143.9400,94
44553915035870,12:22:33.915,143.9400,6
44553918904216,12:22:33.918,143.9400,94
44562643118623,12:22:42.643,143.9300,100
44638039370003,12:23:58.039,143.8500,100
44689067284059,12:24:49.067,143.8100,53
44689067668408,12:24:49.067,143.8100,47
44689067668408,12:24:49.067,143.8100,53
44689067719435,12:24:49.067,143.8100,47
44833042742375,12:27:13.042,143.8500,400
45012076750346,12:30:12.076,143.8300,100
45054642373933,12:30:54.642,143.8300,100
45126615454924,12:32:06.615,143.8200,93
45130905759387,12:32:10.905,143.8000,100
45183316016800,12:33:03.316,143.7500,50
45183316016800,12:33:03.316,143.7500,50
45203429580494,12:33:23.429,143.7700,100
45203429710720,12:33:23.429,143.7700,100
45215714928767,12:33:35.714,143.7500,50
45215714928767,12:33:35.714,143.7500,50
45225360596199,12:33:45.360,143.7600,200
45318142437928,12:35:18.142,143.7200,100
45330118160662,12:35:30.118,143.7200,100
45330118277621,12:35:30.118,143.7200,20
45330118426012,12:35:30.118,143.7200,100
45330118444799,12:35:30.118,143.7200,80
45557975534163,12:39:17.975,143.7000,100
45557975534163,12:39:17.975,143.7000,100
45557975534163,12:39:17.975,143.7000,100
45569157714121,12:39:29.157,143.7100,11
45569157907569,12:39:29.157,143.7100,51
45569160622327,12:39:29.160,143.7100,200
45613443621507,12:40:13.443,143.7300,8
45708543806916,12:41:48.543,143.7100,100
45724952373802,12:42:04.952,143.7000,45
45724952373802,12:42:04.952,143.7000,100
45843961059015,12:44:03.961,143.6900,51
45843961196624,12:44:03.961,143.6900,49
45893325576423,12:44:53.325,143.6700,100
45893325635463,12:44:53.325,143.6700,1
45893325657062,12:44:53.325,143.6700,99
45893329250439,12:44:53.329,143.6800,100
46199910371594,12:49:59.910,143.7400,100
46212685623678,12:50:12.685,143.7600,100
46331950970250,12:52:11.950,143.7700,100
46453964057214,12:54:13.964,143.7500,100
46453965654530,12:54:13.965,143.7500,100
46470988345515,12:54:30.988,143.7400,100
46470988345515,12:54:30.988,143.7400,100
46470991361028,12:54:30.991,143.7400,100
46470991361028,12:54:30.991,143.7400,100
46470991361028,12:54:30.991,143.7400,100
46470991361028,12:54:30.991,143.7400,600
46484381363994,12:54:44.381,143.7400,200
46510470958354,12:55:10.470,143.7300,100
46510475833820,12:55:10.475,143.7200,100
46510815001370,12:55:10.815,143.7500,200
46510815001370,12:55:10.815,143.7600,100
46510815001370,12:55:10.815,143.7600,100
46510815541734,12:55:10.815,143.7600,100
46510821304483,12:55:10.821,143.7700,100
46510985788684,12:55:10.985,143.7500,100
46510986332782,12:55:10.986,143.7500,200
46548251096300,12:55:48.251,143.6800,200
46704120811374,12:58:24.120,143.7200,115
46783645889996,12:59:43.645,143.7300,100
46834899816015,13:00:34.899,143.7200,100
46843334225560,13:00:43.334,143.7200,100
46843334284549,13:00:43.334,143.7200,100
46845577382559,13:00:45.577,143.7200,200
46858972998844,13:00:58.972,143.7200,100
46858973063018,13:00:58.973,143.7200,100
46862079824975,13:01:02.079,143.7300,100
46862080276161,13:01:02.080,143.7300,100
46864116756176,13:01:04.116,143.7400,200
46947084172549,13:02:27.084,143.7400,98
46981868443367,13:03:01.868,143.7400,2
46981868443367,13:03:01.868,143.7400,14
46999255758244,13:03:19.255,143.7500,23
47116611509794,13:05:16.611,143.7700,199
47145196736560,13:05:45.196,143.7700,100
47145196736560,13:05:45.196,143.7700,98
47145196769512,13:05:45.196,143.7700,2
47195738687006,13:06:35.738,143.7700,100
47211499677760,13:06:51.499,143.7800,64
47211499733166,13:06:51.499,143.7800,136
47285354874253,13:08:05.354,143.7600,100
47444784640695,13:10:44.784,143.7800,100
47444798848401,13:10:44.798,143.7800,100
47449940656947,13:10:49.940,143.7900,100
47470331294088,13:11:10.331,143.8100,200
47582835869586,13:13:02.835,143.8000,300
47582835869586,13:13:02.835,143.8000,100
47616057153029,13:13:36.057,143.7500,100
47700017610432,13:15:00.017,143.7500,200
47744762874740,13:15:44.762,143.7500,188
47744763508046,13:15:44.763,143.7500,12
47843771544262,13:17:23.771,143.7500,100
47843771544262,13:17:23.771,143.7500,3
47843771924490,13:17:23.771,143.7500,100
47843771984020,13:17:23.771,143.7500,97
47950159984883,13:19:10.159,143.7300,100
47950296943251,13:19:10.296,143.7300,100
47977970487245,13:19:37.970,143.7300,100
47977973878291,13:19:37.973,143.7300,100
48012462244742,13:20:12.462,143.6800,7
48045859042382,13:20:45.859,143.6000,10
48045859042382,13:20:45.859,143.6000,90
48045862616888,13:20:45.862,143.6000,200
48050913935898,13:20:50.913,143.6200,100
48070447061851,13:21:10.447,143.6500,200
48150005317660,13:22:30.005,143.6200,50
48150005386699,13:22:30.005,143.6200,50
48272680849987,13:24:32.680,143.6300,2
48305815141884,13:25:05.815,143.6100,100
48598023428679,13:29:58.023,143.6200,100
48598042229869,13:29:58.042,143.6200,100
48624890499442,13:30:24.890,143.6400,45
48624890590202,13:30:24.890,143.6400,1
48695802396694,13:31:35.802,143.6500,100
48777407773392,13:32:57.407,143.6500,100
48844154275913,13:34:04.154,143.6500,100
48909945124509,13:35:09.945,143.6400,100
48909946360707,13:35:09.946,143.6400,100
49195661460654,13:39:55.661,143.6300,100
49204333209854,13:40:04.333,143.6400,200
49474876414782,13:44:34.876,143.5900,100
49501883130119,13:45:01.883,143.5600,100
49661972430721,13:47:41.972,143.5400,100
49725145424007,13:48:45.145,143.5000,17
49725851319928,13:48:45.851,143.5000,100
49725853019438,13:48:45.853,143.5000,100
49761332578971,13:49:21.332,143.4700,100
49853063411782,13:50:53.063,143.5200,52
49853063439290,13:50:53.063,143.5200,48
49876759398371,13:51:16.759,143.5300,202
49876759404834,13:51:16.759,143.5300,96
49885778610565,13:51:25.778,143.5300,100
49885778610565,13:51:25.778,143.5300,100
49927054151180,13:52:07.054,143.5400,37
49927054172286,13:52:07.054,143.5400,63
49927054172286,13:52:07.054,143.5400,100
49979586060932,13:52:59.586,143.5600,88
49979609640905,13:52:59.609,143.5600,137
50055926174733,13:54:15.926,143.6000,1
50057634617006,13:54:17.634,143.6000,44
50058828334858,13:54:18.828,143.6200,56
50090890692598,13:54:50.890,143.6000,92
50090892050590,13:54:50.892,143.6000,8
50100051838617,13:55:00.051,143.5900,100
50100051838617,13:55:00.051,143.5900,100
50103315057782,13:55:03.315,143.5900,47
50103315149452,13:55:03.315,143.5900,53
50105995147811,13:55:05.995,143.5600,100
50117717216329,13:55:17.717,143.5800,100
50117717688125,13:55:17.717,143.5800,100
50220743788896,13:57:00.743,143.5500,200
50220747190899,13:57:00.747,143.5700,80
50253188955485,13:57:33.188,143.5900,5
50253189017467,13:57:33.189,143.5900,38
50253189904162,13:57:33.189,143.5900,10
50253189904162,13:57:33.189,143.5900,36
50253693499311,13:57:33.693,143.5800,100
50253693980916,13:57:33.693,143.5800,100
50253694077413,13:57:33.694,143.5800,100
50253694190158,13:57:33.694,143.5800,200
50325341493533,13:58:45.341,143.5500,100
50325341493533,13:58:45.341,143.5500,100
50402711836632,14:00:02.711,143.5600,100
50405718517372,14:00:05.718,143.6000,100
50405718517372,14:00:05.718,143.6100,100
50407782596009,14:00:07.782,143.7400,100
50407784029843,14:00:07.784,143.7500,813
50408990307556,14:00:08.990,143.8400,20
50408997672066,14:00:08.997,143.9200,10
50409963603917,14:00:09.963,144.0000,9
50409963603917,14:00:09.963,144.0000,14
50409963603917,14:00:09.963,144.0000,35
50423326333904,14:00:23.326,144.0400,63
50471963238867,14:01:11.963,144.0100,94
50513953094951,14:01:53.953,144.0300,69
50513953096696,14:01:53.953,144.0300,31
50525669420809,14:02:05.669,144.0700,200
50537838115877,14:02:17.838,143.8300,100
50700975416588,14:05:00.975,144.4000,1
50710953183423,14:05:10.953,144.4400,100
50736119463863,14:05:36.119,144.3400,100
50832861199562,14:07:12.861,144.3200,200
50864937057164,14:07:44.937,144.2600,10
50864937335111,14:07:44.937,144.2600,90
50966095132964,14:09:26.095,144.3400,66
50997996792024,14:09:57.996,144.2500,62
50997996792024,14:09:57.996,144.2500,38
51082550445922,14:11:22.550,144.4100,200
51228302396582,14:13:48.302,144.5200,100
51228302893872,14:13:48.302,144.5100,8
51228303385834,14:13:48.303,144.5100,8
51228303712350,14:13:48.303,144.5100,8
51228303909140,14:13:48.303,144.5100,8
51228304022385,14:13:48.304,144.5100,8
51228304199328,14:13:48.304,144.5100,8
51256388300139,14:14:16.388,144.5800,100
51256391280960,14:14:16.391,144.5900,167
51300159993263,14:15:00.159,144.5900,5
51300160136203,14:15:00.160,144.5900,40
51300160250114,14:15:00.160,144.5900,55
51300173196323,14:15:00.173,144.5500,100
51300174864134,14:15:00.174,144.5500,100
51300197369181,14:15:00.197,144.5200,100
51307014640171,14:15:07.014,144.5100,300
51341988912127,14:15:41.988,144.4700,189
51341988943111,14:15:41.988,144.4700,11
51341988946739,14:15:41.988,144.4700,100
51347034086325,14:15:47.034,144.5000,100
51400193016251,14:16:40.193,144.5800,96
51400194215797,14:16:40.194,144.5800,40
51400195612459,14:16:40.195,144.5800,64
51400300499776,14:16:40.300,144.6100,200
51400300548631,14:16:40.300,144.6100,100
51400300560974,14:16:40.300,144.6100,200
51429693348647,14:17:09.693,144.6700,200
51474353323524,14:17:54.353,144.5300,100
51474354998644,14:17:54.354,144.5100,100
51474356111445,14:17:54.356,144.5100,385
51474356690371,14:17:54.356,144.5100,75
51474357365707,14:17:54.357,144.5100,43
51474357528927,14:17:54.357,144.5100,160
51474358437563,14:17:54.358,144.5100,169
51474358486166,14:17:54.358,144.5100,168
51474358486166,14:17:54.358,144.5100,500
51634947009630,14:20:34.947,144.5900,61
51634947040833,14:20:34.947,144.5900,110
51634947163988,14:20:34.947,144.5900,29
51634948957759,14:20:34.948,144.5800,100
51635666813007,14:20:35.666,144.5300,50
51635666813591,14:20:35.666,144.5300,150
51635666956996,14:20:35.666,144.5300,50
51635666992490,14:20:35.666,144.5300,50
51635667816793,14:20:35.667,144.5300,97
51653998871859,14:20:53.998,144.6400,100
51654000056618,14:20:54.000,144.6500,31
51661241211010,14:21:01.241,144.7200,106
51661241257187,14:21:01.241,144.7200,97
51661241257665,14:21:01.241,144.7200,97
51679677033075,14:21:19.677,144.7100,1
51679677105995,14:21:19.677,144.7100,12
51679678202938,14:21:19.678,144.7100,200
51679678809094,14:21:19.678,144.7100,200
51679678921221,14:21:19.678,144.7100,200
51679679977688,14:21:19.679,144.7100,88
51703577357531,14:21:43.577,144.7700,200
51703577418616,14:21:43.577,144.7700,100
51750381539531,14:22:30.381,144.8000,100
51759078731567,14:22:39.078,144.8400,500
51759089294547,14:22:39.089,144.8600,100
51759117659751,14:22:39.117,144.8700,38
51759136518535,14:22:39.136,144.8700,6
51759136549869,14:22:39.136,144.8700,156
51765846205145,14:22:45.846,144.8400,100
51803803471046,14:23:23.803,144.8800,92
51803803471584,14:23:23.803,144.8800,96
51803806314688,14:23:23.806,144.8900,5
51806973365190,14:23:26.973,144.8400,13
51806973550056,14:23:26.973,144.8400,150
51806973812757,14:23:26.973,144.8400,29
51806974504299,14:23:26.974,144.8400,50
51806975635994,14:23:26.975,144.8400,131
51806980995724,14:23:26.980,144.8400,100
51904325910661,14:25:04.325,144.7800,100
52203249698874,14:30:03.249,144.6300,85
52203249703347,14:30:03.249,144.6300,15
52204780114467,14:30:04.780,144.5700,121
52204781292292,14:30:04.781,144.5700,2
52382656548364,14:33:02.656,144.5800,100
52390895559724,14:33:10.895,144.5800,100
52392517298969,14:33:12.517,144.6000,100
52398438023839,14:33:18.438,144.5700,100
52398438057619,14:33:18.438,144.5700,100
52459326189255,14:34:19.326,144.7100,10
52489262856235,14:34:49.262,144.7200,3
52489263021325,14:34:49.263,144.7200,4
52496479671659,14:34:56.479,144.7200,93
52579101482867,14:36:19.101,144.6200,82
52579103723266,14:36:19.103,144.5900,17
52579103723808,14:36:19.103,144.5900,180
52579103755741,14:36:19.103,144.5900,3
52579103859794,14:36:19.103,144.6200,10
52611015719849,14:36:51.015,144.6000,190
52622768471648,14:37:02.768,144.6200,100
52622769108159,14:37:02.769,144.6200,18
52646762797640,14:37:26.762,144.7100,100
52646762875045,14:37:26.762,144.7100,100
52720017354967,14:38:40.017,144.7000,91
52720017441973,14:38:40.017,144.7000,109
52728225085845,14:38:48.225,144.7800,42
52728225134511,14:38:48.225,144.7800,41
52728225946577,14:38:48.225,144.7800,117
52755504181580,14:39:15.504,144.7100,100
52762496849212,14:39:22.496,144.6700,206
52869415600700,14:41:09.415,144.6600,100
53111131863750,14:45:11.131,144.6900,10
53111131937207,14:45:11.131,144.6900,90
53160492593186,14:46:00.492,144.7400,109
53160492645690,14:46:00.492,144.7400,91
53188336403958,14:46:28.336,144.8000,99
53188336508765,14:46:28.336,144.8000,1
53189255533862,14:46:29.255,144.8300,42
53189256200392,14:46:29.256,144.8300,41
53189256966737,14:46:29.256,144.8300,117
53189259067088,14:46:29.259,144.8400,22
53189259580713,14:46:29.259,144.8400,95
53189265379902,14:46:29.265,144.8500,100
53190713767665,14:46:30.713,144.8400,100
53221027083224,14:47:01.027,144.9100,200
53228144503176,14:47:08.144,144.9100,100
53228573375883,14:47:08.573,144.9200,2
53245324674457,14:47:25.324,144.9100,100
53422551740480,14:50:22.551,144.9300,100
53446762679956,14:50:46.762,144.9000,100
53446764596002,14:50:46.764,144.9000,100
53465116801253,14:51:05.116,144.8700,125
53511098364329,14:51:51.098,144.8900,200
53511102075628,14:51:51.102,144.9100,100
53537605543896,14:52:17.605,145.0000,85
53537605543896,14:52:17.605,145.0000,15
53537606207067,14:52:17.606,145.0000,100
53538884753516,14:52:18.884,145.0000,133
53538884753516,14:52:18.884,145.0000,4
53538884753516,14:52:18.884,145.0000,500
53540956416649,14:52:20.956,145.0200,20
53542003286251,14:52:22.003,145.0500,50
53542003790258,14:52:22.003,145.0500,146
53542003851057,14:52:22.003,145.0500,4
53542006210660,14:52:22.006,145.0600,143
53542014007911,14:52:22.014,145.0700,200
53603047860965,14:53:23.047,145.1600,100
53655750267964,14:54:15.750,145.2000,100
53727407485993,14:55:27.407,145.1900,100
53771543301188,14:56:11.543,145.1700,100
53783878654884,14:56:23.878,145.1500,100
53783878759566,14:56:23.878,145.1500,95
53804580457755,14:56:44.580,145.2600,200
53823732912840,14:57:03.732,145.2400,100
53827786342161,14:57:07.786,145.2200,100
53843799921556,14:57:23.799,145.2600,200
53863649355944,14:57:43.649,145.2700,98
53863649578212,14:57:43.649,145.2700,98
53882456877325,14:58:02.456,145.2700,100
53882456877325,14:58:02.456,145.2700,100
53968170345417,14:59:28.170,145.2900,51
53968170373146,14:59:28.170,145.2900,49
54134907246561,15:02:14.907,145.2300,10
54189716836804,15:03:09.716,145.1900,400
54200800632605,15:03:20.800,145.1600,50
54200800779569,15:03:20.800,145.1600,300
54200800965913,15:03:20.800,145.1600,150
54232124440734,15:03:52.124,145.1400,100
54268565244023,15:04:28.565,145.0900,7
54306456854160,15:05:06.456,145.0400,40
54306458496234,15:05:06.458,145.0300,42
54306458497014,15:05:06.458,145.0300,112
54368735435953,15:06:08.735,144.9800,100
54383253819312,15:06:23.253,144.9700,100
54480336690904,15:08:00.336,144.9700,34
54480337213915,15:08:00.337,144.9700,34
54480337239986,15:08:00.337,144.9700,41
54480337441480,15:08:00.337,144.9700,22
54516896375962,15:08:36.896,144.9800,100
54542642306082,15:09:02.642,144.9700,88
54542696311933,15:09:02.696,144.9700,12
54560170701393,15:09:20.170,144.9200,100
54811013520614,15:13:31.013,144.8100,100
54999138521604,15:16:39.138,144.8200,1
55072774224245,15:17:52.774,144.7900,100
55099888588702,15:18:19.888,144.7800,100
55175514637150,15:19:35.514,144.7900,100
55185263913068,15:19:45.263,144.8500,200
55190877319634,15:19:50.877,144.8400,100
55210353131169,15:20:10.353,144.9000,100
55237521728405,15:20:37.521,144.9400,46
55237522004136,15:20:37.522,144.9400,554
55273183974277,15:21:13.183,144.9200,51
55310710569064,15:21:50.710,144.8700,100
55310713325149,15:21:50.713,144.8700,100
55310713917672,15:21:50.713,144.8700,100
55332205353125,15:22:12.205,144.8100,100
55382252617290,15:23:02.252,144.8250,100
55382252711122,15:23:02.252,144.8100,100
55382977022394,15:23:02.977,144.7900,100
55383004395518,15:23:03.004,144.8000,100
55673112468374,15:27:53.112,144.7800,50
55673112468374,15:27:53.112,144.8100,144
55673124666056,15:27:53.124,144.8200,200
55676964889995,15:27:56.964,144.8700,100
55676964891724,15:27:56.964,144.8700,146
55676964934092,15:27:56.964,144.8700,100
55678141900342,15:27:58.141,144.8500,100
55716823869390,15:28:36.823,144.8800,50
55728005887146,15:28:48.005,144.8700,100
55743405046670,15:29:03.405,144.8600,51
55743405070975,15:29:03.405,144.8600,49
55748069787700,15:29:08.069,144.8500,100
55796552110742,15:29:56.552,144.7800,100
55800680186421,15:30:00.680,144.7600,100
55828872983024,15:30:28.872,144.6800,50
55832825014302,15:30:32.825,144.7200,50
55871576623644,15:31:11.576,144.7800,100
55974925227714,15:32:54.925,144.7400,100
56086282926766,15:34:46.282,144.6800,138
56092283494460,15:34:52.283,144.6200,86
56286970569583,15:38:06.970,144.7100,55
56286970596004,15:38:06.970,144.7100,45
56323493574510,15:38:43.493,144.7300,50
56403537487256,15:40:03.537,144.6600,100
56403548089543,15:40:03.548,144.6600,41
56406359337795,15:40:06.359,144.6600,43
56426619918724,15:40:26.619,144.6800,16
56427713417436,15:40:27.713,144.6600,100
56455330148791,15:40:55.330,144.6900,27
56480464863644,15:41:20.464,144.6400,50
56480470271263,15:41:20.470,144.6500,100
56480478185360,15:41:20.478,144.6500,50
56480478448785,15:41:20.478,144.6500,50
56480479039653,15:41:20.479,144.6200,100
56480479207699,15:41:20.479,144.6200,100
56480479207699,15:41:20.479,144.6200,100
56498824350200,15:41:38.824,144.5900,100
56498829309522,15:41:38.829,144.5700,169
56505912700267,15:41:45.912,144.5800,100
56505912785456,15:41:45.912,144.5800,100
56505912899112,15:41:45.912,144.5800,100
56505912956151,15:41:45.912,144.5800,8
56556300563815,15:42:36.300,144.6200,50
56573801111253,15:42:53.801,144.6500,50
56573801111253,15:42:53.801,144.6500,50
56576905378329,15:42:56.905,144.6500,50
56580107378063,15:43:00.107,144.6600,50
56580107378063,15:43:00.107,144.6700,149
56580134959213,15:43:00.134,144.6700,14
56625220352941,15:43:45.220,144.6900,100
56666945053613,15:44:26.945,144.6700,100
56717698897401,15:45:17.698,144.7100,100
56737231805557,15:45:37.231,144.8000,16
56741234965918,15:45:41.234,144.8000,100
56755787342276,15:45:55.787,144.8300,50
56759158892806,15:45:59.158,144.8300,60
56759159270238,15:45:59.159,144.8300,40
56877295545596,15:47:57.295,144.8100,4
56906401160683,15:48:26.401,144.7900,8
56910110213234,15:48:30.110,144.7900,92
56939137028672,15:48:59.137,144.7900,100
56939139456914,15:48:59.139,144.7900,80
56939140015403,15:48:59.140,144.7900,20
56939207751810,15:48:59.207,144.7900,34
56949335714009,15:49:09.335,144.7800,100
57010516728464,15:50:10.516,144.7600,100
57010688869520,15:50:10.688,144.7600,54
57010688893449,15:50:10.688,144.7600,2
57152608118259,15:52:32.608,144.6800,40
57190402408938,15:53:10.402,144.6800,24
57211443451818,15:53:31.443,144.6400,100
57215241052961,15:53:35.241,144.6600,63
57215244747093,15:53:35.244,144.6600,37
57270715000839,15:54:30.715,144.6700,99
57270717080253,15:54:30.717,144.6700,59
57270718903380,15:54:30.718,144.7100,100
57273952223350,15:54:33.952,144.6800,100
57273952254948,15:54:33.952,144.6800,100
57273952585212,15:54:33.952,144.6800,100
57285029795455,15:54:45.029,144.6400,100
57300033172787,15:55:00.033,144.6900,100
57300168827112,15:55:00.168,144.7200,200
57300941164556,15:55:00.941,144.7900,37
57300947873617,15:55:00.947,144.7900,300
57300950911168,15:55:00.950,144.7900,100
57310125305165,15:55:10.125,144.8000,50
57310125305577,15:55:10.125,144.8000,63
57310125416339,15:55:10.125,144.8000,50
57310125858061,15:55:10.125,144.8000,99
57310125858542,15:55:10.125,144.8000,100
57310125996940,15:55:10.125,144.8000,400
57310155179824,15:55:10.155,144.8100,100
57310365369689,15:55:10.365,144.8300,200
57314614760185,15:55:14.614,144.8300,1
57318880681102,15:55:18.880,144.8100,100
57318887049038,15:55:18.887,144.8100,100
57319439678051,15:55:19.439,144.7900,100
57319439918054,15:55:19.439,144.7900,100
57344018787457,15:55:44.018,144.8700,100
57397387434481,15:56:37.387,144.8900,24
57429239334561,15:57:09.239,144.8500,1
57429239361483,15:57:09.239,144.8500,55
57440650798579,15:57:20.650,144.8500,100
57467436491524,15:57:47.436,144.8300,53
57468784273974,15:57:48.784,144.8100,100
57474050463832,15:57:54.050,144.7900,100
57475717420905,15:57:55.717,144.8000,37
57475717420905,15:57:55.717,144.8000,4
57480450921400,15:58:00.450,144.7900,100
57499981768886,15:58:19.981,144.8100,12
57500031357212,15:58:20.031,144.8100,23
57501551692226,15:58:21.551,144.8100,65
57523027322532,15:58:43.027,144.8500,100
57523027687232,15:58:43.027,144.8600,100
57529232081100,15:58:49.232,144.8600,100
57542518569034,15:59:02.518,144.8800,100
57545476275086,15:59:05.476,144.8900,12
57562434173690,15:59:22.434,144.8400,56
57562434416644,15:59:22.434,144.8400,9
57564955752459,15:59:24.955,144.8300,500
57564955752459,15:59:24.955,144.8300,100
57569194557953,15:59:29.194,144.8400,38
57573194058838,15:59:33.194,144.8200,38
57590200928032,15:59:50.200,144.8000,11
57592194116875,15:59:52.194,144.8000,38
57598863933076,15:59:58.863,144.8700,32
57600010135464,16:00:00.010,144.9200,300
57600179369200,16:00:00.179,0.0000,0
