timestamp,time,price,volume
34150396287084,09:29:10.396,2.5100,20
34150399287962,09:29:10.399,2.5100,300
34200912661557,09:30:00.912,0.0000,0
34266334110863,09:31:06.334,2.5200,95
34275254062283,09:31:15.254,2.5300,100
34275254062283,09:31:15.254,2.5300,100
34275254062283,09:31:15.254,2.5300,100
34275254062283,09:31:15.254,2.5300,100
34275254062283,09:31:15.254,2.5300,500
34320297947784,09:32:00.297,2.5400,200
34320297947784,09:32:00.297,2.5400,100
34320300151111,09:32:00.300,2.5400,100
34320300334244,09:32:00.300,2.5400,100
34353821031238,09:32:33.821,2.5400,205
34353821031238,09:32:33.821,2.5400,100
34395446098522,09:33:15.446,2.5200,100
34457162028956,09:34:17.162,2.5250,2400
34501079339518,09:35:01.079,2.5300,100
34501086894812,09:35:01.086,2.5300,100
34510864473434,09:35:10.864,2.5300,100
34510864473434,09:35:10.864,2.5300,200
34584051010508,09:36:24.051,2.5300,100
34584051088956,09:36:24.051,2.5300,100
34584060736530,09:36:24.060,2.5400,40
34584060736530,09:36:24.060,2.5400,200
34584060736530,09:36:24.060,2.5400,100
34584060736530,09:36:24.060,2.5400,500
34584159632450,09:36:24.159,2.5400,100
34586339698795,09:36:26.339,2.5400,100
34724799518658,09:38:44.799,2.5400,200
34724799518658,09:38:44.799,2.5400,300
34724799518658,09:38:44.799,2.5400,100
34724799518658,09:38:44.799,2.5400,100
34724799518658,09:38:44.799,2.5400,100
34724799518658,09:38:44.799,2.5400,2500
34724799518658,09:38:44.799,2.5400,200
34724799622823,09:38:44.799,2.5400,73
34724799663903,09:38:44.799,2.5400,27
34724799663903,09:38:44.799,2.5400,73
34724799689673,09:38:44.799,2.5400,209
34787175155131,09:39:47.175,2.5400,118
34787175155131,09:39:47.175,2.5400,3
34792818545591,09:39:52.818,2.5450,325
34792819295572,09:39:52.819,2.5500,25
34792819295572,09:39:52.819,2.5500,100
34792819295572,09:39:52.819,2.5500,100
34792969467707,09:39:52.969,2.5550,400
34792969467707,09:39:52.969,2.5500,63
34794652977359,09:39:54.652,2.5500,700
34933934444441,09:42:13.934,2.5400,397
35139722665358,09:45:39.722,2.5400,700
35139722665358,09:45:39.722,2.5400,200
35139722665358,09:45:39.722,2.5400,100
35140830427948,09:45:40.830,2.5400,100
35263928562594,09:47:43.928,2.5500,700
35263928562594,09:47:43.928,2.5500,300
35263928562594,09:47:43.928,2.5500,200
35263928562594,09:47:43.928,2.5500,300
35263928562594,09:47:43.928,2.5500,700
35263929454122,09:47:43.929,2.5500,900
35263929706603,09:47:43.929,2.5500,200
35265767690598,09:47:45.767,2.5550,200
35277138762636,09:47:57.138,2.5500,100
35277138762636,09:47:57.138,2.5500,200
35277138762636,09:47:57.138,2.5500,300
35277138762636,09:47:57.138,2.5500,900
35277138762636,09:47:57.138,2.5500,400
35277138762636,09:47:57.138,2.5500,500
35292824050530,09:48:12.824,2.5450,100
35302597111644,09:48:22.597,2.5450,100
35307911057977,09:48:27.911,2.5450,100
35309927054544,09:48:29.927,2.5450,100
35394673180040,09:49:54.673,2.5450,400
35394673180040,09:49:54.673,2.5500,200
35394673180040,09:49:54.673,2.5500,500
35394673180040,09:49:54.673,2.5500,200
35394673180040,09:49:54.673,2.5500,300
35394673180040,09:49:54.673,2.5500,900
35394673180040,09:49:54.673,2.5500,100
35394673180040,09:49:54.673,2.5500,500
35394673476862,09:49:54.673,2.5500,200
35403246321138,09:50:03.246,2.5500,100
35403246361487,09:50:03.246,2.5500,100
35403246413715,09:50:03.246,2.5500,300
35594627259399,09:53:14.627,2.5500,24
35594627367928,09:53:14.627,2.5500,200
35594627367928,09:53:14.627,2.5500,100
35594627367928,09:53:14.627,2.5500,100
35608286054592,09:53:28.286,2.5500,100
35767804840245,09:56:07.804,2.5400,57
35767804863657,09:56:07.804,2.5400,30
35767804935488,09:56:07.804,2.5400,200
35767804935488,09:56:07.804,2.5400,100
35767804935488,09:56:07.804,2.5400,100
35849016586067,09:57:29.016,2.5400,100
35849016586067,09:57:29.016,2.5400,100
35849016794894,09:57:29.016,2.5400,200
35849016794894,09:57:29.016,2.5400,100
35849016795712,09:57:29.016,2.5400,400
35851826023526,09:57:31.826,2.5400,700
35851826023526,09:57:31.826,2.5400,52
35921600398376,09:58:41.600,2.5400,948
35924469476835,09:58:44.469,2.5350,100
36027526255324,10:00:27.526,2.5300,400
36027526255324,10:00:27.526,2.5300,200
36027526255324,10:00:27.526,2.5300,100
36027526255324,10:00:27.526,2.5300,100
36027526255324,10:00:27.526,2.5300,100
36027526296050,10:00:27.526,2.5300,900
36027526471627,10:00:27.526,2.5300,100
36027526471627,10:00:27.526,2.5300,100
36027526471627,10:00:27.526,2.5300,100
36027529236994,10:00:27.529,2.5300,200
36027529236994,10:00:27.529,2.5300,400
36027529236994,10:00:27.529,2.5300,100
36040248964266,10:00:40.248,2.5200,100
36040248964266,10:00:40.248,2.5200,200
36040248964266,10:00:40.248,2.5200,100
36166739792567,10:02:46.739,2.5100,500
36166739792567,10:02:46.739,2.5100,100
36166739943791,10:02:46.739,2.5100,100
36319723872592,10:05:19.723,2.5000,200
36319723872592,10:05:19.723,2.5000,100
36319723872592,10:05:19.723,2.5000,100
36319723872592,10:05:19.723,2.5000,100
36319723872592,10:05:19.723,2.5000,100
36480073017354,10:08:00.073,2.4900,1
36480073017354,10:08:00.073,2.4900,200
36480073017354,10:08:00.073,2.4900,100
36480073017354,10:08:00.073,2.4900,100
36564492940263,10:09:24.492,2.4900,100
36564492940263,10:09:24.492,2.4900,200
36579851539166,10:09:39.851,2.5000,50
36579851562128,10:09:39.851,2.5000,50
36580461008317,10:09:40.461,2.5050,100
36631858366327,10:10:31.858,2.5000,100
36632856361159,10:10:32.856,2.4950,100
36710718069499,10:11:50.718,2.5000,100
36718401422454,10:11:58.401,2.5000,100
36718401422454,10:11:58.401,2.5000,200
36718401422454,10:11:58.401,2.5000,100
36718401422454,10:11:58.401,2.5000,100
36868122860867,10:14:28.122,2.5100,200
36868122860867,10:14:28.122,2.5100,100
37064531073668,10:17:44.531,2.5100,100
37064531073668,10:17:44.531,2.5100,200
37064531073668,10:17:44.531,2.5100,100
37120292981959,10:18:40.292,2.5050,300
37335187470861,10:22:15.187,2.5100,200
37335187470861,10:22:15.187,2.5100,100
37335187470861,10:22:15.187,2.5100,200
37335187470861,10:22:15.187,2.5100,100
37415216630273,10:23:35.216,2.5200,200
37415633568729,10:23:35.633,2.5250,100
37415633568729,10:23:35.633,2.5250,400
37427292748504,10:23:47.292,2.5250,400
37427292748504,10:23:47.292,2.5250,100
37500928944390,10:25:00.928,2.5250,200
37655630410157,10:27:35.630,2.5250,400
37800088164511,10:30:00.088,2.5300,100
37800088164511,10:30:00.088,2.5300,100
37800088164511,10:30:00.088,2.5300,100
37800088164511,10:30:00.088,2.5300,100
37800088164511,10:30:00.088,2.5300,100
37800088164511,10:30:00.088,2.5300,100
37800088462966,10:30:00.088,2.5300,600
37800104440294,10:30:00.104,2.5300,100
37800206146743,10:30:00.206,2.5400,12
37800207901937,10:30:00.207,2.5300,300
37892027750491,10:31:32.027,2.5400,500
37892027750491,10:31:32.027,2.5400,100
37892027750491,10:31:32.027,2.5400,100
38210772540227,10:36:50.772,2.5450,400
38219093921884,10:36:59.093,2.5450,400
38234093900716,10:37:14.093,2.5450,200
38279114946774,10:37:59.114,2.5450,224
38309097329732,10:38:29.097,2.5450,131
38341001139969,10:39:01.001,2.5500,21
38363653462977,10:39:23.653,2.5500,79
38363653462977,10:39:23.653,2.5500,200
38363653462977,10:39:23.653,2.5500,100
38363653462977,10:39:23.653,2.5500,100
38363653462977,10:39:23.653,2.5500,300
38363653462977,10:39:23.653,2.5500,100
38363657886205,10:39:23.657,2.5500,200
38363663838785,10:39:23.663,2.5500,200
38363663838785,10:39:23.663,2.5500,800
38364010454486,10:39:24.010,2.5500,100
38364011707073,10:39:24.011,2.5500,100
38366561253967,10:39:26.561,2.5500,100
38367380309674,10:39:27.380,2.5500,200
38450213725413,10:40:50.213,2.5500,200
38450213725413,10:40:50.213,2.5500,300
38450214239941,10:40:50.214,2.5500,900
38450214239941,10:40:50.214,2.5500,200
38450214239941,10:40:50.214,2.5500,500
38450214812595,10:40:50.214,2.5500,200
38450704988416,10:40:50.704,2.5500,100
38483117160417,10:41:23.117,2.5500,200
38483117160417,10:41:23.117,2.5500,609
38483117484542,10:41:23.117,2.5500,591
38483117484542,10:41:23.117,2.5500,200
38483117484542,10:41:23.117,2.5500,200
38483118017436,10:41:23.118,2.5500,3500
38484368880356,10:41:24.368,2.5500,200
38484368880356,10:41:24.368,2.5500,100
38484369706075,10:41:24.369,2.5500,1200
38484369706075,10:41:24.369,2.5500,200
38541188015963,10:42:21.188,2.5500,900
38657753479866,10:44:17.753,2.5500,200
38657753479866,10:44:17.753,2.5500,1200
38657753479866,10:44:17.753,2.5500,400
38657753479866,10:44:17.753,2.5500,100
38657753479866,10:44:17.753,2.5500,500
38657753479866,10:44:17.753,2.5500,100
38710932163881,10:45:10.932,2.5500,100
38710932163881,10:45:10.932,2.5500,200
38710932163881,10:45:10.932,2.5500,236
38924295986292,10:48:44.295,2.5550,400
39007945460617,10:50:07.945,2.5550,400
39007945460617,10:50:07.945,2.5500,964
39007945460617,10:50:07.945,2.5500,100
39007945460617,10:50:07.945,2.5500,200
39007945460617,10:50:07.945,2.5500,100
39007945460617,10:50:07.945,2.5500,100
39007945460617,10:50:07.945,2.5500,436
39007947419032,10:50:07.947,2.5500,100
39012656345560,10:50:12.656,2.5550,235
39012833026931,10:50:12.833,2.5550,165
39027974588368,10:50:27.974,2.5550,100
39041868563264,10:50:41.868,2.5550,100
39056855979290,10:50:56.855,2.5550,100
39071855509676,10:51:11.855,2.5550,100
39195194757552,10:53:15.194,2.5550,200
39300064526980,10:55:00.064,2.5600,200
39300064526980,10:55:00.064,2.5600,100
39300064526980,10:55:00.064,2.5600,100
39300064526980,10:55:00.064,2.5600,600
39300064526980,10:55:00.064,2.5600,200
39300064526980,10:55:00.064,2.5600,100
39663481253019,11:01:03.481,2.5700,650
39663481253019,11:01:03.481,2.5700,100
39663481253019,11:01:03.481,2.5700,100
39663481253019,11:01:03.481,2.5700,100
39663481253019,11:01:03.481,2.5700,2850
39663483300735,11:01:03.483,2.5700,27
40018816435512,11:06:58.816,2.5750,400
40225696007499,11:10:25.696,2.5800,100
40225696007499,11:10:25.696,2.5800,200
40225696007499,11:10:25.696,2.5800,100
40225696007499,11:10:25.696,2.5800,100
40225696007499,11:10:25.696,2.5800,200
40225881386977,11:10:25.881,2.5850,400
40225881386977,11:10:25.881,2.5850,100
40225881425846,11:10:25.881,2.5800,1100
40225881425846,11:10:25.881,2.5800,300
40225881425846,11:10:25.881,2.5800,400
40225881425846,11:10:25.881,2.5800,1000
40225881425846,11:10:25.881,2.5800,200
40225881425846,11:10:25.881,2.5800,100
40225881425846,11:10:25.881,2.5800,1500
40225881425846,11:10:25.881,2.5800,1100
40225881433615,11:10:25.881,2.5800,300
40225881517854,11:10:25.881,2.5850,100
40225881748459,11:10:25.881,2.5800,100
40225881752662,11:10:25.881,2.5800,200
40225881752662,11:10:25.881,2.5800,100
40225881752662,11:10:25.881,2.5800,100
40225896107384,11:10:25.896,2.5800,700
40225896527562,11:10:25.896,2.5800,800
40225896527562,11:10:25.896,2.5800,100
40243816037133,11:10:43.816,2.5750,100
40243917326798,11:10:43.917,2.5750,400
40243917326798,11:10:43.917,2.5750,100
40256074019145,11:10:56.074,2.5750,100
40256174653022,11:10:56.174,2.5750,400
40256174653022,11:10:56.174,2.5750,100
40281517470797,11:11:21.517,2.5750,100
40286177210102,11:11:26.177,2.5750,300
40286177210102,11:11:26.177,2.5750,100
40286177210102,11:11:26.177,2.5750,100
40300562631952,11:11:40.562,2.5750,100
40300562631952,11:11:40.562,2.5750,400
40315561296620,11:11:55.561,2.5750,400
40315561296620,11:11:55.561,2.5750,100
40318664792217,11:11:58.664,2.5750,400
40351275331383,11:12:31.275,2.5750,100
40367772471991,11:12:47.772,2.5750,400
40367772471991,11:12:47.772,2.5750,100
40692024817430,11:18:12.024,2.5750,100
40752152572930,11:19:12.152,2.5800,47
40881822063729,11:21:21.822,2.5700,200
40881822063729,11:21:21.822,2.5700,100
40881822063729,11:21:21.822,2.5700,200
40881822063729,11:21:21.822,2.5700,3
40881822063729,11:21:21.822,2.5700,200
40881822063729,11:21:21.822,2.5700,100
40881822063729,11:21:21.822,2.5700,300
40881822330325,11:21:21.822,2.5700,100
40881823719833,11:21:21.823,2.5700,100
40883117210374,11:21:23.117,2.5700,100
41252118487296,11:27:32.118,2.5600,79
41252118487296,11:27:32.118,2.5600,200
41252118487296,11:27:32.118,2.5600,100
41252118487296,11:27:32.118,2.5600,100
41252118487296,11:27:32.118,2.5600,100
41252118487296,11:27:32.118,2.5600,100
41252118495231,11:27:32.118,2.5600,679
41252120222045,11:27:32.120,2.5600,900
41252121476333,11:27:32.121,2.5600,421
41252260973447,11:27:32.260,2.5550,100
41253193296340,11:27:33.193,2.5550,400
41253193296340,11:27:33.193,2.5600,200
41353606416007,11:29:13.606,2.5500,1090
41353606555843,11:29:13.606,2.5500,110
41353606555843,11:29:13.606,2.5500,11
41353606555843,11:29:13.606,2.5500,139
41353606576425,11:29:13.606,2.5500,61
41353606576425,11:29:13.606,2.5500,200
41353606576425,11:29:13.606,2.5500,100
41490896634254,11:31:30.896,2.5500,100
41490896634254,11:31:30.896,2.5500,100
41490896634254,11:31:30.896,2.5500,300
41490896634254,11:31:30.896,2.5500,500
41490896725083,11:31:30.896,2.5500,100
41490896725083,11:31:30.896,2.5500,300
41490896751684,11:31:30.896,2.5500,500
41792908051006,11:36:32.908,2.5500,200
41792908051006,11:36:32.908,2.5500,49
41792908051006,11:36:32.908,2.5500,200
41792908051006,11:36:32.908,2.5500,100
41792908051006,11:36:32.908,2.5500,200
41825609056747,11:37:05.609,2.5400,200
41825609056747,11:37:05.609,2.5400,100
41877063390136,11:37:57.063,2.5400,100
41877063390136,11:37:57.063,2.5400,500
42729492845180,11:52:09.492,2.5400,44
42729493335003,11:52:09.493,2.5400,56
42729493335003,11:52:09.493,2.5400,100
42729493335003,11:52:09.493,2.5400,100
42729493335003,11:52:09.493,2.5400,100
42729493335003,11:52:09.493,2.5400,100
42736136762207,11:52:16.136,2.5300,48
42736136870453,11:52:16.136,2.5300,52
42736136933033,11:52:16.136,2.5300,100
42751926916389,11:52:31.926,2.5300,100
42767945488998,11:52:47.945,2.5300,100
42901701355805,11:55:01.701,2.5400,200
42901701355805,11:55:01.701,2.5400,300
43559592433304,12:05:59.592,2.5450,400
43559592433304,12:05:59.592,2.5450,100
43559592470765,12:05:59.592,2.5450,100
43559793208040,12:05:59.793,2.5450,119
43559793208040,12:05:59.793,2.5450,281
43559793208040,12:05:59.793,2.5450,100
43559793208040,12:05:59.793,2.5450,81
43633791253540,12:07:13.791,2.5400,49
43633821982596,12:07:13.821,2.5400,49
43674184337593,12:07:54.184,2.5400,100
44395717968213,12:19:55.717,2.5400,1102
44395717968213,12:19:55.717,2.5400,100
44395717968213,12:19:55.717,2.5400,100
44395717968213,12:19:55.717,2.5400,100
44395717968213,12:19:55.717,2.5400,100
44395717968213,12:19:55.717,2.5400,100
44395717968213,12:19:55.717,2.5400,100
44395717968213,12:19:55.717,2.5400,10
44395717968213,12:19:55.717,2.5400,100
44405537650376,12:20:05.537,2.5400,200
44405537650376,12:20:05.537,2.5400,100
44405537650376,12:20:05.537,2.5400,100
44478248059221,12:21:18.248,2.5400,100
44717234917734,12:25:17.234,2.5400,100
44717235524139,12:25:17.235,2.5400,100
44854230505716,12:27:34.230,2.5400,200
44854230505716,12:27:34.230,2.5400,1300
44854230505716,12:27:34.230,2.5400,100
44854230505716,12:27:34.230,2.5400,100
45352120753360,12:35:52.120,2.5400,42
45352805964044,12:35:52.805,2.5400,1258
45352805964044,12:35:52.805,2.5400,100
45352805964044,12:35:52.805,2.5400,100
45420091314652,12:37:00.091,2.5350,100
45680642901703,12:41:20.642,2.5300,100
45680644961735,12:41:20.644,2.5300,16
45680644961735,12:41:20.644,2.5300,84
46215477177344,12:50:15.477,2.5400,200
46215477177344,12:50:15.477,2.5400,200
46215477177344,12:50:15.477,2.5400,200
46215477177344,12:50:15.477,2.5400,100
46215477177344,12:50:15.477,2.5400,1000
46215477177344,12:50:15.477,2.5400,100
46215477177344,12:50:15.477,2.5400,100
46215894909912,12:50:15.894,2.5500,200
46215894909912,12:50:15.894,2.5500,600
46215894909912,12:50:15.894,2.5500,200
46215895010887,12:50:15.895,2.5500,100
46227251486199,12:50:27.251,2.5500,100
46229255558393,12:50:29.255,2.5500,100
46231208215639,12:50:31.208,2.5500,100
47047709420924,13:04:07.709,2.5400,100
47078293553471,13:04:38.293,2.5450,100
47078293553471,13:04:38.293,2.5450,100
47354584209044,13:09:14.584,2.5500,200
47354584209044,13:09:14.584,2.5500,1400
47354584209044,13:09:14.584,2.5500,300
47354584209044,13:09:14.584,2.5500,100
47354584431456,13:09:14.584,2.5500,100
47354617118432,13:09:14.617,2.5500,63
47892336593571,13:18:12.336,2.5550,100
48306335251700,13:25:06.335,2.5500,1400
48306335251700,13:25:06.335,2.5500,100
48306335251700,13:25:06.335,2.5500,100
48306335251700,13:25:06.335,2.5500,100
48306335251700,13:25:06.335,2.5500,2
48306338264525,13:25:06.338,2.5500,1000
48307476451791,13:25:07.476,2.5500,200
48307476451791,13:25:07.476,2.5500,1400
48404943492441,13:26:44.943,2.5500,1300
48404943720369,13:26:44.943,2.5500,100
48409037041906,13:26:49.037,2.5500,100
48471225329409,13:27:51.225,2.5500,100
48471225354220,13:27:51.225,2.5500,26
49352719540705,13:42:32.719,2.5500,100
49352719540705,13:42:32.719,2.5500,100
49352719540705,13:42:32.719,2.5500,100
49352719540705,13:42:32.719,2.5500,100
49352719540705,13:42:32.719,2.5500,100
49352719540705,13:42:32.719,2.5500,100
49352719540705,13:42:32.719,2.5500,100
49352719540705,13:42:32.719,2.5500,1
49352719540705,13:42:32.719,2.5500,99
49352818664448,13:42:32.818,2.5500,1
49352818664448,13:42:32.818,2.5500,99
49685861075438,13:48:05.861,2.5500,1
49685861075438,13:48:05.861,2.5500,99
49932717747397,13:52:12.717,2.5500,23
50272969777535,13:57:52.969,2.5500,97
50272969978459,13:57:52.969,2.5500,3
50272969978459,13:57:52.969,2.5500,16
50272972663516,13:57:52.972,2.5500,29
50281272657680,13:58:01.272,2.5500,55
50281272657680,13:58:01.272,2.5500,45
50339015558636,13:58:59.015,2.5500,100
50339016776362,13:58:59.016,2.5500,100
50339016999243,13:58:59.016,2.5500,100
50339017094983,13:58:59.017,2.5500,700
50339017321369,13:58:59.017,2.5500,400
50339017321369,13:58:59.017,2.5500,100
50355476091783,13:59:15.476,2.5500,100
50366092936534,13:59:26.092,2.5400,100
50366092936534,13:59:26.092,2.5400,100
50366092936534,13:59:26.092,2.5400,200
50366093146433,13:59:26.093,2.5400,100
50402693738596,14:00:02.693,2.5400,31
50402716251707,14:00:02.716,2.5400,23
50402716835226,14:00:02.716,2.5400,13
50402723599229,14:00:02.723,2.5400,33
50402723599229,14:00:02.723,2.5400,83
50408543862306,14:00:08.543,2.5500,60
50408595918523,14:00:08.595,2.5500,40
50408595918523,14:00:08.595,2.5500,37
50408994085952,14:00:08.994,2.5500,107
50413010037851,14:00:13.010,2.5500,93
50413010037851,14:00:13.010,2.5500,181
50413010520114,14:00:13.010,2.5500,19
50415627388178,14:00:15.627,2.5500,100
50423323718283,14:00:23.323,2.5500,28
50451048807712,14:00:51.048,2.5600,29
50471391975858,14:01:11.391,2.5500,22
50471392375529,14:01:11.392,2.5500,50
50471392375529,14:01:11.392,2.5500,5
50647442231810,14:04:07.442,2.5600,1471
50647442231810,14:04:07.442,2.5600,400
50647442231810,14:04:07.442,2.5600,900
50647442231810,14:04:07.442,2.5600,100
50647442231810,14:04:07.442,2.5600,100
50712476989845,14:05:12.476,2.5700,100
50712476989845,14:05:12.476,2.5700,200
50734737500335,14:05:34.737,2.5700,400
50734737990110,14:05:34.737,2.5700,300
50734737990110,14:05:34.737,2.5700,100
50734737990110,14:05:34.737,2.5700,100
50749865210385,14:05:49.865,2.5800,71
50785621335479,14:06:25.621,2.5800,34
50785621335479,14:06:25.621,2.5800,100
50785621335479,14:06:25.621,2.5800,100
50785621335479,14:06:25.621,2.5800,100
50785621335479,14:06:25.621,2.5800,100
50785621942798,14:06:25.621,2.5800,100
50785621942798,14:06:25.621,2.5800,100
50787639231722,14:06:27.639,2.5800,100
50787639231722,14:06:27.639,2.5800,1000
50787639231722,14:06:27.639,2.5800,100
50787639231722,14:06:27.639,2.5800,200
50802248547780,14:06:42.248,2.5700,100
50802248547780,14:06:42.248,2.5700,200
50920120828097,14:08:40.120,2.5700,28
50920130869344,14:08:40.130,2.5700,24
50920131040771,14:08:40.131,2.5700,17
50920983822694,14:08:40.983,2.5700,200
50921028689238,14:08:41.028,2.5700,431
50921028689238,14:08:41.028,2.5700,100
50921028689238,14:08:41.028,2.5700,100
50927704153792,14:08:47.704,2.5600,14
50957700926022,14:09:17.700,2.5600,78
50981028349025,14:09:41.028,2.5600,300
50981028935820,14:09:41.028,2.5600,308
50981028935820,14:09:41.028,2.5600,100
50981028935820,14:09:41.028,2.5600,100
50981028974781,14:09:41.028,2.5600,100
50981028974781,14:09:41.028,2.5600,300
51131958085982,14:12:11.958,2.5600,100
51131958113953,14:12:11.958,2.5600,1100
51131958113953,14:12:11.958,2.5600,100
51131958113953,14:12:11.958,2.5600,100
51322473863810,14:15:22.473,2.5600,300
51322474075424,14:15:22.474,2.5600,900
51322474075424,14:15:22.474,2.5600,100
51322474075424,14:15:22.474,2.5600,200
51322474075424,14:15:22.474,2.5600,100
51322474449637,14:15:22.474,2.5600,100
51322474449637,14:15:22.474,2.5600,100
51322474449637,14:15:22.474,2.5600,100
51322474449637,14:15:22.474,2.5600,100
51322476473647,14:15:22.476,2.5600,100
51416599477139,14:16:56.599,2.5600,700
51446618559626,14:17:26.618,2.5600,116
51446620766254,14:17:26.620,2.5600,384
51477195811089,14:17:57.195,2.5600,100
51483106526443,14:18:03.106,2.5600,100
51483106526443,14:18:03.106,2.5600,100
51506716623996,14:18:26.716,2.5600,200
51506716623996,14:18:26.716,2.5600,100
51566816181936,14:19:26.816,2.5600,300
51633004909474,14:20:33.004,2.5650,100
51633004909474,14:20:33.004,2.5650,300
52072160750904,14:27:52.160,2.5600,900
52072160750904,14:27:52.160,2.5600,100
52072160750904,14:27:52.160,2.5600,100
52072160750904,14:27:52.160,2.5600,100
52072160750904,14:27:52.160,2.5600,100
52093508166317,14:28:13.508,2.5550,100
52095329203958,14:28:15.329,2.5500,8
52282264013777,14:31:22.264,2.5550,100
52310034022367,14:31:50.034,2.5550,100
52564423316623,14:36:04.423,2.5500,400
52564423601461,14:36:04.423,2.5500,100
52564423601461,14:36:04.423,2.5500,11
52564423730254,14:36:04.423,2.5500,89
52565517041361,14:36:05.517,2.5450,390
52578447017315,14:36:18.447,2.5500,500
52578447017315,14:36:18.447,2.5500,200
52578447017315,14:36:18.447,2.5500,11
52578447017315,14:36:18.447,2.5500,100
52578447017315,14:36:18.447,2.5500,1200
52578447017315,14:36:18.447,2.5500,100
52578447017315,14:36:18.447,2.5500,100
52578447017315,14:36:18.447,2.5500,100
52581451843327,14:36:21.451,2.5500,100
52586532290623,14:36:26.532,2.5500,100
52593255184406,14:36:33.255,2.5500,100
52601241182970,14:36:41.241,2.5500,100
52601241182970,14:36:41.241,2.5500,400
52605910552734,14:36:45.910,2.5500,100
52617580701704,14:36:57.580,2.5500,100
52628736235080,14:37:08.736,2.5500,100
52637443793794,14:37:17.443,2.5500,200
52660917032031,14:37:40.917,2.5500,1200
52660917032031,14:37:40.917,2.5500,400
52660920551049,14:37:40.920,2.5500,1000
52660920626283,14:37:40.920,2.5500,1100
52660920797306,14:37:40.920,2.5500,600
52661958393783,14:37:41.958,2.5500,200
52661958393783,14:37:41.958,2.5500,300
52661958987184,14:37:41.958,2.5500,900
53236730848394,14:47:16.730,2.5600,24
53236730848394,14:47:16.730,2.5600,7
53236730848394,14:47:16.730,2.5600,100
53236730848394,14:47:16.730,2.5600,100
53236730848394,14:47:16.730,2.5600,100
53236730848394,14:47:16.730,2.5600,100
53236730848394,14:47:16.730,2.5600,700
53236730848394,14:47:16.730,2.5600,1
53236730848394,14:47:16.730,2.5600,200
53236730848394,14:47:16.730,2.5600,100
53236730848394,14:47:16.730,2.5600,7
53450634589018,14:50:50.634,2.5650,800
53450634589018,14:50:50.634,2.5650,100
53450634589018,14:50:50.634,2.5650,300
53526701934712,14:52:06.701,2.5700,499
53526701934712,14:52:06.701,2.5700,200
53526701934712,14:52:06.701,2.5700,100
53526701934712,14:52:06.701,2.5700,48
53526701934712,14:52:06.701,2.5700,200
53526701934712,14:52:06.701,2.5700,53
53526702211523,14:52:06.702,2.5700,47
53789698413506,14:56:29.698,2.5800,18
53789699104411,14:56:29.699,2.5800,17
53789710419034,14:56:29.710,2.5800,65
53789710419034,14:56:29.710,2.5800,100
53825042287075,14:57:05.042,2.5800,200
53825042287075,14:57:05.042,2.5800,100
53825434746762,14:57:05.434,2.5800,100
53825434746762,14:57:05.434,2.5800,100
53825435162527,14:57:05.435,2.5800,100
53825435558722,14:57:05.435,2.5800,100
53825435558722,14:57:05.435,2.5800,700
53825435871743,14:57:05.435,2.5800,100
53825437819739,14:57:05.437,2.5800,100
53825438524654,14:57:05.438,2.5800,100
53825439096439,14:57:05.439,2.5800,100
53825439856026,14:57:05.439,2.5800,100
53825473575868,14:57:05.473,2.5800,500
53825473575868,14:57:05.473,2.5800,200
54129738359364,15:02:09.738,2.5800,500
54129738359364,15:02:09.738,2.5800,200
54129738359364,15:02:09.738,2.5800,100
54129738359364,15:02:09.738,2.5800,100
54129738359364,15:02:09.738,2.5800,100
54129738359364,15:02:09.738,2.5800,100
54129738559266,15:02:09.738,2.5800,600
54136915367693,15:02:16.915,2.5800,200
54136915367693,15:02:16.915,2.5800,100
54136915367693,15:02:16.915,2.5800,100
54257224434005,15:04:17.224,2.5800,100
54257224452717,15:04:17.224,2.5800,44
54257224550843,15:04:17.224,2.5800,56
54257224550843,15:04:17.224,2.5800,44
54257224702823,15:04:17.224,2.5800,56
54257224702823,15:04:17.224,2.5800,44
54257224778212,15:04:17.224,2.5800,100
54257224846450,15:04:17.224,2.5800,100
54257225038226,15:04:17.225,2.5800,56
54257225038226,15:04:17.225,2.5800,100
54257225038226,15:04:17.225,2.5800,100
54257225038226,15:04:17.225,2.5800,200
54257225689995,15:04:17.225,2.5800,100
54257249092778,15:04:17.249,2.5750,706
54371027578187,15:06:11.027,2.5800,100
54371027578187,15:06:11.027,2.5800,1200
54371027578187,15:06:11.027,2.5800,200
54371027578187,15:06:11.027,2.5800,100
54371027578187,15:06:11.027,2.5800,100
54371027578187,15:06:11.027,2.5800,300
54371027578187,15:06:11.027,2.5800,700
54371027578187,15:06:11.027,2.5800,700
55058990720588,15:17:38.990,2.5800,200
55058990720588,15:17:38.990,2.5800,700
55058992650624,15:17:38.992,2.5800,100
55058993803632,15:17:38.993,2.5800,500
55058993803632,15:17:38.993,2.5800,100
55058993803632,15:17:38.993,2.5800,500
55058993803632,15:17:38.993,2.5800,100
55058993803632,15:17:38.993,2.5800,100
55058993803632,15:17:38.993,2.5800,100
55058994843137,15:17:38.994,2.5800,100
55058998687055,15:17:38.998,2.5800,200
55058998687055,15:17:38.998,2.5800,200
55058999659182,15:17:38.999,2.5800,400
55059003035149,15:17:39.003,2.5800,400
55059004053046,15:17:39.004,2.5800,400
55059004902588,15:17:39.004,2.5800,100
55059004902588,15:17:39.004,2.5800,300
55059005990661,15:17:39.005,2.5800,400
55059006807435,15:17:39.006,2.5800,400
55059007064690,15:17:39.007,2.5800,1000
55059007526310,15:17:39.007,2.5800,200
55059007594720,15:17:39.007,2.5800,300
55059048194759,15:17:39.048,2.5800,100
55063401513875,15:17:43.401,2.5900,93
55237529383993,15:20:37.529,2.5900,100
55237529383993,15:20:37.529,2.5900,100
55237529383993,15:20:37.529,2.5900,100
55237529383993,15:20:37.529,2.5900,100
55237529383993,15:20:37.529,2.5900,200
55237529383993,15:20:37.529,2.5900,100
55237529383993,15:20:37.529,2.5900,20
55237529383993,15:20:37.529,2.5900,100
55237529383993,15:20:37.529,2.5900,17
55237529383993,15:20:37.529,2.5900,200
55237529383993,15:20:37.529,2.5900,79
55237529503404,15:20:37.529,2.5900,221
55237529503404,15:20:37.529,2.5900,300
55237529503404,15:20:37.529,2.5900,63
55237529503404,15:20:37.529,2.5900,100
55328811301456,15:22:08.811,2.5900,500
55328811301456,15:22:08.811,2.5900,600
55328811709088,15:22:08.811,2.5900,100
55330098673692,15:22:10.098,2.5900,500
55330098673692,15:22:10.098,2.5900,400
55330098703807,15:22:10.098,2.5900,500
55330098742429,15:22:10.098,2.5900,500
55330098778895,15:22:10.098,2.5900,300
55330963701569,15:22:10.963,2.5900,100
55331040652100,15:22:11.040,2.5900,100
55358285533872,15:22:38.285,2.5900,100
55361695347802,15:22:41.695,2.5900,100
55361952047657,15:22:41.952,2.5900,1100
55361952047657,15:22:41.952,2.5900,100
55618825870437,15:26:58.825,2.5800,1300
55618825870437,15:26:58.825,2.5800,500
55618826027912,15:26:58.826,2.5800,100
55618826027912,15:26:58.826,2.5800,100
55618826027912,15:26:58.826,2.5800,1400
55618826027912,15:26:58.826,2.5800,100
55618826105723,15:26:58.826,2.5800,100
55618826110435,15:26:58.826,2.5800,200
55695269071984,15:28:15.269,2.5750,300
55750898829093,15:29:10.898,2.5700,200
55750898829093,15:29:10.898,2.5700,600
55750898829093,15:29:10.898,2.5700,320
55750898928389,15:29:10.898,2.5700,29
55750899333915,15:29:10.899,2.5700,100
55753519573455,15:29:13.519,2.5700,5000
55753519573455,15:29:13.519,2.5700,300
55753519573455,15:29:13.519,2.5700,100
55804471879401,15:30:04.471,2.5700,29
55804471879401,15:30:04.471,2.5700,71
55804472109518,15:30:04.472,2.5700,29
55900295482521,15:31:40.295,2.5600,200
55900295482521,15:31:40.295,2.5600,100
55980209226604,15:33:00.209,2.5600,300
56059160023125,15:34:19.160,2.5600,200
56135798237086,15:35:35.798,2.5700,900
56135798237086,15:35:35.798,2.5700,1400
56135798237086,15:35:35.798,2.5700,1100
56135798237086,15:35:35.798,2.5700,100
56135798237086,15:35:35.798,2.5700,500
56135798237086,15:35:35.798,2.5700,200
56135798237086,15:35:35.798,2.5700,100
56354795285799,15:39:14.795,2.5800,500
56354795285799,15:39:14.795,2.5800,1400
56354795285799,15:39:14.795,2.5800,500
56403899950185,15:40:03.899,2.5850,400
56403901250163,15:40:03.901,2.5850,224
56403901250163,15:40:03.901,2.5850,135
56403901250163,15:40:03.901,2.5850,141
56492508154375,15:41:32.508,2.5800,43
56494714978951,15:41:34.714,2.5800,36
56498827811952,15:41:38.827,2.5800,74
56498829007994,15:41:38.829,2.5800,57
56628107712850,15:43:48.107,2.5850,200
56702347827040,15:45:02.347,2.5900,500
56702347827040,15:45:02.347,2.5900,500
56702347827040,15:45:02.347,2.5900,100
56702347827040,15:45:02.347,2.5900,600
56702347827040,15:45:02.347,2.5900,100
56702347827040,15:45:02.347,2.5900,300
56702347827040,15:45:02.347,2.5900,100
56702347827040,15:45:02.347,2.5900,69
56712859926808,15:45:12.859,2.5950,500
56721721545240,15:45:21.721,2.6000,7
56721721545240,15:45:21.721,2.6000,400
56721721545240,15:45:21.721,2.6000,70
56721721545240,15:45:21.721,2.6000,70
56721721545240,15:45:21.721,2.6000,100
56721721545240,15:45:21.721,2.6000,333
56721721606164,15:45:21.721,2.6000,100
56721721606164,15:45:21.721,2.6000,100
56721722871527,15:45:21.722,2.6100,200
56721722871527,15:45:21.722,2.6100,100
56721728223228,15:45:21.728,2.6050,47
56724014997355,15:45:24.014,2.6050,100
56724014997355,15:45:24.014,2.6050,300
56724024155742,15:45:24.024,2.6050,500
56742229970357,15:45:42.229,2.6000,300
56780472174667,15:46:20.472,2.6000,500
56780472174667,15:46:20.472,2.6000,100
56780472174667,15:46:20.472,2.6000,1100
56780472174667,15:46:20.472,2.6000,200
56970003868916,15:49:30.003,2.6000,378
56985039928192,15:49:45.039,2.6000,322
56985039928192,15:49:45.039,2.6000,100
56985039928192,15:49:45.039,2.6000,100
56987013977847,15:49:47.013,2.6100,750
56989015949016,15:49:49.015,2.6100,650
56989015949016,15:49:49.015,2.6100,450
56991004409968,15:49:51.004,2.6100,250
56991004409968,15:49:51.004,2.6100,400
56991004460531,15:49:51.004,2.6100,100
56999270251690,15:49:59.270,2.6150,800
56999270251690,15:49:59.270,2.6100,1000
56999270251690,15:49:59.270,2.6100,400
56999270251690,15:49:59.270,2.6100,900
56999270251690,15:49:59.270,2.6100,800
56999270251690,15:49:59.270,2.6100,200
56999270774426,15:49:59.270,2.6100,100
57019249640573,15:50:19.249,2.6000,100
57019249754420,15:50:19.249,2.6000,100
57020265656561,15:50:20.265,2.5950,100
57020265656561,15:50:20.265,2.5900,700
57020278601337,15:50:20.278,2.5900,400
57020278601337,15:50:20.278,2.5900,200
57026193651942,15:50:26.193,2.5950,300
57300015822434,15:55:00.015,2.6000,500
57307055925853,15:55:07.055,2.6000,100
57307055925853,15:55:07.055,2.6000,100
57307055925853,15:55:07.055,2.6000,397
57307055928256,15:55:07.055,2.6000,4695
57307055941372,15:55:07.055,2.6000,951
57307056192074,15:55:07.056,2.6000,1001
57307056200664,15:55:07.056,2.6000,251
57307056215100,15:55:07.056,2.6000,705
57328311157076,15:55:28.311,2.6050,500
57341328840631,15:55:41.328,2.6000,800
57341328840631,15:55:41.328,2.6000,800
57361297155630,15:56:01.297,2.6000,800
57361297155630,15:56:01.297,2.6000,100
57361297155630,15:56:01.297,2.6000,1700
57361297155630,15:56:01.297,2.6000,1000
57361297155630,15:56:01.297,2.6000,100
57361297155630,15:56:01.297,2.6000,100
57361297283365,15:56:01.297,2.6000,100
57388595538478,15:56:28.595,2.5950,297
57452640993276,15:57:32.640,2.5900,81
57452640993276,15:57:32.640,2.5900,50
57452640993276,15:57:32.640,2.5900,2
57483461403867,15:58:03.461,2.5950,1
57504061600544,15:58:24.061,2.5950,100
57507730810023,15:58:27.730,2.6000,89
57507794640627,15:58:27.794,2.6000,141
57508636188317,15:58:28.636,2.6000,170
57508636188317,15:58:28.636,2.6000,430
57508886422399,15:58:28.886,2.6000,94
57508886632610,15:58:28.886,2.6000,276
57523128017034,15:58:43.128,2.6000,8
57539847978754,15:58:59.847,2.5950,100
57539847978754,15:58:59.847,2.5950,800
57539847978754,15:58:59.847,2.5950,300
57539847978754,15:58:59.847,2.5950,200
57539847978754,15:58:59.847,2.5950,500
57540108996015,15:59:00.108,2.5950,100
57540108996015,15:59:00.108,2.5950,762
57540108996015,15:59:00.108,2.5950,600
57540108996015,15:59:00.108,2.5950,438
57540369148733,15:59:00.369,2.5950,100
57540369148733,15:59:00.369,2.5950,600
57540369148733,15:59:00.369,2.5950,800
57541511896723,15:59:01.511,2.5950,100
57541511896723,15:59:01.511,2.5950,100
57548280421681,15:59:08.280,2.5950,26
57558701344336,15:59:18.701,2.5950,100
57566428180172,15:59:26.428,2.6000,724
57566431288112,15:59:26.431,2.6000,500
57566431424913,15:59:26.431,2.6000,176
57567511040651,15:59:27.511,2.6000,500
57569536931412,15:59:29.536,2.6000,7500
57569536931412,15:59:29.536,2.6000,48
57570549882443,15:59:30.549,2.6050,100
57573004747551,15:59:33.004,2.6050,50
57577196325828,15:59:37.196,2.6000,62
57581335952448,15:59:41.335,2.6000,2400
57586562511399,15:59:46.562,2.6000,100
57589291444065,15:59:49.291,2.6050,100
57589305943150,15:59:49.305,2.6000,11
57590076035095,15:59:50.076,2.6000,190
57590076739923,15:59:50.076,2.6000,37
57590076739923,15:59:50.076,2.6000,2900
57590076739923,15:59:50.076,2.6000,363
57590120385225,15:59:50.120,2.6050,100
57596459943435,15:59:56.459,2.6000,37
57596459943435,15:59:56.459,2.6000,63
57600518068996,16:00:00.518,0.0000,0
