timestamp,time,price,volume
34200784258817,09:30:00.784,0.0000,0
34281739100459,09:31:21.739,7.3000,100
34281739514056,09:31:21.739,7.3000,100
34281740266733,09:31:21.740,7.3000,100
34281740266733,09:31:21.740,7.3000,100
34281740899083,09:31:21.740,7.3000,100
34282549636100,09:31:22.549,7.3100,34
34282549733873,09:31:22.549,7.3100,66
34282549733873,09:31:22.549,7.3100,100
34291744044557,09:31:31.744,7.3000,100
34291915708649,09:31:31.915,7.3000,100
34291915708649,09:31:31.915,7.3000,100
34301746462166,09:31:41.746,7.3000,100
34301746462166,09:31:41.746,7.3000,100
34302056706845,09:31:42.056,7.3000,100
34342280502065,09:32:22.280,7.2800,100
34342772501583,09:32:22.772,7.2700,40
34347251034219,09:32:27.251,7.2700,100
34352432432639,09:32:32.432,7.2700,200
34352432432639,09:32:32.432,7.2700,100
34352432432639,09:32:32.432,7.2700,100
34396586584701,09:33:16.586,7.2600,301
34396586586373,09:33:16.586,7.2600,500
34396586591744,09:33:16.586,7.2600,500
34396586594593,09:33:16.586,7.2600,600
34396586597562,09:33:16.586,7.2600,600
34396586601411,09:33:16.586,7.2600,499
34396620338379,09:33:16.620,7.2500,100
34396620338379,09:33:16.620,7.2500,100
34396620395874,09:33:16.620,7.2500,100
34402050401622,09:33:22.050,7.2500,100
34402050401622,09:33:22.050,7.2500,100
34413670111170,09:33:33.670,7.2400,100
34413670111170,09:33:33.670,7.2400,100
34413678317521,09:33:33.678,7.2400,100
34413678317521,09:33:33.678,7.2400,100
34413678317521,09:33:33.678,7.2400,100
34413678317521,09:33:33.678,7.2400,100
34413679914430,09:33:33.679,7.2400,400
34450019448426,09:34:10.019,7.2450,100
34451347615706,09:34:11.347,7.2500,2
34451347661050,09:34:11.347,7.2500,198
34451347661050,09:34:11.347,7.2500,25
34451347661050,09:34:11.347,7.2500,88
34451347687540,09:34:11.347,7.2500,12
34501006848092,09:35:01.006,7.2600,100
34501006874963,09:35:01.006,7.2600,6
34501006874963,09:35:01.006,7.2600,500
34501328237748,09:35:01.328,7.2550,100
34510964959589,09:35:10.964,7.2600,100
34541980631700,09:35:41.980,7.2500,100
34573131721686,09:36:13.131,7.2400,11
34579988772062,09:36:19.988,7.2400,89
34579988772062,09:36:19.988,7.2400,100
34579988772062,09:36:19.988,7.2400,200
34579989126582,09:36:19.989,7.2400,100
34579989126582,09:36:19.989,7.2400,100
34579989126582,09:36:19.989,7.2400,100
34605961925657,09:36:45.961,7.2400,100
34620093920054,09:37:00.093,7.2350,100
34652374946674,09:37:32.374,7.2400,100
34708380682992,09:38:28.380,7.2400,100
34708380682992,09:38:28.380,7.2400,100
34709764754045,09:38:29.764,7.2500,100
34709764754045,09:38:29.764,7.2500,100
34717933908533,09:38:37.933,7.2600,100
34717933908533,09:38:37.933,7.2600,10
34726421618303,09:38:46.421,7.2900,100
34726429103731,09:38:46.429,7.2900,100
34726429103731,09:38:46.429,7.2900,100
34726429103731,09:38:46.429,7.2900,100
34726429103731,09:38:46.429,7.2900,100
34726429103731,09:38:46.429,7.2900,100
34744477624918,09:39:04.477,7.2900,300
34744477624918,09:39:04.477,7.2900,100
34744483322787,09:39:04.483,7.2900,100
34744483322787,09:39:04.483,7.2900,100
34744483322787,09:39:04.483,7.2900,100
34744483322787,09:39:04.483,7.2900,200
34744483322787,09:39:04.483,7.2900,100
34744483437992,09:39:04.483,7.2900,100
34744483437992,09:39:04.483,7.2900,59
34748086003416,09:39:08.086,7.3000,36
34766520686422,09:39:26.520,7.3000,100
34774540340124,09:39:34.540,7.3000,376
34774582403785,09:39:34.582,7.3000,300
34774582403785,09:39:34.582,7.3000,100
34800459694684,09:40:00.459,7.3000,100
34818368812212,09:40:18.368,7.3000,100
34858491855959,09:40:58.491,7.3000,100
34858491855959,09:40:58.491,7.3000,300
34858491855959,09:40:58.491,7.3000,72
34901656580097,09:41:41.656,7.2600,100
34924082555448,09:42:04.082,7.2500,4
34924082555448,09:42:04.082,7.2500,96
34924082899373,09:42:04.082,7.2500,100
34945725459081,09:42:25.725,7.2500,204
34945725459081,09:42:25.725,7.2500,100
34945725459081,09:42:25.725,7.2500,100
34955286742732,09:42:35.286,7.2400,8
34989642778863,09:43:09.642,7.2500,100
34989642778863,09:43:09.642,7.2500,100
34989642778863,09:43:09.642,7.2500,100
34989642778863,09:43:09.642,7.2500,200
34989642901720,09:43:09.642,7.2500,34
35046123131753,09:44:06.123,7.2400,100
35046123131753,09:44:06.123,7.2400,41
35046123131753,09:44:06.123,7.2400,100
35046123131753,09:44:06.123,7.2400,100
35046123131753,09:44:06.123,7.2400,8
35046123131753,09:44:06.123,7.2400,51
35046123165298,09:44:06.123,7.2400,49
35063278613556,09:44:23.278,7.2300,55
35063278613556,09:44:23.278,7.2300,45
35063465673424,09:44:23.465,7.2300,55
35063465673424,09:44:23.465,7.2300,20
35093970143448,09:44:53.970,7.2300,100
35098316901014,09:44:58.316,7.2300,200
35227544290110,09:47:07.544,7.2300,100
35289979813560,09:48:09.979,7.2200,100
35289979813560,09:48:09.979,7.2200,1000
35397708425541,09:49:57.708,7.2100,300
35397709008238,09:49:57.709,7.2000,100
35397709008238,09:49:57.709,7.2000,100
35397709025126,09:49:57.709,7.2000,100
35397709118351,09:49:57.709,7.2000,200
35397709154241,09:49:57.709,7.2000,200
35397709190040,09:49:57.709,7.2000,100
35397709374325,09:49:57.709,7.2000,100
35397709426531,09:49:57.709,7.2000,300
35397709906245,09:49:57.709,7.2000,100
35397710022147,09:49:57.710,7.2000,300
35397712056088,09:49:57.712,7.2000,100
35406672588578,09:50:06.672,7.2000,400
35407049523716,09:50:07.049,7.2000,100
35408223326132,09:50:08.223,7.2000,100
35435335204050,09:50:35.335,7.2000,148
35435335232983,09:50:35.335,7.2000,152
35435335232983,09:50:35.335,7.2000,300
35442491330087,09:50:42.491,7.2100,100
35448031377982,09:50:48.031,7.2200,100
35535760409550,09:52:15.760,7.2100,6
35614670739649,09:53:34.670,7.1900,100
35614678708917,09:53:34.678,7.1900,100
35614678708917,09:53:34.678,7.1900,400
35614678708917,09:53:34.678,7.1900,100
35614678708917,09:53:34.678,7.1900,86
35614678708917,09:53:34.678,7.1900,100
35614678708917,09:53:34.678,7.1900,100
35614678708917,09:53:34.678,7.1900,14
35644083688328,09:54:04.083,7.1900,100
35644083688328,09:54:04.083,7.1900,100
35644083688328,09:54:04.083,7.1900,14
35644083700308,09:54:04.083,7.1900,86
35644083700308,09:54:04.083,7.1900,14
35644083711709,09:54:04.083,7.1900,86
35656693864557,09:54:16.693,7.2000,100
35656693864557,09:54:16.693,7.1950,100
35745742493636,09:55:45.742,7.1900,100
35745742543675,09:55:45.742,7.1900,100
35747563273449,09:55:47.563,7.1800,100
35747565424860,09:55:47.565,7.1800,200
35747565424860,09:55:47.565,7.1800,300
35747565424860,09:55:47.565,7.1800,100
35747565424860,09:55:47.565,7.1800,100
35776149675723,09:56:16.149,7.1700,100
35785490740324,09:56:25.490,7.1800,100
35785490740324,09:56:25.490,7.1800,500
35785490740324,09:56:25.490,7.1800,100
35785490740324,09:56:25.490,7.1800,100
35785490740324,09:56:25.490,7.1800,200
35798515698454,09:56:38.515,7.1900,74
35798515743538,09:56:38.515,7.1900,26
35817333365008,09:56:57.333,7.2000,100
35859704557942,09:57:39.704,7.1900,100
35859704557942,09:57:39.704,7.1900,100
35859704557942,09:57:39.704,7.1900,300
35859704557942,09:57:39.704,7.1900,200
35859747793728,09:57:39.747,7.1900,200
35878629532436,09:57:58.629,7.1900,1
35879894106329,09:57:59.894,7.1900,1
35885214087612,09:58:05.214,7.1900,10
35953868731826,09:59:13.868,7.1900,100
36014430969673,10:00:14.430,7.1600,100
36026005490475,10:00:26.005,7.1600,10
36063581154234,10:01:03.581,7.1650,20
36094170881560,10:01:34.170,7.1700,8
36114106403153,10:01:54.106,7.1700,2
36156811274332,10:02:36.811,7.1700,500
36173097678974,10:02:53.097,7.1500,100
36173097708742,10:02:53.097,7.1500,481
36197176945587,10:03:17.176,7.1500,50
36206768477971,10:03:26.768,7.1400,100
36206768477971,10:03:26.768,7.1400,100
36206768477971,10:03:26.768,7.1400,100
36206768477971,10:03:26.768,7.1400,284
36206768477971,10:03:26.768,7.1400,200
36206768477971,10:03:26.768,7.1400,16
36206768972295,10:03:26.768,7.1400,84
36206768972295,10:03:26.768,7.1400,100
36209975335764,10:03:29.975,7.1450,20
36312871707491,10:05:12.871,7.1400,100
36312871707491,10:05:12.871,7.1400,100
36312871707491,10:05:12.871,7.1400,100
36312871707491,10:05:12.871,7.1400,200
36312871707491,10:05:12.871,7.1400,100
36312871707491,10:05:12.871,7.1400,400
36312871707491,10:05:12.871,7.1400,159
36421774661695,10:07:01.774,7.1300,500
36422489083582,10:07:02.489,7.1300,100
36422489083582,10:07:02.489,7.1300,200
36422489083582,10:07:02.489,7.1300,100
36422489083582,10:07:02.489,7.1300,100
36422489083582,10:07:02.489,7.1300,100
36422490992783,10:07:02.490,7.1300,800
36422490992783,10:07:02.490,7.1300,100
36422490992783,10:07:02.490,7.1300,100
36422491573051,10:07:02.491,7.1300,100
36422491573051,10:07:02.491,7.1300,100
36422491573051,10:07:02.491,7.1300,200
36422491573051,10:07:02.491,7.1300,100
36422491573051,10:07:02.491,7.1300,100
36422491573051,10:07:02.491,7.1300,100
36422491573051,10:07:02.491,7.1300,100
36422491573051,10:07:02.491,7.1300,200
36422491573051,10:07:02.491,7.1300,100
36422491573051,10:07:02.491,7.1300,300
36422491573051,10:07:02.491,7.1300,100
36422491573051,10:07:02.491,7.1300,100
36474147431598,10:07:54.147,7.1150,100
36476501970779,10:07:56.501,7.1150,100
36476501970779,10:07:56.501,7.1100,100
36476501970779,10:07:56.501,7.1100,100
36476503833478,10:07:56.503,7.1100,100
36476503833478,10:07:56.503,7.1100,200
36476503833478,10:07:56.503,7.1100,300
36476505223823,10:07:56.505,7.1100,200
36476505223823,10:07:56.505,7.1100,100
36476505223823,10:07:56.505,7.1100,100
36476505223823,10:07:56.505,7.1100,300
36476505223823,10:07:56.505,7.1100,100
36476505223823,10:07:56.505,7.1100,100
36476505223823,10:07:56.505,7.1100,100
36476505223823,10:07:56.505,7.1100,100
36476505223823,10:07:56.505,7.1100,200
36476505223823,10:07:56.505,7.1100,100
36476505223823,10:07:56.505,7.1100,100
36476505223823,10:07:56.505,7.1100,200
36476505223823,10:07:56.505,7.1100,107
36476910483349,10:07:56.910,7.1050,100
36476910483349,10:07:56.910,7.1050,100
36476910483349,10:07:56.910,7.1050,100
36484192122282,10:08:04.192,7.1100,32
36484192122282,10:08:04.192,7.1100,115
36484196021427,10:08:04.196,7.1100,200
36484196021427,10:08:04.196,7.1100,300
36484196021427,10:08:04.196,7.1100,300
36484196021427,10:08:04.196,7.1100,100
36494396887804,10:08:14.396,7.1100,100
36570451221867,10:09:30.451,7.1100,100
36570451221867,10:09:30.451,7.1100,100
36570451221867,10:09:30.451,7.1100,100
36570451221867,10:09:30.451,7.1100,100
36570451221867,10:09:30.451,7.1100,100
36570451428861,10:09:30.451,7.1100,100
36570451428861,10:09:30.451,7.1100,100
36570451428861,10:09:30.451,7.1100,200
36570517649120,10:09:30.517,7.1150,100
36600333067548,10:10:00.333,7.1100,50
36638495022178,10:10:38.495,7.1100,200
36689797816350,10:11:29.797,7.1100,500
36689797816350,10:11:29.797,7.1100,100
36689919524206,10:11:29.919,7.1150,100
36689919566587,10:11:29.919,7.1150,100
36719145642225,10:11:59.145,7.1200,400
36719145642225,10:11:59.145,7.1200,32
36719145642225,10:11:59.145,7.1200,1
36719145642225,10:11:59.145,7.1200,400
36719145642225,10:11:59.145,7.1200,100
36719145642225,10:11:59.145,7.1200,100
36779122750539,10:12:59.122,7.1250,100
36779123499574,10:12:59.123,7.1250,100
36779127072665,10:12:59.127,7.1200,700
36779127072665,10:12:59.127,7.1200,300
36779127072665,10:12:59.127,7.1200,200
36779127072665,10:12:59.127,7.1200,1
36779323028570,10:12:59.323,7.1150,100
36785728201708,10:13:05.728,7.1200,100
36797326829746,10:13:17.326,7.1250,100
36924264161213,10:15:24.264,7.1200,100
36924264479262,10:15:24.264,7.1200,2
36961332762823,10:16:01.332,7.1150,100
37001857796083,10:16:41.857,7.1200,1
37001859355370,10:16:41.859,7.1200,99
37001859355370,10:16:41.859,7.1200,100
37001859355370,10:16:41.859,7.1200,100
37001859355370,10:16:41.859,7.1200,200
37038335826796,10:17:18.335,7.1250,100
37174160461247,10:19:34.160,7.1200,100
37174160461247,10:19:34.160,7.1200,100
37218059136620,10:20:18.059,7.1300,6
37346997639372,10:22:26.997,7.1400,100
37346997639372,10:22:26.997,7.1400,100
37346997639372,10:22:26.997,7.1400,100
37354014160403,10:22:34.014,7.1500,9
37355541326991,10:22:35.541,7.1500,100
37355541326991,10:22:35.541,7.1500,200
37355541326991,10:22:35.541,7.1500,100
37393148628851,10:23:13.148,7.1550,100
37398153287712,10:23:18.153,7.1500,200
37398153287712,10:23:18.153,7.1500,100
37398153287712,10:23:18.153,7.1500,100
37398153287712,10:23:18.153,7.1500,300
37398153287712,10:23:18.153,7.1500,100
37398153287712,10:23:18.153,7.1500,400
37398153287712,10:23:18.153,7.1500,200
37398968454461,10:23:18.968,7.1500,400
37398968454461,10:23:18.968,7.1500,200
37419668313507,10:23:39.668,7.1600,50
37419668348144,10:23:39.668,7.1600,50
37420157495981,10:23:40.157,7.1600,800
37420157495981,10:23:40.157,7.1600,100
37420157495981,10:23:40.157,7.1600,50
37420157495981,10:23:40.157,7.1600,200
37420157495981,10:23:40.157,7.1600,100
37420170350959,10:23:40.170,7.1600,100
37420170350959,10:23:40.170,7.1600,100
37420170350959,10:23:40.170,7.1600,100
37420170714970,10:23:40.170,7.1600,98
37420170714970,10:23:40.170,7.1600,200
37445150050581,10:24:05.150,7.1650,100
37445150050581,10:24:05.150,7.1650,100
37481161717110,10:24:41.161,7.1700,100
37481161717110,10:24:41.161,7.1700,296
37481161717110,10:24:41.161,7.1700,100
37481161717110,10:24:41.161,7.1700,100
37481161893396,10:24:41.161,7.1700,100
37481161893396,10:24:41.161,7.1700,100
37481161893396,10:24:41.161,7.1700,200
37484158707606,10:24:44.158,7.1700,500
37484159760261,10:24:44.159,7.1700,48
37484159760261,10:24:44.159,7.1700,200
37506010995972,10:25:06.010,7.1650,100
37546557403814,10:25:46.557,7.1700,100
37546557403814,10:25:46.557,7.1700,100
37546557403814,10:25:46.557,7.1700,100
37560476712079,10:26:00.476,7.1700,100
37560476712079,10:26:00.476,7.1700,100
37560476712079,10:26:00.476,7.1700,300
37560476712079,10:26:00.476,7.1700,200
37560476712079,10:26:00.476,7.1700,52
37560476712079,10:26:00.476,7.1700,48
37618130511640,10:26:58.130,7.1600,12
37619132768962,10:26:59.132,7.1600,1
37621230162290,10:27:01.230,7.1600,39
37821053835233,10:30:21.053,7.1500,100
37821053835233,10:30:21.053,7.1500,300
37821053835233,10:30:21.053,7.1500,200
37821053835233,10:30:21.053,7.1500,100
37821053835233,10:30:21.053,7.1500,100
37821053835233,10:30:21.053,7.1500,1000
37821057828225,10:30:21.057,7.1500,68
37821160115004,10:30:21.160,7.1450,100
37821193766476,10:30:21.193,7.1400,800
37821193766476,10:30:21.193,7.1400,100
37821193766476,10:30:21.193,7.1400,200
37821193766476,10:30:21.193,7.1400,100
37821193766476,10:30:21.193,7.1400,100
37822192998294,10:30:22.192,7.1400,100
37832066823574,10:30:32.066,7.1350,100
37832066823574,10:30:32.066,7.1350,100
37832066823574,10:30:32.066,7.1350,100
37832066823574,10:30:32.066,7.1300,100
37832066823574,10:30:32.066,7.1300,200
37832066823574,10:30:32.066,7.1300,100
37832066823574,10:30:32.066,7.1300,100
37832066823574,10:30:32.066,7.1300,100
37832066823574,10:30:32.066,7.1300,100
37832066823574,10:30:32.066,7.1300,400
37832066823574,10:30:32.066,7.1300,200
37832165947613,10:30:32.165,7.1300,300
37832194021498,10:30:32.194,7.1250,100
37832194021498,10:30:32.194,7.1200,100
37832194021498,10:30:32.194,7.1200,100
37854361300974,10:30:54.361,7.1250,100
37855193527572,10:30:55.193,7.1250,100
37892253976614,10:31:32.253,7.1300,100
37892253976614,10:31:32.253,7.1300,100
37892253976614,10:31:32.253,7.1300,100
37892253976614,10:31:32.253,7.1300,100
37911562316732,10:31:51.562,7.1350,100
37911562316732,10:31:51.562,7.1350,100
37959943938955,10:32:39.943,7.1400,100
37959943938955,10:32:39.943,7.1400,200
37959943938955,10:32:39.943,7.1400,100
37990987278399,10:33:10.987,7.1500,100
37991010294139,10:33:11.010,7.1600,68
37991010294139,10:33:11.010,7.1600,32
37991010413733,10:33:11.010,7.1600,168
37991166223965,10:33:11.166,7.1650,100
37991178048189,10:33:11.178,7.1600,100
37991194881376,10:33:11.194,7.1500,600
37991194881376,10:33:11.194,7.1500,100
37991194881376,10:33:11.194,7.1500,300
37991194881376,10:33:11.194,7.1500,200
37991194881376,10:33:11.194,7.1500,100
37991194881376,10:33:11.194,7.1500,100
37991194881376,10:33:11.194,7.1500,100
37991194938879,10:33:11.194,7.1500,100
38038983995936,10:33:58.983,7.1500,100
38040612782012,10:34:00.612,7.1500,100
38063197717755,10:34:23.197,7.1450,100
38088544252587,10:34:48.544,7.1500,2
38088544252587,10:34:48.544,7.1500,100
38088544252587,10:34:48.544,7.1500,100
38097147142139,10:34:57.147,7.1500,100
38184171520371,10:36:24.171,7.1500,100
38184171520371,10:36:24.171,7.1500,100
38184171520371,10:36:24.171,7.1500,100
38184171520371,10:36:24.171,7.1500,100
38184171805998,10:36:24.171,7.1500,100
38233742709969,10:37:13.742,7.1500,100
38233742709969,10:37:13.742,7.1500,100
38233742709969,10:37:13.742,7.1500,100
38233742709969,10:37:13.742,7.1500,100
38233742709969,10:37:13.742,7.1500,100
38300509498883,10:38:20.509,7.1600,200
38300509498883,10:38:20.509,7.1600,100
38300509498883,10:38:20.509,7.1600,100
38302408656925,10:38:22.408,7.1700,100
38318497350481,10:38:38.497,7.1800,12
38408150594150,10:40:08.150,7.1800,100
38408150594150,10:40:08.150,7.1800,100
38408150594150,10:40:08.150,7.1800,100
38408165453061,10:40:08.165,7.1900,4
38408165697932,10:40:08.165,7.1900,82
38408165709643,10:40:08.165,7.1900,114
38416136831530,10:40:16.136,7.1900,100
38416136831530,10:40:16.136,7.1900,100
38416136831530,10:40:16.136,7.1900,700
38416136874430,10:40:16.136,7.1900,314
38416136877995,10:40:16.136,7.1900,388
38472148305120,10:41:12.148,7.1800,100
38472166007728,10:41:12.166,7.1800,100
38472166007728,10:41:12.166,7.1800,200
38472166515002,10:41:12.166,7.1800,100
38698214408022,10:44:58.214,7.1800,100
38698214408022,10:44:58.214,7.1800,100
38698214408022,10:44:58.214,7.1800,100
38698214408022,10:44:58.214,7.1800,100
38698214408022,10:44:58.214,7.1800,1
38698214408022,10:44:58.214,7.1800,100
38698214408022,10:44:58.214,7.1800,200
38698214408022,10:44:58.214,7.1800,100
38698214408022,10:44:58.214,7.1800,100
38701145138138,10:45:01.145,7.1900,200
38701151892451,10:45:01.151,7.1900,100
38701151892451,10:45:01.151,7.1900,100
38701151892451,10:45:01.151,7.1900,300
38701151892451,10:45:01.151,7.1900,100
38701151892451,10:45:01.151,7.1900,200
38701151892451,10:45:01.151,7.1900,300
38701151892451,10:45:01.151,7.1900,200
38732385347790,10:45:32.385,7.1800,100
38737228828429,10:45:37.228,7.1800,700
38737238785749,10:45:37.238,7.1800,300
38817148062587,10:46:57.148,7.1800,100
38822601919885,10:47:02.601,7.1800,100
38941728528610,10:49:01.728,7.1800,100
38950376524252,10:49:10.376,7.1800,100
38950376524252,10:49:10.376,7.1800,100
38950376524252,10:49:10.376,7.1800,100
39056595358459,10:50:56.595,7.1800,100
39056595358459,10:50:56.595,7.1800,100
39056595505755,10:50:56.595,7.1800,100
39056595505755,10:50:56.595,7.1800,100
39056596227068,10:50:56.596,7.1800,100
39236014290986,10:53:56.014,7.1800,200
39296024156763,10:54:56.024,7.1800,100
39296024156763,10:54:56.024,7.1800,99
39296024189303,10:54:56.024,7.1800,1
39296024189303,10:54:56.024,7.1800,100
39296024189303,10:54:56.024,7.1800,100
39296024189303,10:54:56.024,7.1800,100
39296225605108,10:54:56.225,7.1800,200
39396100045743,10:56:36.100,7.1800,100
39396100045743,10:56:36.100,7.1800,100
39396100045743,10:56:36.100,7.1800,100
39396220646214,10:56:36.220,7.1800,100
39396767119606,10:56:36.767,7.1800,100
39398013837825,10:56:38.013,7.1800,100
39430021393736,10:57:10.021,7.1800,100
39430021401353,10:57:10.021,7.1800,100
39430021856522,10:57:10.021,7.1800,100
39430021856522,10:57:10.021,7.1800,400
39462373379212,10:57:42.373,7.1800,100
39615311839075,11:00:15.311,7.1800,100
39615312184677,11:00:15.312,7.1800,300
39615312184677,11:00:15.312,7.1800,100
39663489275055,11:01:03.489,7.1900,178
39663715902030,11:01:03.715,7.1900,22
39663715902030,11:01:03.715,7.1900,100
39700298904600,11:01:40.298,7.1900,100
39700298904600,11:01:40.298,7.1900,100
39700298904600,11:01:40.298,7.1900,100
39700299091746,11:01:40.299,7.1900,100
39700299091746,11:01:40.299,7.1900,200
40052869614313,11:07:32.869,7.1800,100
40052869614313,11:07:32.869,7.1800,70
40052869614313,11:07:32.869,7.1800,100
40052869614313,11:07:32.869,7.1800,30
40052869641311,11:07:32.869,7.1800,170
40053234182433,11:07:33.234,7.1700,100
40053234256770,11:07:33.234,7.1700,40
40112868445390,11:08:32.868,7.1700,60
40236879276639,11:10:36.879,7.1600,60
40236879276639,11:10:36.879,7.1600,200
40236879276639,11:10:36.879,7.1600,40
40237231866901,11:10:37.231,7.1600,60
40237231866901,11:10:37.231,7.1600,100
40237231866901,11:10:37.231,7.1600,100
40244309319381,11:10:44.309,7.1600,100
40278458251005,11:11:18.458,7.1500,1
40278458251005,11:11:18.458,7.1500,99
40283244069401,11:11:23.244,7.1500,100
40357387002801,11:12:37.387,7.1550,100
40759288120261,11:19:19.288,7.1500,1
40759288120261,11:19:19.288,7.1500,99
40910388784419,11:21:50.388,7.1550,100
41338201373642,11:28:58.201,7.1550,45
42138290810850,11:42:18.290,7.1600,100
42138290810850,11:42:18.290,7.1600,200
42138290810850,11:42:18.290,7.1600,100
42138290810850,11:42:18.290,7.1600,100
42138291188059,11:42:18.291,7.1600,100
42138291188059,11:42:18.291,7.1600,100
42138291188059,11:42:18.291,7.1600,100
42138291188059,11:42:18.291,7.1600,11
42138291188059,11:42:18.291,7.1600,100
42138291188059,11:42:18.291,7.1600,100
42138291188059,11:42:18.291,7.1600,900
42138291188059,11:42:18.291,7.1600,100
42138291188059,11:42:18.291,7.1600,100
42138291310844,11:42:18.291,7.1600,100
42201149794079,11:43:21.149,7.1700,100
42201149945653,11:43:21.149,7.1700,1
42201149945653,11:43:21.149,7.1700,100
42201149945653,11:43:21.149,7.1700,100
42477640207493,11:47:57.640,7.1800,100
42477640207493,11:47:57.640,7.1800,100
42477640207493,11:47:57.640,7.1800,100
42477640207493,11:47:57.640,7.1800,100
42477640207493,11:47:57.640,7.1800,100
42477640207493,11:47:57.640,7.1800,100
42477640207493,11:47:57.640,7.1800,100
42477640207493,11:47:57.640,7.1800,200
42490634730684,11:48:10.634,7.1900,100
42491151384014,11:48:11.151,7.1900,200
42491333042135,11:48:11.333,7.1900,4
42500599272314,11:48:20.599,7.1900,100
42500599272314,11:48:20.599,7.1900,200
42500599272314,11:48:20.599,7.1900,100
42674513047399,11:51:14.513,7.1850,700
42675020018416,11:51:15.020,7.1850,700
42676315520914,11:51:16.315,7.1800,100
42676315520914,11:51:16.315,7.1800,200
42676315520914,11:51:16.315,7.1800,100
42676315520914,11:51:16.315,7.1800,100
42676315520914,11:51:16.315,7.1800,100
42702155821186,11:51:42.155,7.1700,200
42705147519627,11:51:45.147,7.1700,100
42719312837265,11:51:59.312,7.1700,100
42719312837265,11:51:59.312,7.1700,100
42721132921870,11:52:01.132,7.1650,100
42721132921870,11:52:01.132,7.1650,400
42721132921870,11:52:01.132,7.1650,100
42721132921870,11:52:01.132,7.1650,100
42721315076741,11:52:01.315,7.1650,100
42721315076741,11:52:01.315,7.1600,100
42721315076741,11:52:01.315,7.1600,100
42721315076741,11:52:01.315,7.1600,300
42721315076741,11:52:01.315,7.1600,100
42721315076741,11:52:01.315,7.1600,100
42721315076741,11:52:01.315,7.1600,100
42721315076741,11:52:01.315,7.1600,100
42905449579076,11:55:05.449,7.1700,4
42905449579076,11:55:05.449,7.1700,100
42905449579076,11:55:05.449,7.1700,100
42905449579076,11:55:05.449,7.1700,100
42905449579076,11:55:05.449,7.1700,100
42905449579076,11:55:05.449,7.1700,100
42905449579076,11:55:05.449,7.1700,100
42905449579076,11:55:05.449,7.1700,100
42905449579076,11:55:05.449,7.1700,100
42905449579076,11:55:05.449,7.1700,100
42905449579076,11:55:05.449,7.1700,100
42905449793699,11:55:05.449,7.1700,100
42905449795722,11:55:05.449,7.1700,100
42906450623331,11:55:06.450,7.1750,100
42906450909100,11:55:06.450,7.1750,100
43123376611162,11:58:43.376,7.1750,100
43162894260757,11:59:22.894,7.1700,100
43162894260757,11:59:22.894,7.1700,100
43162894260757,11:59:22.894,7.1700,100
43162894461863,11:59:22.894,7.1700,200
43201797100771,12:00:01.797,7.1600,100
43201797100771,12:00:01.797,7.1600,200
43201797100771,12:00:01.797,7.1600,100
43201797100771,12:00:01.797,7.1600,200
43201797100771,12:00:01.797,7.1600,100
43201797100771,12:00:01.797,7.1600,100
43201797100771,12:00:01.797,7.1600,800
43201799292960,12:00:01.799,7.1600,100
43201799292960,12:00:01.799,7.1600,100
43201799292960,12:00:01.799,7.1600,100
43201799292960,12:00:01.799,7.1600,300
43201799292960,12:00:01.799,7.1600,100
43248155742236,12:00:48.155,7.1600,100
43255089757480,12:00:55.089,7.1600,100
43285658682679,12:01:25.658,7.1600,100
43296044505176,12:01:36.044,7.1600,300
43403205664412,12:03:23.205,7.1600,400
43403205664412,12:03:23.205,7.1600,100
43403205664412,12:03:23.205,7.1600,100
43403205664412,12:03:23.205,7.1600,100
43403205664412,12:03:23.205,7.1600,100
43403205664412,12:03:23.205,7.1600,100
43403205839524,12:03:23.205,7.1600,100
43403205894642,12:03:23.205,7.1600,100
43511546490621,12:05:11.546,7.1750,100
43511546490621,12:05:11.546,7.1700,100
43511546490621,12:05:11.546,7.1700,300
43511546490621,12:05:11.546,7.1700,100
43511546490621,12:05:11.546,7.1700,100
43511546490621,12:05:11.546,7.1700,100
43511546490621,12:05:11.546,7.1700,100
43511546490621,12:05:11.546,7.1700,100
43511546490621,12:05:11.546,7.1700,200
43511549444184,12:05:11.549,7.1700,100
43511549462884,12:05:11.549,7.1700,100
43521532845732,12:05:21.532,7.1700,300
43597538423936,12:06:37.538,7.1700,100
43600026694367,12:06:40.026,7.1700,100
43810524692585,12:10:10.524,7.1700,1000
43810524692585,12:10:10.524,7.1700,100
43810524692585,12:10:10.524,7.1700,300
43810524692585,12:10:10.524,7.1700,100
43810524692585,12:10:10.524,7.1700,300
43810524692585,12:10:10.524,7.1700,100
43810524692585,12:10:10.524,7.1700,100
43810524692585,12:10:10.524,7.1700,100
43810524692585,12:10:10.524,7.1700,100
43810524726165,12:10:10.524,7.1700,100
43823151289273,12:10:23.151,7.1800,100
43823151289273,12:10:23.151,7.1800,69
43823151317731,12:10:23.151,7.1800,31
43835150576199,12:10:35.150,7.1900,18
43863062272345,12:11:03.062,7.2000,100
44180413021867,12:16:20.413,7.2000,100
44180413021867,12:16:20.413,7.2000,50
44180413021867,12:16:20.413,7.2000,100
44639148379607,12:23:59.148,7.2000,100
44639148379607,12:23:59.148,7.2000,100
44641096205296,12:24:01.096,7.1900,100
44641096205296,12:24:01.096,7.1900,100
44641096205296,12:24:01.096,7.1900,100
44641096205296,12:24:01.096,7.1900,100
45077677728494,12:31:17.677,7.1800,100
45077677728494,12:31:17.677,7.1800,200
45077677728494,12:31:17.677,7.1800,100
45077677728494,12:31:17.677,7.1800,100
45077677728494,12:31:17.677,7.1800,100
45150914062190,12:32:30.914,7.1700,100
45150914062190,12:32:30.914,7.1700,100
45272447681366,12:34:32.447,7.1600,100
45644066293448,12:40:44.066,7.1500,100
45644066293448,12:40:44.066,7.1500,100
45644066293448,12:40:44.066,7.1500,100
45644066293448,12:40:44.066,7.1500,40
45652416376855,12:40:52.416,7.1500,21
45800624059113,12:43:20.624,7.1500,100
45800624059113,12:43:20.624,7.1500,100
45800624059113,12:43:20.624,7.1500,100
45800624059113,12:43:20.624,7.1500,100
45800624149025,12:43:20.624,7.1500,100
45800624149025,12:43:20.624,7.1500,100
45800624173505,12:43:20.624,7.1500,100
45800624173505,12:43:20.624,7.1500,100
45800624173505,12:43:20.624,7.1500,200
45800624942073,12:43:20.624,7.1500,200
46004355949723,12:46:44.355,7.1400,100
46004456476693,12:46:44.456,7.1400,10
46004456476693,12:46:44.456,7.1400,65
46044793822762,12:47:24.793,7.1500,100
46044793822762,12:47:24.793,7.1500,100
46044793822762,12:47:24.793,7.1500,100
46044794043091,12:47:24.794,7.1500,100
46044794043091,12:47:24.794,7.1500,100
46044794043091,12:47:24.794,7.1500,1
46044794043091,12:47:24.794,7.1500,200
46536682021143,12:55:36.682,7.1500,100
46536682021143,12:55:36.682,7.1500,100
46536682021143,12:55:36.682,7.1500,88
46536682127268,12:55:36.682,7.1500,12
46536682127268,12:55:36.682,7.1500,100
46545793662769,12:55:45.793,7.1400,100
46587886950566,12:56:27.886,7.1500,100
46587886950566,12:56:27.886,7.1500,100
46587886950566,12:56:27.886,7.1500,100
46587886950566,12:56:27.886,7.1500,300
46602933734127,12:56:42.933,7.1600,90
46622856902830,12:57:02.856,7.1700,100
46622856902830,12:57:02.856,7.1700,100
46829354826781,13:00:29.354,7.1800,100
46829354826781,13:00:29.354,7.1800,100
46829354826781,13:00:29.354,7.1800,700
46829354826781,13:00:29.354,7.1800,100
47777049808223,13:16:17.049,7.1850,70
48646667117350,13:30:46.667,7.1850,13
48646676672422,13:30:46.676,7.1850,48
48669289195531,13:31:09.289,7.1900,60
49377581632298,13:42:57.581,7.1800,100
49377581632298,13:42:57.581,7.1800,100
49377581632298,13:42:57.581,7.1800,100
49377581632298,13:42:57.581,7.1800,100
49377581632298,13:42:57.581,7.1800,800
49377581632298,13:42:57.581,7.1800,100
49377581632298,13:42:57.581,7.1800,100
49377581632298,13:42:57.581,7.1800,100
49377581632298,13:42:57.581,7.1800,100
49377836086881,13:42:57.836,7.1700,24
49377836126093,13:42:57.836,7.1700,76
49377836126093,13:42:57.836,7.1700,100
49382712659123,13:43:02.712,7.1650,400
49382712659123,13:43:02.712,7.1600,100
49382712659123,13:43:02.712,7.1600,200
49382712659123,13:43:02.712,7.1600,100
49382712659123,13:43:02.712,7.1600,200
49382714967221,13:43:02.714,7.1600,400
49382714967221,13:43:02.714,7.1600,100
49580084284210,13:46:20.084,7.1600,100
49580093927424,13:46:20.093,7.1600,100
49580093927424,13:46:20.093,7.1600,700
49580093927424,13:46:20.093,7.1600,300
49580093927424,13:46:20.093,7.1600,400
49580093927424,13:46:20.093,7.1600,100
49580093927424,13:46:20.093,7.1600,200
49580093927424,13:46:20.093,7.1600,100
50035040236514,13:53:55.040,7.1700,100
50035040236514,13:53:55.040,7.1700,50
50035040260614,13:53:55.040,7.1700,50
50035040260614,13:53:55.040,7.1700,28
50035040273563,13:53:55.040,7.1700,72
50035040273563,13:53:55.040,7.1700,28
50035040324374,13:53:55.040,7.1700,72
50035040324374,13:53:55.040,7.1700,100
50035040324374,13:53:55.040,7.1700,100
50035041157630,13:53:55.041,7.1700,100
50110168478629,13:55:10.168,7.1700,500
50112147748944,13:55:12.147,7.1700,100
50112147748944,13:55:12.147,7.1700,100
50112147748944,13:55:12.147,7.1700,100
50135096783386,13:55:35.096,7.1700,100
50392113024810,13:59:52.113,7.1800,100
50392113024810,13:59:52.113,7.1800,100
50392113024810,13:59:52.113,7.1800,100
50392113024810,13:59:52.113,7.1800,100
50392113024810,13:59:52.113,7.1800,100
50392113024810,13:59:52.113,7.1800,200
50408106427274,14:00:08.106,7.1950,100
50409963846338,14:00:09.963,7.2000,100
50410073615462,14:00:10.073,7.2050,100
50410073615462,14:00:10.073,7.2000,200
50410073615462,14:00:10.073,7.2000,100
50410073615462,14:00:10.073,7.2000,400
50410087925416,14:00:10.087,7.2000,68
50410087925416,14:00:10.087,7.2000,300
50410087925416,14:00:10.087,7.2000,132
50412266556655,14:00:12.266,7.1950,12
50413331608879,14:00:13.331,7.2000,100
50413331608879,14:00:13.331,7.2000,100
50427147415091,14:00:27.147,7.2000,200
50430147484823,14:00:30.147,7.2000,100
50444154914484,14:00:44.154,7.1900,100
50446273873956,14:00:46.273,7.2000,400
50446273905185,14:00:46.273,7.2000,200
50446273979830,14:00:46.273,7.2000,200
50446284420069,14:00:46.284,7.1900,100
50446284420069,14:00:46.284,7.1900,100
50528912410577,14:02:08.912,7.1900,100
50528912410577,14:02:08.912,7.1900,100
50528912519154,14:02:08.912,7.1900,100
50553246754574,14:02:33.246,7.1900,100
50553246754574,14:02:33.246,7.1900,199
50553246810323,14:02:33.246,7.1900,1
50553246810323,14:02:33.246,7.1900,100
50553246810323,14:02:33.246,7.1900,100
50553247422675,14:02:33.247,7.1900,100
50608820867783,14:03:28.820,7.2000,100
50608820867783,14:03:28.820,7.2000,100
50631663855930,14:03:51.663,7.2100,391
50631663871476,14:03:51.663,7.2100,497
50631663877274,14:03:51.663,7.2100,496
50631663885159,14:03:51.663,7.2100,116
50631663885159,14:03:51.663,7.2100,100
50686224787706,14:04:46.224,7.2300,300
50686225348173,14:04:46.225,7.2300,200
50686225348173,14:04:46.225,7.2300,100
50713153404511,14:05:13.153,7.2300,23
50734755074633,14:05:34.755,7.2400,100
50734755100682,14:05:34.755,7.2400,100
50734757191874,14:05:34.757,7.2400,100
50734757191874,14:05:34.757,7.2400,400
50734757191874,14:05:34.757,7.2400,200
50734757191874,14:05:34.757,7.2400,100
50734757191874,14:05:34.757,7.2400,200
50734757191874,14:05:34.757,7.2400,300
50834250889513,14:07:14.250,7.2400,267
50834250889513,14:07:14.250,7.2400,33
50844303888864,14:07:24.303,7.2400,67
50844310387236,14:07:24.310,7.2400,100
50844310387236,14:07:24.310,7.2400,500
50844310387236,14:07:24.310,7.2400,200
50844310387236,14:07:24.310,7.2400,200
50844310387236,14:07:24.310,7.2400,100
50844310598635,14:07:24.310,7.2400,45
50863574103852,14:07:43.574,7.2300,100
50863574103852,14:07:43.574,7.2300,100
50863632538621,14:07:43.632,7.2200,59
50863641490693,14:07:43.641,7.2200,41
50867500678169,14:07:47.500,7.2200,100
50867500678169,14:07:47.500,7.2200,100
50869690179565,14:07:49.690,7.2300,100
50869694884518,14:07:49.694,7.2300,100
50919439196757,14:08:39.439,7.2300,100
50926420146156,14:08:46.420,7.2300,70
50949078474406,14:09:09.078,7.2300,100
50996758143867,14:09:56.758,7.2300,70
50996758143867,14:09:56.758,7.2300,100
50996758174995,14:09:56.758,7.2300,170
50996758239947,14:09:56.758,7.2300,100
50996758267153,14:09:56.758,7.2300,4
50996758267153,14:09:56.758,7.2300,96
51022147254738,14:10:22.147,7.2200,100
51060994292961,14:11:00.994,7.2200,8
51060994316969,14:11:00.994,7.2200,4
51085934103812,14:11:25.934,7.2300,9
51085934103812,14:11:25.934,7.2300,91
51085934132931,14:11:25.934,7.2300,9
51085934132931,14:11:25.934,7.2300,55
51085934141992,14:11:25.934,7.2300,35
51085934145142,14:11:25.934,7.2300,10
51146573522313,14:12:26.573,7.2400,2
51208830141121,14:13:28.830,7.2500,115
51208830141121,14:13:28.830,7.2500,414
51208830169436,14:13:28.830,7.2500,75
51208830230070,14:13:28.830,7.2500,3511
51208830230070,14:13:28.830,7.2500,100
51208830230070,14:13:28.830,7.2500,1
51208854665514,14:13:28.854,7.2600,100
51208854665514,14:13:28.854,7.2600,100
51208854665514,14:13:28.854,7.2600,100
51208854665514,14:13:28.854,7.2600,600
51208854665514,14:13:28.854,7.2600,44
51208854665514,14:13:28.854,7.2600,212
51208937398468,14:13:28.937,7.2600,100
51275835415950,14:14:35.835,7.2700,200
51275835415950,14:14:35.835,7.2700,1
51275835415950,14:14:35.835,7.2700,100
51275835415950,14:14:35.835,7.2700,100
51275835415950,14:14:35.835,7.2700,100
51300176420073,14:15:00.176,7.2750,116
51300217535522,14:15:00.217,7.2700,100
51300217535522,14:15:00.217,7.2700,1
51300218518004,14:15:00.218,7.2700,99
51305998007889,14:15:05.998,7.2600,100
51369769969698,14:16:09.769,7.2600,72
51386205315986,14:16:26.205,7.2700,1
51386205315986,14:16:26.205,7.2700,100
51434227325592,14:17:14.227,7.2700,11
51443256599431,14:17:23.256,7.2700,89
51443256599431,14:17:23.256,7.2700,300
51443256599431,14:17:23.256,7.2700,1
51443256599431,14:17:23.256,7.2700,100
51491327951659,14:18:11.327,7.2600,100
51548874092768,14:19:08.874,7.2600,100
51548874092768,14:19:08.874,7.2600,3
51548874092768,14:19:08.874,7.2600,400
51583928202429,14:19:43.928,7.2600,1
51592144033592,14:19:52.144,7.2600,100
51600474201660,14:20:00.474,7.2600,100
51627555922816,14:20:27.555,7.2600,100
51642629587180,14:20:42.629,7.2600,1
51642629587180,14:20:42.629,7.2600,100
51642629587180,14:20:42.629,7.2600,100
51675794507784,14:21:15.794,7.2700,100
51675794507784,14:21:15.794,7.2700,100
51714830952061,14:21:54.830,7.2700,1
51714830952061,14:21:54.830,7.2700,5
51714830952061,14:21:54.830,7.2700,94
51749248562213,14:22:29.248,7.2750,119
51864246155219,14:24:24.246,7.2700,100
51864246155219,14:24:24.246,7.2700,100
51864246155219,14:24:24.246,7.2700,100
52027144000876,14:27:07.144,7.2600,100
52027144000876,14:27:07.144,7.2600,186
52027144000876,14:27:07.144,7.2600,32
52027144034479,14:27:07.144,7.2600,68
52027144517361,14:27:07.144,7.2600,100
52027144547096,14:27:07.144,7.2600,100
52076916408492,14:27:56.916,7.2500,100
52076916846451,14:27:56.916,7.2500,100
52141228019647,14:29:01.228,7.2500,100
52141228019647,14:29:01.228,7.2500,100
52141228019647,14:29:01.228,7.2500,100
52141228019647,14:29:01.228,7.2500,943
52141228089307,14:29:01.228,7.2500,57
52141228089307,14:29:01.228,7.2500,143
52141228441162,14:29:01.228,7.2500,57
52141228441162,14:29:01.228,7.2500,100
52181168277240,14:29:41.168,7.2500,100
52204624720966,14:30:04.624,7.2500,200
52491564426716,14:34:51.564,7.2500,100
52491564426716,14:34:51.564,7.2500,100
52491564426716,14:34:51.564,7.2500,200
52491564426716,14:34:51.564,7.2500,140
52491564426716,14:34:51.564,7.2500,60
52491564460812,14:34:51.564,7.2500,40
52491564460812,14:34:51.564,7.2500,4
52492770511633,14:34:52.770,7.2600,100
52492770511633,14:34:52.770,7.2600,100
52492783420965,14:34:52.783,7.2600,100
52516446638056,14:35:16.446,7.2600,40
52534367149088,14:35:34.367,7.2600,60
52534367149088,14:35:34.367,7.2600,10
52534375944136,14:35:34.375,7.2600,90
52534375944136,14:35:34.375,7.2600,1
52534375944136,14:35:34.375,7.2600,9
52534477769365,14:35:34.477,7.2600,91
52534579099823,14:35:34.579,7.2600,178
52537053729577,14:35:37.053,7.2600,100
52566440299943,14:36:06.440,7.2600,100
52643267196714,14:37:23.267,7.2500,1
52643267196714,14:37:23.267,7.2500,299
52643267229101,14:37:23.267,7.2500,1
52763411440630,14:39:23.411,7.2500,100
52808742021951,14:40:08.742,7.2500,100
52808742021951,14:40:08.742,7.2500,30
52808747714433,14:40:08.747,7.2500,70
52808747714433,14:40:08.747,7.2500,1
52808747714433,14:40:08.747,7.2500,100
52939582830331,14:42:19.582,7.2500,100
52939582830331,14:42:19.582,7.2500,100
52939582830331,14:42:19.582,7.2500,200
52939583196707,14:42:19.583,7.2500,100
52939583370838,14:42:19.583,7.2500,100
52939584129099,14:42:19.584,7.2500,200
52986539108773,14:43:06.539,7.2500,100
53017111487281,14:43:37.111,7.2500,600
53017111487281,14:43:37.111,7.2500,300
53086150387222,14:44:46.150,7.2600,29
53086907846659,14:44:46.907,7.2600,171
53111602017247,14:45:11.602,7.2600,200
53214197042014,14:46:54.197,7.2700,100
53214197042014,14:46:54.197,7.2700,1
53214197042014,14:46:54.197,7.2700,100
53214197042014,14:46:54.197,7.2700,199
53214197085063,14:46:54.197,7.2700,1
53242375963751,14:47:22.375,7.2800,100
53242375963751,14:47:22.375,7.2800,100
53242375963751,14:47:22.375,7.2800,100
53242375963751,14:47:22.375,7.2800,100
53242376161040,14:47:22.376,7.2800,100
53242376161040,14:47:22.376,7.2800,199
53242376161040,14:47:22.376,7.2800,101
53242376170750,14:47:22.376,7.2800,300
53242376170750,14:47:22.376,7.2800,100
53272147951167,14:47:52.147,7.2800,800
53422309670452,14:50:22.309,7.2600,100
53422309670452,14:50:22.309,7.2600,100
53422309670452,14:50:22.309,7.2600,100
53422309670452,14:50:22.309,7.2600,200
53422309670452,14:50:22.309,7.2600,100
53422309670452,14:50:22.309,7.2600,1
53422309670452,14:50:22.309,7.2600,66
53422310190694,14:50:22.310,7.2600,29
53424482581400,14:50:24.482,7.2600,5
53424482581400,14:50:24.482,7.2600,100
53424483087153,14:50:24.483,7.2600,100
53424483344201,14:50:24.483,7.2600,100
53424483344201,14:50:24.483,7.2600,17
53424485056896,14:50:24.485,7.2600,83
53424485056896,14:50:24.485,7.2600,17
53424485098840,14:50:24.485,7.2600,83
53458558968510,14:50:58.558,7.2500,100
53458558968510,14:50:58.558,7.2500,100
53458558968510,14:50:58.558,7.2500,600
53458558968510,14:50:58.558,7.2500,300
53458558968510,14:50:58.558,7.2500,100
53458558968510,14:50:58.558,7.2500,100
53458558968510,14:50:58.558,7.2500,1000
53458558968510,14:50:58.558,7.2500,100
53458558968510,14:50:58.558,7.2500,100
53458558968510,14:50:58.558,7.2500,300
53458558968510,14:50:58.558,7.2500,81
53458559550174,14:50:58.559,7.2500,100
53458559550174,14:50:58.559,7.2500,100
53525183831795,14:52:05.183,7.2600,100
53525183831795,14:52:05.183,7.2600,100
53547716579628,14:52:27.716,7.2800,100
53550002222426,14:52:30.002,7.2800,100
53550002222426,14:52:30.002,7.2800,100
53550002222426,14:52:30.002,7.2800,100
53805218941529,14:56:45.218,7.2800,100
53805276538223,14:56:45.276,7.2800,132
53895455789471,14:58:15.455,7.2800,1577
53895455835649,14:58:15.455,7.2800,100
53895455856895,14:58:15.455,7.2800,332
53895455937616,14:58:15.455,7.2800,3459
53895455937616,14:58:15.455,7.2800,100
53895455937616,14:58:15.455,7.2800,100
53895455937616,14:58:15.455,7.2800,100
53895455937616,14:58:15.455,7.2800,100
53895455937616,14:58:15.455,7.2800,100
53951488005114,14:59:11.488,7.2850,100
53977846963146,14:59:37.846,7.2900,5
53996621014539,14:59:56.621,7.2850,200
54102944190932,15:01:42.944,7.2800,87
54115463315952,15:01:55.463,7.2800,300
54115463775956,15:01:55.463,7.2800,400
54115463775956,15:01:55.463,7.2800,400
54115464001389,15:01:55.464,7.2800,100
54115464001389,15:01:55.464,7.2800,100
54115464001389,15:01:55.464,7.2800,100
54115464001389,15:01:55.464,7.2800,400
54119256355246,15:01:59.256,7.2700,100
54199028046762,15:03:19.028,7.2650,100
54199534034441,15:03:19.534,7.2650,200
54321246247675,15:05:21.246,7.2600,200
54321246247675,15:05:21.246,7.2600,100
54321246247675,15:05:21.246,7.2600,100
54321246247675,15:05:21.246,7.2600,54
54325663290932,15:05:25.663,7.2600,100
54371463523950,15:06:11.463,7.2600,2
54432171941640,15:07:12.171,7.2600,100
54432171941640,15:07:12.171,7.2600,100
54432171941640,15:07:12.171,7.2600,400
54432172440076,15:07:12.172,7.2600,18
54432172467121,15:07:12.172,7.2600,82
54432172467121,15:07:12.172,7.2600,50
54477608560531,15:07:57.608,7.2600,1500
54477608560531,15:07:57.608,7.2600,400
54477608560531,15:07:57.608,7.2600,400
54477608560531,15:07:57.608,7.2600,100
54477608560531,15:07:57.608,7.2600,100
54477608560531,15:07:57.608,7.2600,16
54477608560531,15:07:57.608,7.2600,400
54477608560531,15:07:57.608,7.2600,100
54477608560531,15:07:57.608,7.2600,100
54477608576360,15:07:57.608,7.2600,93
54477608595103,15:07:57.608,7.2600,325
54477608601195,15:07:57.608,7.2600,382
54552060038062,15:09:12.060,7.2600,100
54552060038062,15:09:12.060,7.2600,100
54656570442829,15:10:56.570,7.2500,200
54656570442829,15:10:56.570,7.2500,300
54696289489849,15:11:36.289,7.2400,100
54771524658669,15:12:51.524,7.2400,48
54771524685818,15:12:51.524,7.2400,15
54828768777315,15:13:48.768,7.2500,100
54828768777315,15:13:48.768,7.2500,400
54828768920339,15:13:48.768,7.2500,100
54881063225087,15:14:41.063,7.2500,100
54881063225087,15:14:41.063,7.2500,100
54881063225087,15:14:41.063,7.2500,100
54881063225087,15:14:41.063,7.2500,100
54881063225087,15:14:41.063,7.2500,100
54881063771892,15:14:41.063,7.2500,100
54881063771892,15:14:41.063,7.2500,100
54881063964762,15:14:41.063,7.2500,100
54948052062274,15:15:48.052,7.2600,100
54953241726488,15:15:53.241,7.2600,3
54953241726488,15:15:53.241,7.2600,827
54953241726488,15:15:53.241,7.2600,838
54953241726488,15:15:53.241,7.2600,100
54999148322736,15:16:39.148,7.2600,37
54999148328346,15:16:39.148,7.2600,63
54999148328346,15:16:39.148,7.2600,100
54999148328346,15:16:39.148,7.2600,1
54999148328346,15:16:39.148,7.2600,100
54999148565016,15:16:39.148,7.2600,100
54999148565016,15:16:39.148,7.2600,200
54999148565016,15:16:39.148,7.2600,100
54999148565016,15:16:39.148,7.2600,200
54999148565016,15:16:39.148,7.2600,100
55158924578248,15:19:18.924,7.2550,100
55221827212686,15:20:21.827,7.2600,100
55221827212686,15:20:21.827,7.2600,2
55221827212686,15:20:21.827,7.2600,100
55221827212686,15:20:21.827,7.2600,100
55221827212686,15:20:21.827,7.2600,100
55221827212686,15:20:21.827,7.2600,100
55221827212686,15:20:21.827,7.2600,98
55221827860043,15:20:21.827,7.2600,300
55221827936295,15:20:21.827,7.2600,145
55221828008398,15:20:21.828,7.2600,100
55221828149285,15:20:21.828,7.2600,195
55221828185004,15:20:21.828,7.2600,100
55221828185004,15:20:21.828,7.2600,100
55221828556543,15:20:21.828,7.2600,727
55221828556543,15:20:21.828,7.2600,100
55332209821197,15:22:12.209,7.2600,200
55332209821197,15:22:12.209,7.2600,100
55332209821197,15:22:12.209,7.2600,300
55332209821197,15:22:12.209,7.2600,100
55332209821197,15:22:12.209,7.2600,100
55332209821197,15:22:12.209,7.2600,100
55332209821197,15:22:12.209,7.2600,163
55332209821197,15:22:12.209,7.2600,200
55332209821197,15:22:12.209,7.2600,100
55332209974553,15:22:12.209,7.2600,100
55332209993113,15:22:12.209,7.2600,100
55332210186473,15:22:12.210,7.2600,100
55345612322851,15:22:25.612,7.2500,100
55490216296457,15:24:50.216,7.2450,70
55642506875607,15:27:22.506,7.2400,97
55642514905354,15:27:22.514,7.2400,3
55642514905354,15:27:22.514,7.2400,200
55642514905354,15:27:22.514,7.2400,100
55642514905354,15:27:22.514,7.2400,100
55642514905354,15:27:22.514,7.2400,100
55642515063904,15:27:22.515,7.2400,100
55642515104257,15:27:22.515,7.2400,100
55642515120066,15:27:22.515,7.2400,6
55642515175140,15:27:22.515,7.2400,94
55643686416185,15:27:23.686,7.2400,100
55643686416185,15:27:23.686,7.2400,400
55643686416185,15:27:23.686,7.2400,100
55643686416185,15:27:23.686,7.2400,15
55643686416185,15:27:23.686,7.2400,100
55643687176646,15:27:23.687,7.2400,1
55644721333436,15:27:24.721,7.2400,100
55644721333436,15:27:24.721,7.2400,200
55644721333436,15:27:24.721,7.2400,400
55644813907872,15:27:24.813,7.2400,100
55649666762038,15:27:29.666,7.2400,300
55802790610533,15:30:02.790,7.2400,200
55802790610533,15:30:02.790,7.2400,100
55802790610533,15:30:02.790,7.2400,100
55802790610533,15:30:02.790,7.2400,100
55802790978732,15:30:02.790,7.2400,100
55802790978732,15:30:02.790,7.2400,100
55802790978732,15:30:02.790,7.2400,100
55802917696967,15:30:02.917,7.2350,100
55817156125710,15:30:17.156,7.2300,100
55817156125710,15:30:17.156,7.2300,123
56055499367262,15:34:15.499,7.2300,100
56055499367262,15:34:15.499,7.2300,100
56074370424308,15:34:34.370,7.2200,300
56074370424308,15:34:34.370,7.2200,100
56074370424308,15:34:34.370,7.2200,200
56074370424308,15:34:34.370,7.2200,100
56074370424308,15:34:34.370,7.2200,100
56104431392423,15:35:04.431,7.2250,100
56134073394942,15:35:34.073,7.2300,200
56134073394942,15:35:34.073,7.2300,100
56134073394942,15:35:34.073,7.2300,200
56134073394942,15:35:34.073,7.2300,200
56134073394942,15:35:34.073,7.2300,414
56134073394942,15:35:34.073,7.2300,308
56134073399834,15:35:34.073,7.2300,106
56134073399834,15:35:34.073,7.2300,100
56134073399834,15:35:34.073,7.2300,100
56134073399834,15:35:34.073,7.2300,100
56170147197999,15:36:10.147,7.2300,100
56170285604413,15:36:10.285,7.2300,100
56171052740157,15:36:11.052,7.2300,100
56171153297873,15:36:11.153,7.2300,100
56171222786179,15:36:11.222,7.2300,400
56174793724839,15:36:14.793,7.2200,200
56174793724839,15:36:14.793,7.2200,100
56174793724839,15:36:14.793,7.2200,300
56174793724839,15:36:14.793,7.2200,300
56185325978558,15:36:25.325,7.2200,100
56392728045270,15:39:52.728,7.2200,100
56407309428679,15:40:07.309,7.2200,200
56407309428679,15:40:07.309,7.2200,100
56407309428679,15:40:07.309,7.2200,30
56472700901302,15:41:12.700,7.2100,100
56472700901302,15:41:12.700,7.2100,100
56472700901302,15:41:12.700,7.2100,200
56472700901302,15:41:12.700,7.2100,100
56472711243644,15:41:12.711,7.2100,100
56472711243644,15:41:12.711,7.2100,200
56472711243644,15:41:12.711,7.2100,100
56472711243644,15:41:12.711,7.2100,442
56473021670068,15:41:13.021,7.2100,80
56476124101196,15:41:16.124,7.2100,20
56476124101196,15:41:16.124,7.2100,100
56476124101196,15:41:16.124,7.2100,100
56476124101196,15:41:16.124,7.2100,15
56476124101196,15:41:16.124,7.2100,400
56476124720152,15:41:16.124,7.2100,200
56476124749784,15:41:16.124,7.2100,52
56476124759434,15:41:16.124,7.2100,148
56476124759434,15:41:16.124,7.2100,52
56476125910370,15:41:16.125,7.2100,448
56501129241254,15:41:41.129,7.2100,365
56508654393641,15:41:48.654,7.2100,100
56534459823112,15:42:14.459,7.2100,100
56534459823112,15:42:14.459,7.2100,100
56534701722414,15:42:14.701,7.2100,26
56686775230222,15:44:46.775,7.2100,400
56686775230222,15:44:46.775,7.2100,100
56686775230222,15:44:46.775,7.2100,100
56686775230222,15:44:46.775,7.2100,3
56686775230222,15:44:46.775,7.2100,1200
56686775230222,15:44:46.775,7.2100,600
56686775230222,15:44:46.775,7.2100,100
56686775230222,15:44:46.775,7.2100,300
56686775230222,15:44:46.775,7.2100,100
56686775230222,15:44:46.775,7.2100,100
56686775230222,15:44:46.775,7.2100,100
56686775230222,15:44:46.775,7.2100,1
56686775230222,15:44:46.775,7.2100,100
56688967445786,15:44:48.967,7.2200,600
56726707773909,15:45:26.707,7.2200,200
56726707773909,15:45:26.707,7.2200,100
56726707773909,15:45:26.707,7.2200,6
56726707773909,15:45:26.707,7.2200,94
56735703703039,15:45:35.703,7.2200,6
56735703703039,15:45:35.703,7.2200,100
56735703703039,15:45:35.703,7.2200,300
56735703703039,15:45:35.703,7.2200,800
56735703703039,15:45:35.703,7.2200,794
56735703752757,15:45:35.703,7.2200,306
56735703752757,15:45:35.703,7.2200,100
56735703752757,15:45:35.703,7.2200,2
56859052590054,15:47:39.052,7.2200,169
56859052590054,15:47:39.052,7.2200,400
56859052590054,15:47:39.052,7.2200,300
56859052590054,15:47:39.052,7.2200,300
56859052590054,15:47:39.052,7.2200,200
56859052590054,15:47:39.052,7.2200,200
56859052590054,15:47:39.052,7.2200,414
56859052590054,15:47:39.052,7.2200,87
56859052625475,15:47:39.052,7.2200,477
56859052667019,15:47:39.052,7.2200,263
56859052667019,15:47:39.052,7.2200,325
56859052683069,15:47:39.052,7.2200,89
56859052683069,15:47:39.052,7.2200,100
56859052683069,15:47:39.052,7.2200,100
56859052683069,15:47:39.052,7.2200,200
56869724550650,15:47:49.724,7.2150,200
56869725814980,15:47:49.725,7.2150,100
56869725814980,15:47:49.725,7.2150,100
56869726689923,15:47:49.726,7.2150,100
56869726689923,15:47:49.726,7.2150,100
57064482455837,15:51:04.482,7.2100,100
57064482455837,15:51:04.482,7.2100,100
57064482455837,15:51:04.482,7.2100,100
57064482455837,15:51:04.482,7.2100,100
57064482455837,15:51:04.482,7.2100,300
57082869470440,15:51:22.869,7.2100,100
57082869495811,15:51:22.869,7.2100,2
57092623479301,15:51:32.623,7.2100,400
57129119223026,15:52:09.119,7.2100,25
57129119223026,15:52:09.119,7.2100,100
57148561162450,15:52:28.561,7.2000,400
57148561162450,15:52:28.561,7.2000,65
57180180978907,15:53:00.180,7.2000,100
57417501325427,15:56:57.501,7.2050,54
57417501325427,15:56:57.501,7.2050,46
57417501894853,15:56:57.501,7.2050,9
57417637220249,15:56:57.637,7.2050,45
57453887155206,15:57:33.887,7.2050,3
57527997215816,15:58:47.997,7.2050,100
57534639285989,15:58:54.639,7.2050,9
57549803991393,15:59:09.803,7.2050,100
57550132041904,15:59:10.132,7.2100,100
57550132041904,15:59:10.132,7.2100,100
57550132041904,15:59:10.132,7.2100,100
57550132041904,15:59:10.132,7.2100,100
57550132041904,15:59:10.132,7.2100,100
57550132041904,15:59:10.132,7.2100,100
57550643718443,15:59:10.643,7.2150,100
57566316481994,15:59:26.316,7.2150,100
57593652523326,15:59:53.652,7.2200,1000
57593652523326,15:59:53.652,7.2200,1000
57593652523326,15:59:53.652,7.2200,200
57597842764559,15:59:57.842,7.2200,900
57597842764559,15:59:57.842,7.2150,100
57597843299498,15:59:57.843,7.2200,300
57597843299498,15:59:57.843,7.2200,100
57600017219530,16:00:00.017,7.2150,100
57600593554741,16:00:00.593,0.0000,0
