timestamp,time,price,volume
34200427978471,09:30:00.427,29.4300,30
34200427978471,09:30:00.427,29.4300,3999
34230692777985,09:30:30.692,29.4000,10
34330927557176,09:32:10.927,29.4500,100
34331063546841,09:32:11.063,29.4400,8
34331063603652,09:32:11.063,29.4400,33
34331064304642,09:32:11.064,29.4000,200
34331064357497,09:32:11.064,29.4000,100
34331089068392,09:32:11.089,29.2700,100
34331098319865,09:32:11.098,29.4000,90
34686160903281,09:38:06.160,29.5500,30
34884125689943,09:41:24.125,29.4800,100
34884125689943,09:41:24.125,29.4600,43
34884125823300,09:41:24.125,29.4600,57
34884125823300,09:41:24.125,29.4600,7
34884125823300,09:41:24.125,29.4600,36
34966491437066,09:42:46.491,29.2700,30
34966491500601,09:42:46.491,29.4000,70
34966491519483,09:42:46.491,29.2700,270
34966491519483,09:42:46.491,29.2700,70
34966762470266,09:42:46.762,29.2600,100
34966762470266,09:42:46.762,29.1500,100
34984357631212,09:43:04.357,29.1400,100
35007648055104,09:43:27.648,29.0800,100
35024702111358,09:43:44.702,29.0500,100
35155687207912,09:45:55.687,29.0800,100
35155687207912,09:45:55.687,29.0800,100
35248465523630,09:47:28.465,29.1100,100
35251309476586,09:47:31.309,29.1000,100
35254929690268,09:47:34.929,29.1000,100
35295576648338,09:48:15.576,29.0500,100
35295576723516,09:48:15.576,29.0500,100
35295577931498,09:48:15.577,29.0500,100
35297757392980,09:48:17.757,29.0000,100
35318063210049,09:48:38.063,28.9100,30
35318063289539,09:48:38.063,28.9100,70
35318063289539,09:48:38.063,28.9000,130
35318063729087,09:48:38.063,28.9000,70
35318064492594,09:48:38.064,28.9000,30
35318064697611,09:48:38.064,28.9000,70
35318064697611,09:48:38.064,28.9000,30
35400240566175,09:50:00.240,28.6800,100
35410433967855,09:50:10.433,28.6100,40
35455846107553,09:50:55.846,28.6400,30
35583024607062,09:53:03.024,28.7500,100
35605488635794,09:53:25.488,28.9300,35
35608013336254,09:53:28.013,28.7800,55
35608013336254,09:53:28.013,28.7700,45
35695209836574,09:54:55.209,28.8700,100
35695209836574,09:54:55.209,28.8700,100
35835732985002,09:57:15.732,28.7400,100
35857273904472,09:57:37.273,28.6200,100
35907214320409,09:58:27.214,28.7000,50
35926166863280,09:58:46.166,28.5800,100
35970605464709,09:59:30.605,28.5900,100
35970605464709,09:59:30.605,28.5900,100
35970605850510,09:59:30.605,28.6300,100
36081801309937,10:01:21.801,28.6200,67
36081801309937,10:01:21.801,28.6100,33
36109232527652,10:01:49.232,28.6200,100
36115036670987,10:01:55.036,28.6650,50
36125159415990,10:02:05.159,28.6650,50
36136278419454,10:02:16.278,28.6300,43
36148707332393,10:02:28.707,28.6300,57
36148707332393,10:02:28.707,28.6100,43
36166177050535,10:02:46.177,28.6900,100
36179002789500,10:02:59.002,28.7100,200
36179002832793,10:02:59.002,28.7100,100
36179002832793,10:02:59.002,28.7100,200
36179003241988,10:02:59.003,28.7100,23
36179003245850,10:02:59.003,28.7100,1
36179003245850,10:02:59.003,28.7100,1
36179003436486,10:02:59.003,28.7200,100
36179003473596,10:02:59.003,28.7100,2
36179005064526,10:02:59.005,28.7300,100
36179005108242,10:02:59.005,28.7300,100
36179007182874,10:02:59.007,28.7400,57
36179031507612,10:02:59.031,28.7400,43
36179031507612,10:02:59.031,28.7400,80
36179041698019,10:02:59.041,28.7400,20
36179605174759,10:02:59.605,28.7500,100
36179605174759,10:02:59.605,28.7500,200
36179605268863,10:02:59.605,28.7500,69
36179605270184,10:02:59.605,28.7500,31
36179605270184,10:02:59.605,28.7500,61
36179605457701,10:02:59.605,28.7500,100
36179605779224,10:02:59.605,28.7500,39
36179901624222,10:02:59.901,28.7400,100
36184908058956,10:03:04.908,28.7800,200
36203070624389,10:03:23.070,28.7100,100
36203070624389,10:03:23.070,28.7100,94
36203070646691,10:03:23.070,28.7100,100
36203070663498,10:03:23.070,28.7000,100
36203070663498,10:03:23.070,28.7000,45
36203070821742,10:03:23.070,28.7000,51
36222471297713,10:03:42.471,28.6600,100
36249513014496,10:04:09.513,28.7300,300
36249513590499,10:04:09.513,28.7400,100
36249514280597,10:04:09.514,28.7400,100
36298793527875,10:04:58.793,28.6400,100
36298793894628,10:04:58.793,28.6400,3
36298794750577,10:04:58.794,28.6400,21
36298794750577,10:04:58.794,28.6400,78
36298795430563,10:04:58.795,28.6400,22
36311594991537,10:05:11.594,28.5700,100
36331663023622,10:05:31.663,28.5700,100
36331663098565,10:05:31.663,28.5700,100
36360286429774,10:06:00.286,28.5000,50
36367226148198,10:06:07.226,28.4800,100
36367226228000,10:06:07.226,28.4800,46
36367226228000,10:06:07.226,28.4800,24
36369926846912,10:06:09.926,28.4500,100
36371591817026,10:06:11.591,28.4300,100
36373643214013,10:06:13.643,28.4200,100
36397250931848,10:06:37.250,28.4200,100
36397251041205,10:06:37.251,28.4200,119
36399006686839,10:06:39.006,28.4000,100
36408862436606,10:06:48.862,28.4100,100
36408862436606,10:06:48.862,28.4400,100
36408862436606,10:06:48.862,28.4500,100
36408864580724,10:06:48.864,28.4400,100
36416807108820,10:06:56.807,28.4000,200
36436533447247,10:07:16.533,28.3700,50
36436533447247,10:07:16.533,28.3600,50
36448259092056,10:07:28.259,28.3600,100
36448259092056,10:07:28.259,28.3500,100
36448259092056,10:07:28.259,28.3500,100
36448607310226,10:07:28.607,28.2700,5
36448618618286,10:07:28.618,28.2700,95
36448629617549,10:07:28.629,28.2600,100
36448629617549,10:07:28.629,28.2600,59
36448629848407,10:07:28.629,28.2600,41
36448629864056,10:07:28.629,28.2600,100
36448630057839,10:07:28.630,28.2600,141
36463647767614,10:07:43.647,28.2500,50
36463647767614,10:07:43.647,28.2400,50
36475647688424,10:07:55.647,28.3050,31
36480741903878,10:08:00.741,28.2400,100
36480741903878,10:08:00.741,28.2400,100
36499400667562,10:08:19.400,28.2400,100
36501064554981,10:08:21.064,28.2300,100
36503045763139,10:08:23.045,28.2100,25
36503045770415,10:08:23.045,28.2000,70
36503045770415,10:08:23.045,28.2000,41
36503045789298,10:08:23.045,28.2000,59
36505049345177,10:08:25.049,28.2100,100
36505056882125,10:08:25.056,28.1500,100
36507065458440,10:08:27.065,28.1500,100
36507065458440,10:08:27.065,28.1500,200
36507066633520,10:08:27.066,28.1500,100
36507092720004,10:08:27.092,28.1500,80
36507110910434,10:08:27.110,28.0800,100
36507110910434,10:08:27.110,28.0800,103
36507110910434,10:08:27.110,28.0800,297
36509046611606,10:08:29.046,28.0800,100
36511855206404,10:08:31.855,28.0700,100
36514061232134,10:08:34.061,28.0700,103
36514061232134,10:08:34.061,28.0700,397
36514670742053,10:08:34.670,28.1300,200
36514670742053,10:08:34.670,28.1300,100
36514670742053,10:08:34.670,28.1400,100
36514670742053,10:08:34.670,28.1400,100
36514670742053,10:08:34.670,28.1400,100
36515048095900,10:08:35.048,28.1400,100
36533463419808,10:08:53.463,28.1300,100
36533463419808,10:08:53.463,28.1300,100
36533463419808,10:08:53.463,28.1400,100
36533463419808,10:08:53.463,28.1400,200
36533463419808,10:08:53.463,28.1400,200
36533464734382,10:08:53.464,28.1400,100
36533464734382,10:08:53.464,28.1400,100
36533541341591,10:08:53.541,28.1400,100
36533541341591,10:08:53.541,28.1400,100
36533543188231,10:08:53.543,28.1600,100
36533543346341,10:08:53.543,28.1600,100
36533543679420,10:08:53.543,28.1600,100
36557399115000,10:09:17.399,28.2100,100
36557399115000,10:09:17.399,28.2100,100
36557399230484,10:09:17.399,28.2100,100
36557402098085,10:09:17.402,28.2200,100
36562870072131,10:09:22.870,28.2700,100
36662439443445,10:11:02.439,28.3300,100
36662439443445,10:11:02.439,28.3200,72
36662439443445,10:11:02.439,28.3200,100
36662439443445,10:11:02.439,28.3200,28
36662439625049,10:11:02.439,28.3200,72
36662439953073,10:11:02.439,28.3200,81
36662521684327,10:11:02.521,28.3200,100
36663463214279,10:11:03.463,28.3500,100
36663463516326,10:11:03.463,28.3500,100
36663463516326,10:11:03.463,28.3500,95
36663463685124,10:11:03.463,28.3500,5
36663464260204,10:11:03.464,28.3600,100
36664066320595,10:11:04.066,28.3600,100
36664569720677,10:11:04.569,28.3500,25
36664570198567,10:11:04.570,28.3400,100
36664570205737,10:11:04.570,28.3300,100
36665058106444,10:11:05.058,28.3300,100
36679088995542,10:11:19.088,28.3500,5
36680089789867,10:11:20.089,28.3500,1
36682089677894,10:11:22.089,28.3500,1
36725284548217,10:12:05.284,28.2900,100
36766001912505,10:12:46.001,28.3200,100
36788347035019,10:13:08.347,28.3100,100
36788347035019,10:13:08.347,28.3100,100
36788347035019,10:13:08.347,28.3100,100
36789353736537,10:13:09.353,28.3200,50
36789354840965,10:13:09.354,28.3100,100
36794178408848,10:13:14.178,28.3100,100
36806448238106,10:13:26.448,28.3400,74
36807327009539,10:13:27.327,28.3600,1
36807327496760,10:13:27.327,28.3700,100
36807327522733,10:13:27.327,28.3700,100
36807327531382,10:13:27.327,28.3700,100
36807327816988,10:13:27.327,28.3700,2
36807327850530,10:13:27.327,28.3700,98
36807849458843,10:13:27.849,28.3900,50
36808066581422,10:13:28.066,28.3900,50
36808066581422,10:13:28.066,28.3900,100
36812818609414,10:13:32.818,28.3600,25
36812828565319,10:13:32.828,28.3400,80
36837101053466,10:13:57.101,28.3800,1
36843273595902,10:14:03.273,28.3800,99
36843273595902,10:14:03.273,28.3800,1
36870693766968,10:14:30.693,28.3500,100
36870693766968,10:14:30.693,28.3500,100
36870693766968,10:14:30.693,28.3500,100
36870694033706,10:14:30.694,28.3400,100
36870694655570,10:14:30.694,28.3300,45
36870694666992,10:14:30.694,28.3300,55
36911175231782,10:15:11.175,28.3900,100
36911175829730,10:15:11.175,28.4000,100
36911175834086,10:15:11.175,28.4000,100
36911175849102,10:15:11.175,28.4000,100
36911175850556,10:15:11.175,28.4100,54
36911175852120,10:15:11.175,28.4100,46
36911175852120,10:15:11.175,28.4100,31
36911175853885,10:15:11.175,28.4100,46
36911175856453,10:15:11.175,28.4100,70
36911175877582,10:15:11.175,28.4100,24
36911175890606,10:15:11.175,28.4100,29
36911175895286,10:15:11.175,28.4200,37
36911179364495,10:15:11.179,28.4200,63
36911179364495,10:15:11.179,28.4200,100
36911179394392,10:15:11.179,28.4200,32
36911179416359,10:15:11.179,28.4200,100
36911180155761,10:15:11.180,28.4200,68
36918023940099,10:15:18.023,28.4200,100
36952761905286,10:15:52.761,28.4000,100
36952761905286,10:15:52.761,28.4000,100
36952761905286,10:15:52.761,28.4000,100
36952762471370,10:15:52.762,28.3900,26
36952762471370,10:15:52.762,28.3900,74
36952762499367,10:15:52.762,28.3900,26
36952762499367,10:15:52.762,28.3900,74
36952762529886,10:15:52.762,28.3900,7
36952762708156,10:15:52.762,28.3900,19
36952763050512,10:15:52.763,28.3600,100
36957125961074,10:15:57.125,28.3700,37
36964326450986,10:16:04.326,28.3700,26
36988056800390,10:16:28.056,28.4300,100
37026137132610,10:17:06.137,28.4100,38
37026137133849,10:17:06.137,28.4100,62
37026137133849,10:17:06.137,28.4100,77
37026137177958,10:17:06.137,28.4100,23
37030081789904,10:17:10.081,28.3200,17
37085505082062,10:18:05.505,28.3700,39
37094774639404,10:18:14.774,28.2900,3
37094774639404,10:18:14.774,28.2900,99
37094775081741,10:18:14.775,28.2900,1
37094775081741,10:18:14.775,28.2900,27
37111698922770,10:18:31.698,28.2400,100
37136197047701,10:18:56.197,28.2400,87
37136197047701,10:18:56.197,28.2400,13
37136197569220,10:18:56.197,28.2800,100
37137006592476,10:18:57.006,28.2300,73
37137782386967,10:18:57.782,28.2300,1
37137782448921,10:18:57.782,28.2300,26
37137783956023,10:18:57.783,28.2400,100
37142615068685,10:19:02.615,28.2300,46
37142615890187,10:19:02.615,28.2400,54
37153054589564,10:19:13.054,28.2400,100
37206481314228,10:20:06.481,28.2700,69
37206481339185,10:20:06.481,28.2700,31
37206481348251,10:20:06.481,28.2700,31
37206481434522,10:20:06.481,28.2700,100
37212155172164,10:20:12.155,28.2800,13
37212155432051,10:20:12.155,28.2900,29
37212155440007,10:20:12.155,28.2900,71
37212155524986,10:20:12.155,28.2900,100
37212155542243,10:20:12.155,28.2900,100
37213066712196,10:20:13.066,28.3100,8
37213066929115,10:20:13.066,28.3100,92
37213066929115,10:20:13.066,28.3100,100
37213069155832,10:20:13.069,28.3100,79
37213069654721,10:20:13.069,28.3100,21
37213070706278,10:20:13.070,28.3200,100
37215165846256,10:20:15.165,28.3000,27
37215165846256,10:20:15.165,28.3000,73
37215165908749,10:20:15.165,28.3000,27
37215165908749,10:20:15.165,28.3000,24
37215165908749,10:20:15.165,28.3000,13
37215166617439,10:20:15.166,28.3100,85
37228037351667,10:20:28.037,28.3400,100
37267776457691,10:21:07.776,28.3900,55
37267776457691,10:21:07.776,28.3900,45
37267776457691,10:21:07.776,28.3900,100
37267776457691,10:21:07.776,28.3900,100
37267776555699,10:21:07.776,28.3900,100
37277186975246,10:21:17.186,28.3700,6
37298452420067,10:21:38.452,28.4000,100
37298452663140,10:21:38.452,28.4000,100
37308887282360,10:21:48.887,28.3400,100
37311514583628,10:21:51.514,28.3800,17
37311514583628,10:21:51.514,28.3800,16
37311514583628,10:21:51.514,28.3800,17
37311514583628,10:21:51.514,28.3600,50
37350648264422,10:22:30.648,28.3600,50
37350648264422,10:22:30.648,28.3600,50
37351211673494,10:22:31.211,28.3600,50
37351211673494,10:22:31.211,28.3600,27
37351326378602,10:22:31.326,28.3600,1
37351402761896,10:22:31.402,28.3700,33
37351402761896,10:22:31.402,28.3500,67
37351403199325,10:22:31.403,28.3600,33
37356622306089,10:22:36.622,28.3600,100
37356622910717,10:22:36.622,28.3800,100
37356622910717,10:22:36.622,28.3900,100
37356623037747,10:22:36.623,28.3800,36
37356623037747,10:22:36.623,28.3800,200
37356623037747,10:22:36.623,28.3600,64
37356623913937,10:22:36.623,28.3900,100
37356685985067,10:22:36.685,28.4000,100
37357630087055,10:22:37.630,28.4100,100
37357630172319,10:22:37.630,28.4100,100
37377194330373,10:22:57.194,28.3900,44
37377194562428,10:22:57.194,28.3900,56
37377194562428,10:22:57.194,28.3900,69
37377194564495,10:22:57.194,28.3900,31
37428136624552,10:23:48.136,28.3800,80
37428288492718,10:23:48.288,28.3900,200
37440721742546,10:24:00.721,28.3900,100
37441207173099,10:24:01.207,28.3800,8
37441207173099,10:24:01.207,28.3600,100
37442114712665,10:24:02.114,28.3600,92
37470123493391,10:24:30.123,28.3800,100
37497583361852,10:24:57.583,28.3500,27
37498087271297,10:24:58.087,28.3000,14
37507198225486,10:25:07.198,28.3100,92
37508740066149,10:25:08.740,28.3500,92
37512382438915,10:25:12.382,28.3100,100
37518069253463,10:25:18.069,28.3000,90
37531852504106,10:25:31.852,28.3000,10
37531852504106,10:25:31.852,28.3000,90
37541183368610,10:25:41.183,28.3300,100
37550987197823,10:25:50.987,28.3800,100
37550987197823,10:25:50.987,28.3800,100
37550987251990,10:25:50.987,28.3800,100
37550987251990,10:25:50.987,28.3800,100
37550987342331,10:25:50.987,28.3800,100
37550987354229,10:25:50.987,28.3800,100
37550987447967,10:25:50.987,28.3800,100
37550987447967,10:25:50.987,28.3800,77
37550987468322,10:25:50.987,28.3800,23
37550987477723,10:25:50.987,28.3800,16
37550987553510,10:25:50.987,28.3800,84
37584405893352,10:26:24.405,28.3700,100
37584405893352,10:26:24.405,28.3600,29
37584406151735,10:26:24.406,28.3600,32
37584406151735,10:26:24.406,28.3600,39
37584406151735,10:26:24.406,28.3600,29
37584407897453,10:26:24.407,28.3600,61
37584407937779,10:26:24.407,28.3600,39
37584624539116,10:26:24.624,28.3200,100
37584624539116,10:26:24.624,28.3200,100
37584624539116,10:26:24.624,28.3200,100
37584624539116,10:26:24.624,28.3200,100
37584625215301,10:26:24.625,28.3600,100
37588021938044,10:26:28.021,28.3800,6
37588021938044,10:26:28.021,28.3800,94
37592928369165,10:26:32.928,28.3800,26
37592929335267,10:26:32.929,28.3800,31
37592929488216,10:26:32.929,28.3800,49
37602126996577,10:26:42.126,28.4000,100
37602126996577,10:26:42.126,28.4000,100
37634710402428,10:27:14.710,28.3800,100
37635241993423,10:27:15.241,28.3700,100
37672725909613,10:27:52.725,28.3700,100
37672725909613,10:27:52.725,28.3700,100
37680750876046,10:28:00.750,28.3000,100
37705947297999,10:28:25.947,28.3000,100
37739201122642,10:28:59.201,28.2900,100
37739201122642,10:28:59.201,28.2900,100
37739201179217,10:28:59.201,28.2900,29
37742743897043,10:29:02.743,28.2900,90
37742743897043,10:29:02.743,28.2800,10
37742759030766,10:29:02.759,28.2800,90
37762543009209,10:29:22.543,28.2500,100
37771688476147,10:29:31.688,28.2500,100
37795174137358,10:29:55.174,28.2500,1
37795733011028,10:29:55.733,28.2500,99
37795733011028,10:29:55.733,28.2400,1
37795800526314,10:29:55.800,28.2400,99
37823893227671,10:30:23.893,28.2500,100
37836209373568,10:30:36.209,28.2800,100
37836209436640,10:30:36.209,28.2800,100
37840897355325,10:30:40.897,28.2800,100
37851078242675,10:30:51.078,28.2500,29
37852073557763,10:30:52.073,28.2400,100
37852074176797,10:30:52.074,28.2300,79
37852074207430,10:30:52.074,28.2300,21
37857707491736,10:30:57.707,28.2500,200
37857707491736,10:30:57.707,28.2500,100
37857707653252,10:30:57.707,28.2400,67
37857707978860,10:30:57.707,28.2500,53
37857708287187,10:30:57.708,28.2400,33
37857708407903,10:30:57.708,28.2500,47
37857708407903,10:30:57.708,28.2500,53
37857708465950,10:30:57.708,28.2500,47
37857708465950,10:30:57.708,28.2500,100
37857708575826,10:30:57.708,28.2500,100
37857708575826,10:30:57.708,28.2500,100
37858025617692,10:30:58.025,28.2600,100
37858026183955,10:30:58.026,28.2700,31
37858026212801,10:30:58.026,28.2700,69
37858026212801,10:30:58.026,28.2700,100
37858026212801,10:30:58.026,28.2700,31
37858026217526,10:30:58.026,28.2700,169
37858026217526,10:30:58.026,28.2700,31
37858026229589,10:30:58.026,28.2700,69
37858026231744,10:30:58.026,28.2800,71
37858549727273,10:30:58.549,28.2800,29
37858549727273,10:30:58.549,28.2800,34
37858549782573,10:30:58.549,28.2800,66
37858549783877,10:30:58.549,28.2800,66
37858549798660,10:30:58.549,28.2800,34
37863028280998,10:31:03.028,28.2900,100
37863028372779,10:31:03.028,28.2900,100
37863040934692,10:31:03.040,28.2800,100
37929706964163,10:32:09.706,28.2800,100
37931120001396,10:32:11.120,28.2900,100
37931121676709,10:32:11.121,28.3000,100
37931121783422,10:32:11.121,28.3000,100
37931201889097,10:32:11.201,28.2900,100
37931201912613,10:32:11.201,28.3000,100
37935332047863,10:32:15.332,28.2900,100
37938037985406,10:32:18.037,28.3000,100
37938038227788,10:32:18.038,28.3000,100
37943715845140,10:32:23.715,28.3000,100
37985100099536,10:33:05.100,28.3500,100
37985100437602,10:33:05.100,28.3500,100
37985100668995,10:33:05.100,28.3500,100
37985100668995,10:33:05.100,28.3500,100
37991397926783,10:33:11.397,28.3500,42
38002850664914,10:33:22.850,28.3300,100
38002850892610,10:33:22.850,28.3300,100
38008985425304,10:33:28.985,28.3100,29
38008985425304,10:33:28.985,28.3100,100
38061048351441,10:34:21.048,28.2600,100
38081915185311,10:34:41.915,28.2900,98
38081915187364,10:34:41.915,28.2900,2
38081915928365,10:34:41.915,28.2900,15
38081916349948,10:34:41.916,28.2900,10
38084649483764,10:34:44.649,28.3100,15
38084649494912,10:34:44.649,28.3100,85
38084649517324,10:34:44.649,28.3100,115
38084649609839,10:34:44.649,28.3100,85
38118471721637,10:35:18.471,28.3000,100
38124926099551,10:35:24.926,28.3000,100
38124926099551,10:35:24.926,28.3000,100
38124926160378,10:35:24.926,28.3000,55
38124926352055,10:35:24.926,28.2900,100
38124926352055,10:35:24.926,28.2900,100
38124926545265,10:35:24.926,28.3000,55
38124926560513,10:35:24.926,28.3000,33
38124926747245,10:35:24.926,28.2800,100
38124927934832,10:35:24.927,28.3000,100
38124929982537,10:35:24.929,28.3000,100
38124930472626,10:35:24.930,28.3000,100
38138901885087,10:35:38.901,28.2900,100
38161867763633,10:36:01.867,28.3100,100
38161884875428,10:36:01.884,28.3200,100
38161884875428,10:36:01.884,28.3200,100
38161884875428,10:36:01.884,28.3200,200
38161884929583,10:36:01.884,28.3200,100
38161885006424,10:36:01.885,28.3200,100
38161885172122,10:36:01.885,28.3200,41
38161885173517,10:36:01.885,28.3200,59
38187374617111,10:36:27.374,28.3200,100
38187374679883,10:36:27.374,28.3200,100
38187388982934,10:36:27.388,28.3100,100
38187389014890,10:36:27.389,28.3100,28
38187389014890,10:36:27.389,28.3100,72
38187389036128,10:36:27.389,28.3100,28
38187389036128,10:36:27.389,28.3100,72
38187389044233,10:36:27.389,28.3100,28
38263132785592,10:37:43.132,28.2500,100
38263132844992,10:37:43.132,28.2500,100
38263132866320,10:37:43.132,28.2500,100
38263133458435,10:37:43.133,28.2400,100
38264632784550,10:37:44.632,28.2500,100
38326564832260,10:38:46.564,28.1900,100
38338263569385,10:38:58.263,28.1800,100
38358513755807,10:39:18.513,28.1800,100
38377843917706,10:39:37.843,28.1900,100
38385849250880,10:39:45.849,28.1800,100
38386524633522,10:39:46.524,28.2200,100
38415199547197,10:40:15.199,28.1900,100
38430491858956,10:40:30.491,28.2200,100
38445354153543,10:40:45.354,28.1900,100
38463659397875,10:41:03.659,28.2100,100
38494538211118,10:41:34.538,28.2200,100
38508352985237,10:41:48.352,28.2100,100
38508352985237,10:41:48.352,28.2100,100
38508352985237,10:41:48.352,28.2100,100
38508352985237,10:41:48.352,28.2100,30
38508352989371,10:41:48.352,28.2100,66
38508353012587,10:41:48.353,28.2100,9
38508354235417,10:41:48.354,28.2100,58
38508354444161,10:41:48.354,28.2100,42
38518842922470,10:41:58.842,28.1800,1
38518842922470,10:41:58.842,28.1800,29
38518842922470,10:41:58.842,28.1800,70
38529623110073,10:42:09.623,28.2400,100
38544958140686,10:42:24.958,28.2400,100
38551526791009,10:42:31.526,28.2400,100
38572120906205,10:42:52.120,28.2400,100
38580304254724,10:43:00.304,28.2450,100
38585327927236,10:43:05.327,28.2100,100
38620745826517,10:43:40.745,28.2700,25
38620749533091,10:43:40.749,28.2600,100
38627399440164,10:43:47.399,28.2400,100
38628532434674,10:43:48.532,28.2500,100
38628532991052,10:43:48.532,28.2500,100
38629632592570,10:43:49.632,28.2500,100
38629632592570,10:43:49.632,28.2500,200
38629633106221,10:43:49.633,28.2500,100
38629633222420,10:43:49.633,28.2500,100
38629633246826,10:43:49.633,28.2500,100
38629633246826,10:43:49.633,28.2500,100
38629633272709,10:43:49.633,28.2500,200
38629633487175,10:43:49.633,28.2500,100
38629636207181,10:43:49.636,28.2400,100
38629636207181,10:43:49.636,28.2400,100
38629636260397,10:43:49.636,28.2400,100
38629636260397,10:43:49.636,28.2400,100
38629682249263,10:43:49.682,28.2400,29
38629682249263,10:43:49.682,28.2400,100
38629682249263,10:43:49.682,28.2400,100
38634009181341,10:43:54.009,28.2300,100
38634009620302,10:43:54.009,28.2300,100
38634009620302,10:43:54.009,28.2300,97
38634009631580,10:43:54.009,28.2300,3
38635696165838,10:43:55.696,28.2400,100
38635697448248,10:43:55.697,28.2400,100
38635697448248,10:43:55.697,28.2400,259
38635697554283,10:43:55.697,28.2500,100
38635697554283,10:43:55.697,28.2500,100
38635698007363,10:43:55.698,28.2500,100
38635699874971,10:43:55.699,28.2500,71
38640540950733,10:44:00.540,28.2500,29
38640542662938,10:44:00.542,28.2500,100
38649821211527,10:44:09.821,28.2500,20
38650019934704,10:44:10.019,28.2500,80
38650019934704,10:44:10.019,28.2500,20
38650019986822,10:44:10.019,28.2500,80
38650778320282,10:44:10.778,28.2500,100
38651324008866,10:44:11.324,28.2500,100
38652112087572,10:44:12.112,28.2500,100
38656287622690,10:44:16.287,28.2500,100
38669258886833,10:44:29.258,28.2500,100
38669259758584,10:44:29.259,28.2500,100
38669259758584,10:44:29.259,28.2500,100
38670023762601,10:44:30.023,28.2500,100
38670024134772,10:44:30.024,28.2500,100
38670024456980,10:44:30.024,28.2500,100
38670025109569,10:44:30.025,28.2500,100
38670059602997,10:44:30.059,28.2500,100
38673511498370,10:44:33.511,28.2500,100
38698601293461,10:44:58.601,28.2600,100
38698601346530,10:44:58.601,28.2600,2
38698854632071,10:44:58.854,28.2800,65
38698854637104,10:44:58.854,28.2800,35
38698854656137,10:44:58.854,28.2800,65
38698854670102,10:44:58.854,28.2800,65
38698854672066,10:44:58.854,28.2800,67
38698854676775,10:44:58.854,28.2800,20
38698854772787,10:44:58.854,28.2800,100
38698854817454,10:44:58.854,28.2900,13
38698854873009,10:44:58.854,28.2900,87
38698854873009,10:44:58.854,28.2900,13
38698854917631,10:44:58.854,28.2800,70
38698854917631,10:44:58.854,28.2800,70
38706102803193,10:45:06.102,28.2900,200
38716404814667,10:45:16.404,28.2900,100
38735314241767,10:45:35.314,28.3000,100
38735314351198,10:45:35.314,28.3000,100
38735314459682,10:45:35.314,28.3000,100
38735324170904,10:45:35.324,28.3000,100
38745216923260,10:45:45.216,28.3100,200
38762115210793,10:46:02.115,28.3000,100
38762115210793,10:46:02.115,28.3000,100
38771254783098,10:46:11.254,28.3100,100
38775504972197,10:46:15.504,28.3200,100
38780540220316,10:46:20.540,28.3200,100
38780540245788,10:46:20.540,28.3200,100
38784075589018,10:46:24.075,28.3200,100
38844872084787,10:47:24.872,28.3150,100
38905145741104,10:48:25.145,28.3000,29
38908971633576,10:48:28.971,28.2800,100
38908971633576,10:48:28.971,28.2800,100
38908971633576,10:48:28.971,28.2800,100
38908971633576,10:48:28.971,28.2800,112
38908971633576,10:48:28.971,28.2800,28
38908971903834,10:48:28.971,28.2700,100
38908972101325,10:48:28.972,28.2500,8
38935375355894,10:48:55.375,28.2400,100
38935375975559,10:48:55.375,28.2500,100
38947139930819,10:49:07.139,28.2500,100
38947141271924,10:49:07.141,28.2500,100
38948195738297,10:49:08.195,28.2800,42
38948195856828,10:49:08.195,28.2800,6
38948245960843,10:49:08.245,28.2800,52
38948245960843,10:49:08.245,28.2800,100
38948246397706,10:49:08.246,28.2800,100
38957448260914,10:49:17.448,28.2700,100
38958340252621,10:49:18.340,28.2700,100
38958341826372,10:49:18.341,28.2700,100
38966272827013,10:49:26.272,28.2800,100
38983146211292,10:49:43.146,28.2800,100
39000624147990,10:50:00.624,28.2500,100
39000624757513,10:50:00.624,28.2500,100
39000626557147,10:50:00.626,28.2500,100
39074425726281,10:51:14.425,28.2600,100
39074425783974,10:51:14.425,28.2500,100
39120710767831,10:52:00.710,28.2500,50
39120710767831,10:52:00.710,28.2500,100
39120710767831,10:52:00.710,28.2500,56
39120710767831,10:52:00.710,28.2500,58
39120710769372,10:52:00.710,28.2500,42
39120710872311,10:52:00.710,28.2500,100
39198298174901,10:53:18.298,28.3000,36
39218122403335,10:53:38.122,28.2300,100
39218122632672,10:53:38.122,28.2300,90
39218122644801,10:53:38.122,28.2300,10
39218123528895,10:53:38.123,28.2300,100
39232455563705,10:53:52.455,28.2000,100
39238352884409,10:53:58.352,28.2300,100
39297472695911,10:54:57.472,28.2100,15
39297472695911,10:54:57.472,28.2100,85
39324612940918,10:55:24.612,28.2100,100
39352739864824,10:55:52.739,28.2000,100
39366955049427,10:56:06.955,28.2100,10
39366958621679,10:56:06.958,28.2000,10
39366958621679,10:56:06.958,28.2000,100
39366958621679,10:56:06.958,28.2000,29
39366958621679,10:56:06.958,28.2000,200
39366960045671,10:56:06.960,28.1900,100
39367853515422,10:56:07.853,28.2000,8
39381873446452,10:56:21.873,28.1600,100
39408013110150,10:56:48.013,28.1600,100
39418960831194,10:56:58.960,28.1600,900
39418960913894,10:56:58.960,28.1600,100
39418960913894,10:56:58.960,28.1600,100
39418964547092,10:56:58.964,28.1500,100
39436162116589,10:57:16.162,28.1000,100
39468281292566,10:57:48.281,28.0900,100
39473274465640,10:57:53.274,28.0900,100
39473274465640,10:57:53.274,28.0900,100
39473274465640,10:57:53.274,28.0900,144
39473274465640,10:57:53.274,28.0900,200
39491813131997,10:58:11.813,28.0800,100
39491813147883,10:58:11.813,28.0800,50
39491813147883,10:58:11.813,28.0800,30
39491813147883,10:58:11.813,28.0800,20
39524367030913,10:58:44.367,28.0700,100
39524367030913,10:58:44.367,28.0600,100
39531568910757,10:58:51.568,28.0600,100
39547365624775,10:59:07.365,28.1300,100
39548241469383,10:59:08.241,28.1400,200
39548241798567,10:59:08.241,28.1400,200
39548241855212,10:59:08.241,28.1400,100
39548241929950,10:59:08.241,28.1400,100
39548242023799,10:59:08.242,28.1400,200
39548245869251,10:59:08.245,28.1500,100
39548788838294,10:59:08.788,28.1500,100
39548790033159,10:59:08.790,28.1500,100
39548793064838,10:59:08.793,28.1500,100
39548794166615,10:59:08.794,28.1600,100
39571372111851,10:59:31.372,28.1850,43
39571372115508,10:59:31.372,28.1850,57
39571372115508,10:59:31.372,28.2000,2
39571372120677,10:59:31.372,28.2000,60
39571372126310,10:59:31.372,28.2000,38
39571542890794,10:59:31.542,28.2000,100
39571542985154,10:59:31.542,28.2000,100
39594916368716,10:59:54.916,28.2200,200
39594917089669,10:59:54.917,28.2300,100
39594918107767,10:59:54.918,28.2300,100
39614013041510,11:00:14.013,28.3150,100
39614070435711,11:00:14.070,28.3400,100
39614070435711,11:00:14.070,28.3500,200
39642366950182,11:00:42.366,28.3600,100
39642367226768,11:00:42.367,28.3700,100
39642367269427,11:00:42.367,28.3600,100
39644980027956,11:00:44.980,28.3600,42
39649217758672,11:00:49.217,28.3900,100
39649238750252,11:00:49.238,28.4100,200
39649718272692,11:00:49.718,28.4400,28
39649718291548,11:00:49.718,28.4400,62
39649718316136,11:00:49.718,28.4400,10
39653825751381,11:00:53.825,28.4200,100
39653825751381,11:00:53.825,28.4200,28
39653825751381,11:00:53.825,28.4200,100
39653825751381,11:00:53.825,28.4200,100
39653826268646,11:00:53.826,28.4100,100
39653827244996,11:00:53.827,28.4100,100
39653827884071,11:00:53.827,28.4200,100
39653831042770,11:00:53.831,28.4100,100
39653833451937,11:00:53.833,28.4100,36
39653834223493,11:00:53.834,28.4100,100
39663912729963,11:01:03.912,28.4200,172
39663912729963,11:01:03.912,28.4200,28
39672043026192,11:01:12.043,28.4200,100
39882210439415,11:04:42.210,28.4300,100
39882210439415,11:04:42.210,28.4300,100
39882210509845,11:04:42.210,28.4300,100
39882210509845,11:04:42.210,28.4300,100
39882210528689,11:04:42.210,28.4300,100
39882210528689,11:04:42.210,28.4300,49
39882210549404,11:04:42.210,28.4300,51
39882210549404,11:04:42.210,28.4300,74
39882210565115,11:04:42.210,28.4300,15
39882210664081,11:04:42.210,28.4300,11
39882210664081,11:04:42.210,28.4300,27
39882211099656,11:04:42.211,28.4200,89
39882211403211,11:04:42.211,28.4200,11
39882211442597,11:04:42.211,28.4200,100
39896441330169,11:04:56.441,28.4000,22
39896441330169,11:04:56.441,28.4000,78
39896441562246,11:04:56.441,28.4000,22
39926245340816,11:05:26.245,28.3000,100
39984961177063,11:06:24.961,28.2700,100
40005857469663,11:06:45.857,28.2600,100
40032285415332,11:07:12.285,28.3200,30
40032285486855,11:07:12.285,28.3200,11
40037446989044,11:07:17.446,28.2700,100
40065701588754,11:07:45.701,28.2600,28
40065701588754,11:07:45.701,28.2500,72
40090839355975,11:08:10.839,28.3500,46
40103399288983,11:08:23.399,28.2600,100
40125156562291,11:08:45.156,28.2800,100
40135008523626,11:08:55.008,28.2800,57
40135008523626,11:08:55.008,28.2800,43
40135008610038,11:08:55.008,28.2800,57
40135122695144,11:08:55.122,28.2650,100
40136238475252,11:08:56.238,28.2500,28
40136238475252,11:08:56.238,28.2500,72
40136238544380,11:08:56.238,28.2500,100
40136238553180,11:08:56.238,28.2500,28
40136268975657,11:08:56.268,28.2400,132
40208750802332,11:10:08.750,28.1850,100
40218812162086,11:10:18.812,28.1500,100
40225344183373,11:10:25.344,28.1500,70
40225344183373,11:10:25.344,28.1300,100
40225344183373,11:10:25.344,28.1300,30
40235767755923,11:10:35.767,28.1300,29
40235767755923,11:10:35.767,28.1200,71
40252363315893,11:10:52.363,28.1200,29
40252363315893,11:10:52.363,28.1200,100
40252363315893,11:10:52.363,28.1200,54
40252363315893,11:10:52.363,28.1200,17
40261761913601,11:11:01.761,28.2200,19
40261761913601,11:11:01.761,28.2200,181
40261761969360,11:11:01.761,28.2200,19
40261763353436,11:11:01.763,28.2300,100
40261763420376,11:11:01.763,28.2400,100
40268549743338,11:11:08.549,28.2500,100
40268754624783,11:11:08.754,28.2700,100
40274611015706,11:11:14.611,28.2800,100
40274611149691,11:11:14.611,28.2800,100
40274611154585,11:11:14.611,28.2800,7
40274611172670,11:11:14.611,28.2800,93
40285863508430,11:11:25.863,28.2900,100
40285863581003,11:11:25.863,28.2900,100
40285864662623,11:11:25.864,28.2800,100
40285864662623,11:11:25.864,28.2800,83
40287005672502,11:11:27.005,28.3100,100
40287005672502,11:11:27.005,28.3100,100
40410505293600,11:13:30.505,28.3200,34
40420957682950,11:13:40.957,28.3200,66
40420957958733,11:13:40.957,28.3400,100
40420957958733,11:13:40.957,28.3400,56
40420957961863,11:13:40.957,28.3400,44
40420957968639,11:13:40.957,28.3400,44
40420958011015,11:13:40.958,28.3400,100
40420958068891,11:13:40.958,28.3400,100
40420958068891,11:13:40.958,28.3400,100
40420958199307,11:13:40.958,28.3400,44
40421378076473,11:13:41.378,28.3400,56
40421378076473,11:13:41.378,28.3400,56
40421378076473,11:13:41.378,28.3400,88
40421378136133,11:13:41.378,28.3400,12
40421378136133,11:13:41.378,28.3400,88
40551613793519,11:15:51.613,28.3600,100
40580279868428,11:16:20.279,28.3700,100
40580279868428,11:16:20.279,28.3700,100
40580279868428,11:16:20.279,28.3700,100
40580279868428,11:16:20.279,28.3700,100
40580279868428,11:16:20.279,28.3700,100
40580279933863,11:16:20.279,28.3700,27
40580279933863,11:16:20.279,28.3700,73
40580280183735,11:16:20.280,28.3700,27
40580280183735,11:16:20.280,28.3600,21
40580280210520,11:16:20.280,28.3600,53
40580280795053,11:16:20.280,28.3600,19
40580280801468,11:16:20.280,28.3600,7
40580280801468,11:16:20.280,28.3600,1
40580281308831,11:16:20.281,28.3600,100
40589770079246,11:16:29.770,28.3900,200
40598776635062,11:16:38.776,28.3900,200
40600372928689,11:16:40.372,28.3800,149
40600372982096,11:16:40.372,28.3800,51
40613478091545,11:16:53.478,28.3500,100
40613478432537,11:16:53.478,28.3500,100
40631135037692,11:17:11.135,28.3500,100
40671346648569,11:17:51.346,28.4100,93
40671346876074,11:17:51.346,28.4100,7
40671346876074,11:17:51.346,28.4100,17
40671346882049,11:17:51.346,28.4100,58
40673830895797,11:17:53.830,28.4100,14
40693834616844,11:18:13.834,28.3800,100
40693834616844,11:18:13.834,28.3700,58
40701157195394,11:18:21.157,28.3900,100
40705861739037,11:18:25.861,28.4100,35
40707106509878,11:18:27.106,28.3900,100
40737516641798,11:18:57.516,28.4100,100
40737517118351,11:18:57.517,28.4100,100
40762202852810,11:19:22.202,28.4000,100
40762202852810,11:19:22.202,28.4000,200
40762202852810,11:19:22.202,28.4000,100
40762203138040,11:19:22.203,28.3900,63
40762203140139,11:19:22.203,28.3900,37
40762203140139,11:19:22.203,28.3900,12
40762203142043,11:19:22.203,28.3900,88
40762203142043,11:19:22.203,28.3900,84
40762203143717,11:19:22.203,28.3900,16
40762204007826,11:19:22.204,28.3800,100
40763204185682,11:19:23.204,28.3900,100
40763947641384,11:19:23.947,28.3600,100
40763948076479,11:19:23.948,28.3600,27
40763948246421,11:19:23.948,28.3500,96
40763948251951,11:19:23.948,28.3500,4
40790583227934,11:19:50.583,28.3700,100
40790583625560,11:19:50.583,28.3600,88
40820101897358,11:20:20.101,28.3600,12
40820101940066,11:20:20.101,28.3500,13
40834468511036,11:20:34.468,28.3400,100
40834468511036,11:20:34.468,28.3400,27
40834468511036,11:20:34.468,28.3400,100
40890266958048,11:21:30.266,28.3400,100
40890266958048,11:21:30.266,28.3400,100
40890267014163,11:21:30.267,28.3400,50
40891070693773,11:21:31.070,28.3200,100
40899680034871,11:21:39.680,28.3200,100
40989398638244,11:23:09.398,28.2500,100
41003876046693,11:23:23.876,28.2800,36
41018527049897,11:23:38.527,28.2600,100
41050265428294,11:24:10.265,28.2600,100
41050265428294,11:24:10.265,28.2600,42
41050265428294,11:24:10.265,28.2600,29
41051681598658,11:24:11.681,28.2600,16
41051681598658,11:24:11.681,28.2600,27
41051681598658,11:24:11.681,28.2600,57
41062622601647,11:24:22.622,28.2500,93
41062622654941,11:24:22.622,28.2500,7
41062622654941,11:24:22.622,28.2500,2
41062622708912,11:24:22.622,28.2500,98
41113007339642,11:25:13.007,28.2300,100
41146163636446,11:25:46.163,28.2300,100
41178300345628,11:26:18.300,28.2300,100
41211479139851,11:26:51.479,28.2300,100
41211479202531,11:26:51.479,28.2300,100
41211479202531,11:26:51.479,28.2300,28
41211544697482,11:26:51.544,28.1950,100
41227378014144,11:27:07.378,28.2100,100
41266208544780,11:27:46.208,28.2500,100
41266209080326,11:27:46.209,28.2600,100
41266212915046,11:27:46.212,28.2600,100
41280526546372,11:28:00.526,28.2600,100
41280807271439,11:28:00.807,28.2700,100
41314810516285,11:28:34.810,28.2600,200
41314810584776,11:28:34.810,28.2600,128
41314810586044,11:28:34.810,28.2600,72
41315812168878,11:28:35.812,28.2600,100
41315812834078,11:28:35.812,28.2700,100
41321514420624,11:28:41.514,28.2800,26
41350456333264,11:29:10.456,28.2900,200
41350457013774,11:29:10.457,28.2900,100
41357260512984,11:29:17.260,28.2900,100
41357260512984,11:29:17.260,28.2900,100
41357260512984,11:29:17.260,28.2900,49
41357260523501,11:29:17.260,28.2900,51
41357260523501,11:29:17.260,28.2900,12
41357260526694,11:29:17.260,28.2900,88
41378863094721,11:29:38.863,28.2800,200
41378863182602,11:29:38.863,28.2800,22
41378863205745,11:29:38.863,28.2800,12
41378863341641,11:29:38.863,28.2800,66
41443210890656,11:30:43.210,28.3000,200
41443210914733,11:30:43.210,28.3000,56
41443211037055,11:30:43.211,28.3000,44
41443211037055,11:30:43.211,28.3000,200
41443211037055,11:30:43.211,28.3000,100
41443211135924,11:30:43.211,28.3000,100
41443214854310,11:30:43.214,28.3000,100
41443214854310,11:30:43.214,28.2950,200
41446424101577,11:30:46.424,28.3000,100
41451420997292,11:30:51.420,28.3100,100
41468782052336,11:31:08.782,28.3100,200
41468782052336,11:31:08.782,28.3100,100
41468782052336,11:31:08.782,28.3100,100
41468782052336,11:31:08.782,28.3100,200
41468782573323,11:31:08.782,28.2900,100
41478873560298,11:31:18.873,28.2900,88
41536261836991,11:32:16.261,28.2900,12
41536261836991,11:32:16.261,28.2900,88
41536261904947,11:32:16.261,28.2900,12
41536261904947,11:32:16.261,28.2900,88
41536261954595,11:32:16.261,28.2900,12
41536261954595,11:32:16.261,28.2900,27
41536261954595,11:32:16.261,28.2900,2
41536262838019,11:32:16.262,28.2600,100
41537262916689,11:32:17.262,28.2900,100
41561278474266,11:32:41.278,28.2300,100
41565248412728,11:32:45.248,28.2800,100
41565271985523,11:32:45.271,28.2900,100
41565354661142,11:32:45.354,28.2900,100
41565355089192,11:32:45.355,28.2900,32
41565355104308,11:32:45.355,28.2900,76
41565355108991,11:32:45.355,28.2900,58
41565355181915,11:32:45.355,28.2900,132
41580573373508,11:33:00.573,28.2900,22
41580573393602,11:33:00.573,28.2900,117
41580573407558,11:33:00.573,28.2900,59
41580573408956,11:33:00.573,28.2900,111
41580573467985,11:33:00.573,28.2900,100
41580573475191,11:33:00.573,28.2900,401
41595460576384,11:33:15.460,28.2400,100
41612623921313,11:33:32.623,28.2900,48
41616944082535,11:33:36.944,28.2500,100
41616944261003,11:33:36.944,28.2500,100
41616944464919,11:33:36.944,28.2500,100
41617063993189,11:33:37.063,28.2100,50
41625592424451,11:33:45.592,28.2400,100
41625592424451,11:33:45.592,28.2400,100
41625594389766,11:33:45.594,28.2500,100
41625594389766,11:33:45.594,28.2500,100
41625594389766,11:33:45.594,28.2500,100
41625594886154,11:33:45.594,28.2500,100
41625622422504,11:33:45.622,28.2400,100
41625623674588,11:33:45.623,28.2400,100
41625623829229,11:33:45.623,28.2400,100
41625623829229,11:33:45.623,28.2400,100
41625623852490,11:33:45.623,28.2400,100
41625626047572,11:33:45.626,28.2400,100
41625628344060,11:33:45.628,28.2500,100
41625628344060,11:33:45.628,28.2500,100
41709611369147,11:35:09.611,28.2100,28
41709611369147,11:35:09.611,28.2100,72
41709611459770,11:35:09.611,28.2100,128
41709611459770,11:35:09.611,28.2100,24
41709611459770,11:35:09.611,28.2100,23
41709611514013,11:35:09.611,28.2100,77
41709611514013,11:35:09.611,28.2100,23
41709611526639,11:35:09.611,28.2100,77
41709641689796,11:35:09.641,28.2100,41
41714734957441,11:35:14.734,28.2000,100
41747489837418,11:35:47.489,28.1600,100
41747489837418,11:35:47.489,28.1500,100
41747491153442,11:35:47.491,28.1500,100
41748107627007,11:35:48.107,28.1500,200
41748111365001,11:35:48.111,28.1400,100
41748111365001,11:35:48.111,28.1400,100
41751038298848,11:35:51.038,28.0900,100
41786827762634,11:36:26.827,28.0700,100
41800366365886,11:36:40.366,28.0600,100
41800366365886,11:36:40.366,28.0600,100
41857840600197,11:37:37.840,28.1200,100
41858792176588,11:37:38.792,28.0800,100
41891745296035,11:38:11.745,28.1100,47
41916854063878,11:38:36.854,28.0600,100
41951018100950,11:39:11.018,28.0600,100
41951018175985,11:39:11.018,28.0600,200
41951018626315,11:39:11.018,28.0600,100
41951018626315,11:39:11.018,28.0600,100
41964053259355,11:39:24.053,28.0500,10
41964053259355,11:39:24.053,28.0500,1
41964053259355,11:39:24.053,28.0500,89
41984182265871,11:39:44.182,28.0500,100
41985944006595,11:39:45.944,28.0500,29
41985944006595,11:39:45.944,28.0500,71
41985950544357,11:39:45.950,28.0500,29
41986047882300,11:39:46.047,28.0500,35
41986056804474,11:39:46.056,28.0500,65
41986056804474,11:39:46.056,28.0400,35
41998286355279,11:39:58.286,28.0400,100
41998299131720,11:39:58.299,28.0400,100
42013447753410,11:40:13.447,28.0900,100
42019357775555,11:40:19.357,28.0700,100
42019360827774,11:40:19.360,28.0700,100
42051489892961,11:40:51.489,28.0500,100
42116897484006,11:41:56.897,28.1000,100
42116897484006,11:41:56.897,28.1000,100
42116897484006,11:41:56.897,28.1000,100
42116897484006,11:41:56.897,28.1000,100
42116897603544,11:41:56.897,28.1000,100
42116897614074,11:41:56.897,28.1000,100
42116897813165,11:41:56.897,28.1000,100
42116898835647,11:41:56.898,28.1000,100
42116898835647,11:41:56.898,28.1000,100
42117322967967,11:41:57.322,28.1000,100
42117323933690,11:41:57.323,28.1000,58
42118413575929,11:41:58.413,28.1000,42
42118413575929,11:41:58.413,28.1000,58
42125483538042,11:42:05.483,28.1000,42
42125483538042,11:42:05.483,28.1000,100
42125514943373,11:42:05.514,28.0900,100
42125515012192,11:42:05.515,28.0800,100
42133555840229,11:42:13.555,28.1100,100
42133726284761,11:42:13.726,28.1300,100
42133929459416,11:42:13.929,28.1400,100
42136254839709,11:42:16.254,28.1400,100
42175214892915,11:42:55.214,28.1400,100
42183189364779,11:43:03.189,28.1400,100
42183189509394,11:43:03.189,28.1400,100
42183189855140,11:43:03.189,28.1400,100
42249058546091,11:44:09.058,28.1800,100
42249059286187,11:44:09.059,28.1700,100
42249059327762,11:44:09.059,28.1700,100
42249059402365,11:44:09.059,28.1700,100
42249059402365,11:44:09.059,28.1700,9
42249059559750,11:44:09.059,28.1700,49
42249059559750,11:44:09.059,28.1700,29
42249059763387,11:44:09.059,28.1700,52
42249059812046,11:44:09.059,28.1700,48
42249060394774,11:44:09.060,28.1700,100
42249060558333,11:44:09.060,28.1600,100
42250060270224,11:44:10.060,28.1600,100
42312012697379,11:45:12.012,28.1700,100
42323341683649,11:45:23.341,28.2000,3
42323343472166,11:45:23.343,28.2000,67
42323343484010,11:45:23.343,28.2000,28
42323343518207,11:45:23.343,28.2000,2
42323345306958,11:45:23.345,28.2300,100
42329544615082,11:45:29.544,28.2300,19
42352514334915,11:45:52.514,28.1900,100
42412665669629,11:46:52.665,28.2000,68
42412666005519,11:46:52.666,28.2000,32
42412666005519,11:46:52.666,28.2000,68
42412666015699,11:46:52.666,28.2000,32
42412666232683,11:46:52.666,28.1900,20
42412666282546,11:46:52.666,28.1900,80
42412666282546,11:46:52.666,28.1900,20
42412666287961,11:46:52.666,28.1900,10
42412666287961,11:46:52.666,28.1900,100
42412666426420,11:46:52.666,28.2000,14
42412671624990,11:46:52.671,28.1700,100
42460270082012,11:47:40.270,28.1400,100
42506470091259,11:48:26.470,28.1900,100
42512849889281,11:48:32.849,28.1900,26
42540779925238,11:49:00.779,28.1600,100
42548071845692,11:49:08.071,28.1800,100
42619654799907,11:50:19.654,28.1600,100
42624257432383,11:50:24.257,28.1600,100
42627076277167,11:50:27.076,28.1700,100
42627077059456,11:50:27.077,28.1600,100
42627077059456,11:50:27.077,28.1600,31
42627077122766,11:50:27.077,28.1600,100
42628078026714,11:50:28.078,28.1600,100
42629658493407,11:50:29.658,28.1500,100
42629659187685,11:50:29.659,28.1300,100
42639734839579,11:50:39.734,28.0900,100
42641185006309,11:50:41.185,28.0900,100
42642203085789,11:50:42.203,28.0800,85
42642203101789,11:50:42.203,28.0800,115
42657448990973,11:50:57.448,28.0400,100
42662112062513,11:51:02.112,28.0600,100
42662112173134,11:51:02.112,28.0600,100
42662112173134,11:51:02.112,28.0600,100
42662112341108,11:51:02.112,28.0600,100
42662112440896,11:51:02.112,28.0600,100
42662112440896,11:51:02.112,28.0600,100
42662112528907,11:51:02.112,28.0600,100
42662112550708,11:51:02.112,28.0600,100
42662113330409,11:51:02.113,28.0600,100
42662113386335,11:51:02.113,28.0600,100
42662113410302,11:51:02.113,28.0600,100
42662878327713,11:51:02.878,28.0600,57
42663400502439,11:51:03.400,28.0500,100
42663400682197,11:51:03.400,28.0500,100
42663400780148,11:51:03.400,28.0500,93
42663400783877,11:51:03.400,28.0500,7
42663400888083,11:51:03.400,28.0500,43
42663402592488,11:51:03.402,28.0400,100
42663402592488,11:51:03.402,28.0400,100
42663402688759,11:51:03.402,28.0400,100
42663403266782,11:51:03.403,28.0400,100
42663403395181,11:51:03.403,28.0400,100
42663451899948,11:51:03.451,28.0500,100
42665708958605,11:51:05.708,28.0500,45
42670708834671,11:51:10.708,28.0300,100
42672143794875,11:51:12.143,28.0500,100
42672143905479,11:51:12.143,28.0500,100
42672143916009,11:51:12.143,28.0500,200
42672145171271,11:51:12.145,28.0500,100
42694249997199,11:51:34.249,28.0200,100
42694249997199,11:51:34.249,28.0200,100
42694250060129,11:51:34.250,28.0200,100
42694250249140,11:51:34.250,28.0100,100
42694250445388,11:51:34.250,28.0100,100
42694829778821,11:51:34.829,28.0100,100
42728255469211,11:52:08.255,28.0300,100
42770607149029,11:52:50.607,28.0300,100
42804328281939,11:53:24.328,28.0400,31
42814981362593,11:53:34.981,28.0300,100
42822091826380,11:53:42.091,28.0500,100
42822091879467,11:53:42.091,28.0500,200
42822091947369,11:53:42.091,28.0500,100
42822091947369,11:53:42.091,28.0500,100
42822091949034,11:53:42.091,28.0500,100
42822091949034,11:53:42.091,28.0500,100
42822091949034,11:53:42.091,28.0500,100
42822091974052,11:53:42.091,28.0500,200
42822092310316,11:53:42.092,28.0600,52
42822092422892,11:53:42.092,28.0600,34
42822092426443,11:53:42.092,28.0600,14
42822092502892,11:53:42.092,28.0600,7
42822092612743,11:53:42.092,28.0600,41
42822092635157,11:53:42.092,28.0600,52
42822092635157,11:53:42.092,28.0600,7
42822092909932,11:53:42.092,28.0600,41
42822092911188,11:53:42.092,28.0600,52
42833537184440,11:53:53.537,28.0400,100
42835520034616,11:53:55.520,28.0300,100
42837526128360,11:53:57.526,28.0550,200
42838479893816,11:53:58.479,28.0800,100
42838480262960,11:53:58.480,28.0800,100
42838481415350,11:53:58.481,28.0800,100
42866492498868,11:54:26.492,28.0800,100
42961223931684,11:56:01.223,28.0850,6
42994292526791,11:56:34.292,28.0850,100
43049790470473,11:57:29.790,28.0800,200
43049790537194,11:57:29.790,28.0800,100
43049790636219,11:57:29.790,28.0700,11
43049801181316,11:57:29.801,28.0750,300
43071399103954,11:57:51.399,28.1100,100
43071399103954,11:57:51.399,28.1100,100
43071399280554,11:57:51.399,28.1100,100
43071399373974,11:57:51.399,28.1100,100
43071399374459,11:57:51.399,28.1100,100
43071401316944,11:57:51.401,28.1000,100
43071401316944,11:57:51.401,28.1000,63
43071401316944,11:57:51.401,28.1000,37
43085443633123,11:58:05.443,28.0900,100
43085443633123,11:58:05.443,28.0900,100
43085443633123,11:58:05.443,28.0900,32
43085443659338,11:58:05.443,28.0800,59
43085443675896,11:58:05.443,28.0800,41
43085444118901,11:58:05.444,28.0700,3
43085444391368,11:58:05.444,28.0800,100
43085444442311,11:58:05.444,28.0800,100
43085445812415,11:58:05.445,28.0800,20
43089973932925,11:58:09.973,28.0900,22
43204257762561,12:00:04.257,28.0900,24
43204257873388,12:00:04.257,28.0900,54
43204257873388,12:00:04.257,28.0900,46
43204258927390,12:00:04.258,28.0900,54
43204258927390,12:00:04.258,28.0900,100
43204258927390,12:00:04.258,28.0900,46
43204259292925,12:00:04.259,28.0900,100
43204259359034,12:00:04.259,28.0900,100
43226548743143,12:00:26.548,28.0800,200
43226548803406,12:00:26.548,28.0800,100
43226548840164,12:00:26.548,28.0800,97
43226548840164,12:00:26.548,28.0800,30
43226548974883,12:00:26.548,28.0800,70
43226548974883,12:00:26.548,28.0800,32
43226548974883,12:00:26.548,28.0800,200
43226549292670,12:00:26.549,28.0700,28
43226549359087,12:00:26.549,28.0700,72
43226549359087,12:00:26.549,28.0700,28
43226549840482,12:00:26.549,28.0700,72
43226549840482,12:00:26.549,28.0700,48
43226549849074,12:00:26.549,28.0700,52
43226551518949,12:00:26.551,28.0600,57
43226551518949,12:00:26.551,28.0600,70
43262039300919,12:01:02.039,28.0800,100
43262039300919,12:01:02.039,28.0800,200
43262039300919,12:01:02.039,28.0900,100
43262040870187,12:01:02.040,28.1000,100
43262040870187,12:01:02.040,28.1000,100
43262041010359,12:01:02.041,28.1000,100
43262078461263,12:01:02.078,28.1100,100
43262078465157,12:01:02.078,28.1100,55
43262078694744,12:01:02.078,28.1100,45
43262078694744,12:01:02.078,28.1100,61
43262081496782,12:01:02.081,28.1100,39
43262081496782,12:01:02.081,28.1100,100
43262081552061,12:01:02.081,28.1100,100
43343855043070,12:02:23.855,28.1300,200
43382124844206,12:03:02.124,28.2200,25
43392515575070,12:03:12.515,28.2200,100
43447685224872,12:04:07.685,28.2100,100
43447685455493,12:04:07.685,28.2100,100
43447685455493,12:04:07.685,28.2100,175
43447685461606,12:04:07.685,28.2100,25
43447685461606,12:04:07.685,28.2100,30
43447685699730,12:04:07.685,28.2100,70
43447685699730,12:04:07.685,28.2100,30
43470438105684,12:04:30.438,28.2200,100
43470438416878,12:04:30.438,28.2200,69
43537780190027,12:05:37.780,28.2000,100
43537780190027,12:05:37.780,28.2000,72
43537780245859,12:05:37.780,28.2000,28
43537780245859,12:05:37.780,28.2000,100
43537780245859,12:05:37.780,28.2000,200
43537780699950,12:05:37.780,28.1900,20
43537780714056,12:05:37.780,28.1900,55
43537780750785,12:05:37.780,28.1900,25
43538723918357,12:05:38.723,28.1750,30
43538781191867,12:05:38.781,28.1900,100
43629527663885,12:07:09.527,28.2000,100
43629530249192,12:07:09.530,28.2200,100
43629530249192,12:07:09.530,28.2200,100
43629530348035,12:07:09.530,28.2200,100
43629530427032,12:07:09.530,28.2200,100
43629530427032,12:07:09.530,28.2200,100
43629530477799,12:07:09.530,28.2200,100
43629530743575,12:07:09.530,28.2200,100
43633623528264,12:07:13.623,28.2300,100
43633623528264,12:07:13.623,28.2300,200
43633630987635,12:07:13.630,28.2400,100
43633631174120,12:07:13.631,28.2400,100
43633631198374,12:07:13.631,28.2500,100
43678884388896,12:07:58.884,28.2800,23
43735917769199,12:08:55.917,28.2900,100
43735917824955,12:08:55.917,28.2900,100
43735917824955,12:08:55.917,28.2900,100
43735920228962,12:08:55.920,28.3000,100
43735948370824,12:08:55.948,28.3100,5
43735948447799,12:08:55.948,28.3100,95
43743735132625,12:09:03.735,28.3500,200
43858052076191,12:10:58.052,28.3100,100
43858052076191,12:10:58.052,28.3100,100
43858052076191,12:10:58.052,28.3100,95
43858052111014,12:10:58.052,28.3100,5
43858052111014,12:10:58.052,28.3100,95
43858052116668,12:10:58.052,28.3100,5
43858052116668,12:10:58.052,28.3100,200
43858052116668,12:10:58.052,28.3100,12
43886174757081,12:11:26.174,28.3300,40
43992675777404,12:13:12.675,28.3000,100
43992678937411,12:13:12.678,28.2900,100
43994482615486,12:13:14.482,28.3200,29
44005526816488,12:13:25.526,28.2900,100
44005526816488,12:13:25.526,28.2900,17
44005526833434,12:13:25.526,28.2900,55
44005526837366,12:13:25.526,28.2900,117
44005526843774,12:13:25.526,28.2900,11
44005526843774,12:13:25.526,28.2900,32
44005526843774,12:13:25.526,28.2900,12
44005526924727,12:13:25.526,28.2900,44
44005526982311,12:13:25.526,28.2900,44
44005527249881,12:13:25.527,28.2800,100
44005527767399,12:13:25.527,28.2800,100
44116826530744,12:15:16.826,28.2700,100
44118516502393,12:15:18.516,28.2700,100
44118516502393,12:15:18.516,28.2700,100
44137815279609,12:15:37.815,28.2700,100
44137816031135,12:15:37.816,28.2600,100
44137816031135,12:15:37.816,28.2600,100
44181149400439,12:16:21.149,28.2500,100
44182217135695,12:16:22.217,28.2500,55
44182217153492,12:16:22.217,28.2500,3
44198208376826,12:16:38.208,28.2500,42
44216264066022,12:16:56.264,28.2500,100
44218718999273,12:16:58.718,28.2800,200
44218718999273,12:16:58.718,28.2800,100
44218720875404,12:16:58.720,28.2900,100
44218721028678,12:16:58.721,28.2900,100
44219210446737,12:16:59.210,28.2800,100
44219210512835,12:16:59.210,28.2800,100
44237100728022,12:17:17.100,28.2800,100
44253142548115,12:17:33.142,28.2800,39
44255757221408,12:17:35.757,28.3000,100
44255757547683,12:17:35.757,28.2900,100
44255759572516,12:17:35.759,28.2900,200
44255760044778,12:17:35.760,28.2900,100
44329426383369,12:18:49.426,28.2900,200
44329426383369,12:18:49.426,28.2900,100
44329426383369,12:18:49.426,28.2900,200
44329426445541,12:18:49.426,28.2900,33
44329426692672,12:18:49.426,28.2800,100
44329426692672,12:18:49.426,28.2800,20
44329426694873,12:18:49.426,28.2800,41
44329426881031,12:18:49.426,28.2800,39
44329426881031,12:18:49.426,28.2800,20
44329426897864,12:18:49.426,28.2800,55
44329428786331,12:18:49.428,28.2800,25
44330027670176,12:18:50.027,28.2600,100
44330359327907,12:18:50.359,28.2600,100
44330427352267,12:18:50.427,28.2900,100
44336373032976,12:18:56.373,28.2700,100
44336532452383,12:18:56.532,28.3000,99
44336559599757,12:18:56.559,28.3000,50
44336576565808,12:18:56.576,28.3100,41
44336580727127,12:18:56.580,28.2900,100
44336626541979,12:18:56.626,28.3100,59
44336626541979,12:18:56.626,28.3100,30
44336665111351,12:18:56.665,28.3100,100
44336682577605,12:18:56.682,28.3100,70
44336682577605,12:18:56.682,28.3100,28
44336700649149,12:18:56.700,28.3100,72
44336700649149,12:18:56.700,28.3100,28
44336738456709,12:18:56.738,28.3100,72
44336770799941,12:18:56.770,28.3000,100
44336770799941,12:18:56.770,28.3000,100
44336794453430,12:18:56.794,28.3100,99
44336828067167,12:18:56.828,28.3200,100
44336841591748,12:18:56.841,28.3200,34
44336841591748,12:18:56.841,28.3200,64
44336864149068,12:18:56.864,28.3300,60
44336864149068,12:18:56.864,28.3300,40
44336881902524,12:18:56.881,28.3100,100
44336882249282,12:18:56.882,28.3200,18
44336903218956,12:18:56.903,28.3300,100
44336932344300,12:18:56.932,28.3300,60
44336932344300,12:18:56.932,28.3300,40
44336935505285,12:18:56.935,28.3300,88
44336954190748,12:18:56.954,28.3300,72
44336954190748,12:18:56.954,28.3300,28
44337021576743,12:18:57.021,28.3300,72
44337021576743,12:18:57.021,28.3300,28
44337039164115,12:18:57.039,28.3300,57
44337059368698,12:18:57.059,28.3300,15
44337059368698,12:18:57.059,28.3300,85
44337082535521,12:18:57.082,28.3300,3
44337102951707,12:18:57.102,28.3300,12
44337102951707,12:18:57.102,28.3300,83
44337115632848,12:18:57.115,28.3300,17
44337115632848,12:18:57.115,28.3400,83
44337118839820,12:18:57.118,28.3400,17
44349085521524,12:19:09.085,28.3600,200
44354428142557,12:19:14.428,28.3600,18
44354428142557,12:19:14.428,28.3600,82
44375505047925,12:19:35.505,28.3900,99
44375575550211,12:19:35.575,28.3900,1
44375575550211,12:19:35.575,28.3900,10
44375730618174,12:19:35.730,28.3900,96
44375783018043,12:19:35.783,28.3900,4
44375783018043,12:19:35.783,28.3900,90
44376191616249,12:19:36.191,28.3900,10
44376213061401,12:19:36.213,28.3900,63
44376233495027,12:19:36.233,28.3900,37
44376255968823,12:19:36.255,28.3900,5
44376280687287,12:19:36.280,28.3900,93
44378540552829,12:19:38.540,28.3900,2
44378540552829,12:19:38.540,28.3900,10
44378575721819,12:19:38.575,28.3700,100
44378575721819,12:19:38.575,28.3700,100
44378575731360,12:19:38.575,28.3600,30
44378579219949,12:19:38.579,28.3600,70
44378579219949,12:19:38.579,28.3600,100
44378580773714,12:19:38.580,28.3500,100
44378697942605,12:19:38.697,28.3700,100
44378719504687,12:19:38.719,28.3700,10
44378719504687,12:19:38.719,28.3800,90
44387086041110,12:19:47.086,28.3800,20
44387086662003,12:19:47.086,28.3800,80
44387179620441,12:19:47.179,28.3600,100
44392712710343,12:19:52.712,28.3600,100
44397179748535,12:19:57.179,28.3600,29
44397179792592,12:19:57.179,28.3600,71
44416959389566,12:20:16.959,28.3800,5
44416959425216,12:20:16.959,28.3800,55
44416959426740,12:20:16.959,28.3800,40
44416959426740,12:20:16.959,28.3800,100
44416959426740,12:20:16.959,28.3800,35
44416960296079,12:20:16.960,28.3800,65
44416960350359,12:20:16.960,28.3800,100
44416964525059,12:20:16.964,28.3700,100
44416964525059,12:20:16.964,28.3700,14
44518329276610,12:21:58.329,28.3500,33
44518329276610,12:21:58.329,28.3500,100
44518329276610,12:21:58.329,28.3500,67
44518350850931,12:21:58.350,28.3800,100
44518438250996,12:21:58.438,28.3900,98
44518457121745,12:21:58.457,28.3900,92
44520537461293,12:22:00.537,28.3900,10
44520543158954,12:22:00.543,28.3600,100
44532532152684,12:22:12.532,28.4000,100
44534939787505,12:22:14.939,28.3800,100
44583582949962,12:23:03.582,28.3800,90
44583582949962,12:23:03.582,28.3800,100
44583583233532,12:23:03.583,28.3700,38
44583583251758,12:23:03.583,28.3700,22
44583583266160,12:23:03.583,28.3700,16
44583583267858,12:23:03.583,28.3700,24
44583602454146,12:23:03.602,28.3400,100
44583602454146,12:23:03.602,28.3400,100
44583825885350,12:23:03.825,28.3700,34
44583849200557,12:23:03.849,28.3800,3
44583881355001,12:23:03.881,28.3800,97
44583881355001,12:23:03.881,28.3800,2
44583895513885,12:23:03.895,28.3800,98
44583895513885,12:23:03.895,28.3800,1
44583911813625,12:23:03.911,28.3800,99
44583911813625,12:23:03.911,28.3800,1
44583940477756,12:23:03.940,28.3800,97
44583951098414,12:23:03.951,28.3800,2
44583951098414,12:23:03.951,28.3800,98
44583970265782,12:23:03.970,28.3800,2
44583970265782,12:23:03.970,28.3800,98
44583992200421,12:23:03.992,28.3800,2
44583992200421,12:23:03.992,28.3800,37
44583999794409,12:23:03.999,28.3800,63
44583999794409,12:23:03.999,28.3800,37
44584002770327,12:23:04.002,28.3800,41
44584023102080,12:23:04.023,28.3800,22
44584023102080,12:23:04.023,28.3800,78
44596898728927,12:23:16.898,28.3800,100
44596955988092,12:23:16.955,28.3900,100
44596959484148,12:23:16.959,28.3900,78
44596963655600,12:23:16.963,28.3700,100
44596963655600,12:23:16.963,28.3700,100
44597009203362,12:23:17.009,28.3800,38
44597074386215,12:23:17.074,28.3800,98
44606268984388,12:23:26.268,28.3500,100
44606268984388,12:23:26.268,28.3500,100
44606268984388,12:23:26.268,28.3500,33
44606268984388,12:23:26.268,28.3500,100
44606359970706,12:23:26.359,28.3400,100
44606384213641,12:23:26.384,28.3500,100
44609525348685,12:23:29.525,28.3100,100
44609525348685,12:23:29.525,28.3100,100
44609526412301,12:23:29.526,28.3000,100
44650583994605,12:24:10.583,28.3200,100
44693386887755,12:24:53.386,28.3200,100
44734588628663,12:25:34.588,28.3200,100
44745292366256,12:25:45.292,28.2900,96
44761366679582,12:26:01.366,28.2900,100
44767394146357,12:26:07.394,28.2900,100
44767394242411,12:26:07.394,28.2900,39
44792795092781,12:26:32.795,28.3300,100
44792795671388,12:26:32.795,28.3300,100
44792795671388,12:26:32.795,28.3300,82
44792795682913,12:26:32.795,28.3300,18
44792799008365,12:26:32.799,28.3400,100
44792808842152,12:26:32.808,28.3200,100
44792879823215,12:26:32.879,28.3400,17
44792909471373,12:26:32.909,28.3400,2
44817104181284,12:26:57.104,28.3300,64
44817104416861,12:26:57.104,28.3300,18
44817104420028,12:26:57.104,28.3300,18
44817104420028,12:26:57.104,28.3300,30
44817104420028,12:26:57.104,28.3300,7
44817104423257,12:26:57.104,28.3300,55
44817104455204,12:26:57.104,28.3300,38
44880947761680,12:28:00.947,28.3400,95
44880947835354,12:28:00.947,28.3400,5
44880947835354,12:28:00.947,28.3400,95
44880947991104,12:28:00.947,28.3400,5
44880947991104,12:28:00.947,28.3400,200
44880947991104,12:28:00.947,28.3400,15
44880948000103,12:28:00.948,28.3400,55
44880948072767,12:28:00.948,28.3400,30
44880948072767,12:28:00.948,28.3400,25
44880948193396,12:28:00.948,28.3400,55
44880948223662,12:28:00.948,28.3400,55
44880948397635,12:28:00.948,28.3400,30
44880948522726,12:28:00.948,28.3400,35
44880948522726,12:28:00.948,28.3400,200
44880948543933,12:28:00.948,28.3400,100
44881009164960,12:28:01.009,28.3500,26
44893464548439,12:28:13.464,28.3300,100
44893464548439,12:28:13.464,28.3300,100
44893464548439,12:28:13.464,28.3300,34
44893464555335,12:28:13.464,28.3200,88
44893464579883,12:28:13.464,28.3200,12
44893464579883,12:28:13.464,28.3200,84
44893464608317,12:28:13.464,28.3200,16
44920876502334,12:28:40.876,28.3200,100
45074407798780,12:31:14.407,28.3100,100
45074407798780,12:31:14.407,28.3100,100
45074408000193,12:31:14.408,28.3100,100
45074408042229,12:31:14.408,28.3100,34
45074408042229,12:31:14.408,28.3100,38
45074408054266,12:31:14.408,28.3100,62
45074408054266,12:31:14.408,28.3100,67
45074408109895,12:31:14.408,28.3100,33
45121629621671,12:32:01.629,28.2800,71
45121629683200,12:32:01.629,28.2800,29
45121629683200,12:32:01.629,28.2800,71
45121629702318,12:32:01.629,28.2800,29
45121632408134,12:32:01.632,28.2700,100
45140366434593,12:32:20.366,28.2700,100
45140366434593,12:32:20.366,28.2700,100
45140366861805,12:32:20.366,28.2700,36
45140366861805,12:32:20.366,28.2700,100
45140366957273,12:32:20.366,28.2700,100
45140367052736,12:32:20.367,28.2700,100
45140368561151,12:32:20.368,28.2600,100
45140370739324,12:32:20.370,28.2600,30
45140435869855,12:32:20.435,28.2600,67
45140436099943,12:32:20.436,28.2600,3
45140436309955,12:32:20.436,28.2600,100
45140436736001,12:32:20.436,28.2500,100
45140436736001,12:32:20.436,28.2500,100
45140437047112,12:32:20.437,28.2500,99
45140437049032,12:32:20.437,28.2500,101
45140470558427,12:32:20.470,28.2500,95
45140506015159,12:32:20.506,28.2500,5
45140506601745,12:32:20.506,28.2600,33
45140527399165,12:32:20.527,28.2600,23
45140539664153,12:32:20.539,28.2600,38
45140555597037,12:32:20.555,28.2600,6
45141208525237,12:32:21.208,28.2700,100
45141208525237,12:32:21.208,28.2700,100
45157756552131,12:32:37.756,28.2700,200
45163593133786,12:32:43.593,28.2500,100
45163593133786,12:32:43.593,28.2500,100
45163594535891,12:32:43.594,28.2500,100
45163629742445,12:32:43.629,28.2500,50
45163630987240,12:32:43.630,28.2400,100
45163650280080,12:32:43.650,28.2200,50
45163668551246,12:32:43.668,28.2400,47
45163685562862,12:32:43.685,28.2400,42
45163705235186,12:32:43.705,28.2400,11
45163705235186,12:32:43.705,28.2500,22
45164594108110,12:32:44.594,28.2500,28
45164594108110,12:32:44.594,28.2500,72
45175288389352,12:32:55.288,28.2000,100
45218506998017,12:33:38.506,28.2000,15
45218506998017,12:33:38.506,28.2000,85
45277291966487,12:34:37.291,28.2100,100
45277291966487,12:34:37.291,28.2100,100
45357210086671,12:35:57.210,28.2400,1
45357210086671,12:35:57.210,28.2400,99
45357210530896,12:35:57.210,28.2400,100
45357217248843,12:35:57.217,28.2500,38
45357217248843,12:35:57.217,28.2500,100
45357221255501,12:35:57.221,28.2500,39
45357322526754,12:35:57.322,28.2600,100
45357441168743,12:35:57.441,28.2900,12
45368619166551,12:36:08.619,28.2700,100
45369216628045,12:36:09.216,28.2700,100
45371220424899,12:36:11.220,28.2800,100
45446419811071,12:37:26.419,28.2500,100
45446419811071,12:37:26.419,28.2500,67
45446419850001,12:37:26.419,28.2500,33
45446419850001,12:37:26.419,28.2500,67
45446420355673,12:37:26.420,28.2500,13
45446463993557,12:37:26.463,28.2800,7
45446496243104,12:37:26.496,28.2800,2
45450235281110,12:37:30.235,28.2800,15
45450242923736,12:37:30.242,28.2800,3
45462422473674,12:37:42.422,28.2800,31
45462428674173,12:37:42.428,28.2750,8
45462448878469,12:37:42.448,28.2750,1
45474999018891,12:37:54.999,28.2800,69
45474999018891,12:37:54.999,28.2800,100
45474999018891,12:37:54.999,28.2800,2
45475005656202,12:37:55.005,28.2900,88
45475005656202,12:37:55.005,28.2900,200
45475005656202,12:37:55.005,28.2900,38
45475005891898,12:37:55.005,28.2900,100
45475005891898,12:37:55.005,28.2900,54
45475005895220,12:37:55.005,28.2900,46
45475026042404,12:37:55.026,28.3000,100
45475026042404,12:37:55.026,28.3000,100
45475067869336,12:37:55.067,28.3100,97
45475091020985,12:37:55.091,28.3100,3
45475126143921,12:37:55.126,28.3200,100
45475145923833,12:37:55.145,28.3300,37
45492625978724,12:38:12.625,28.3400,100
45554677955980,12:39:14.677,28.3200,100
45554677955980,12:39:14.677,28.3200,100
45554677955980,12:39:14.677,28.3200,37
45564925536219,12:39:24.925,28.3200,63
45564925536219,12:39:24.925,28.3200,37
45644112673712,12:40:44.112,28.3200,63
45644112673712,12:40:44.112,28.3200,100
45644112673712,12:40:44.112,28.3200,100
45644112673712,12:40:44.112,28.3200,32
45644112673712,12:40:44.112,28.3200,100
45644112673712,12:40:44.112,28.3200,26
45644112724548,12:40:44.112,28.3200,43
45644112933069,12:40:44.112,28.3100,42
45644112934459,12:40:44.112,28.3100,58
45644113722677,12:40:44.113,28.3000,92
45644114156319,12:40:44.114,28.3000,8
45644114493002,12:40:44.114,28.3000,100
45644118879655,12:40:44.118,28.2900,157
45644129270602,12:40:44.129,28.2900,142
45644129301682,12:40:44.129,28.2900,52
45644129349236,12:40:44.129,28.2900,49
45644196456190,12:40:44.196,28.3200,30
45644216805082,12:40:44.216,28.3200,4
45644244197252,12:40:44.244,28.3200,3
45644280502946,12:40:44.280,28.3200,6
45644289062146,12:40:44.289,28.3200,1
45671434705793,12:41:11.434,28.3200,100
45671500618863,12:41:11.500,28.3300,75
45671500641092,12:41:11.500,28.3300,5
45671500650692,12:41:11.500,28.3300,20
45671538744856,12:41:11.538,28.3500,51
45732460723073,12:42:12.460,28.3200,54
45732460920045,12:42:12.460,28.3200,46
45732460920045,12:42:12.460,28.3200,54
45732462227899,12:42:12.462,28.3200,46
45732462227899,12:42:12.462,28.3200,5
45732462232783,12:42:12.462,28.3200,27
45732462232783,12:42:12.462,28.3200,25
45732462259738,12:42:12.462,28.3200,51
45732462958131,12:42:12.462,28.3200,24
45732463004056,12:42:12.463,28.3200,78
45732468499874,12:42:12.468,28.3200,97
45732469343328,12:42:12.469,28.3000,100
45752981509193,12:42:32.981,28.3200,57
45752981515467,12:42:32.981,28.3200,7
45752992532117,12:42:32.992,28.3300,62
45753008397495,12:42:33.008,28.3300,38
45753031795040,12:42:33.031,28.3300,34
45753083472584,12:42:33.083,28.3300,20
45753112038869,12:42:33.112,28.3300,3
45753117737708,12:42:33.117,28.3300,1
45758826159077,12:42:38.826,28.3300,64
45758838891922,12:42:38.838,28.3300,2
45761310757015,12:42:41.310,28.3300,15
45761317893880,12:42:41.317,28.3300,2
45761354834641,12:42:41.354,28.3300,1
45779842553340,12:42:59.842,28.3100,100
45779842586141,12:42:59.842,28.3100,35
45779842588839,12:42:59.842,28.3100,65
45779842588839,12:42:59.842,28.3100,41
45779842597947,12:42:59.842,28.3000,15
45779842600555,12:42:59.842,28.3000,51
45779843432993,12:42:59.843,28.3000,34
45779844098610,12:42:59.844,28.3000,99
45783839100913,12:43:03.839,28.2900,100
45783839537909,12:43:03.839,28.2900,100
45783839955584,12:43:03.839,28.2800,29
45783840374648,12:43:03.840,28.2800,100
45783840374648,12:43:03.840,28.2800,1
45783840713957,12:43:03.840,28.2800,100
45824699838097,12:43:44.699,28.3000,100
45836587449122,12:43:56.587,28.3100,100
45869568646931,12:44:29.568,28.2800,100
45869568694247,12:44:29.568,28.2800,100
45869568730348,12:44:29.568,28.2800,32
45869568730348,12:44:29.568,28.2800,89
45869569877672,12:44:29.569,28.2700,10
45869569877672,12:44:29.569,28.2700,100
45915791014517,12:45:15.791,28.2900,100
45917191231391,12:45:17.191,28.2700,100
45928851427502,12:45:28.851,28.2500,100
45928851949172,12:45:28.851,28.2500,100
45928851949172,12:45:28.851,28.2500,100
45928927856506,12:45:28.927,28.2500,83
45928930048141,12:45:28.930,28.2400,50
45967303771798,12:46:07.303,28.2400,49
45973332808014,12:46:13.332,28.2400,51
45973332808014,12:46:13.332,28.2400,31
46036659110275,12:47:16.659,28.2700,100
46036659110275,12:47:16.659,28.2700,200
46036659422107,12:47:16.659,28.2700,100
46045687631929,12:47:25.687,28.2800,46
46063189455075,12:47:43.189,28.2650,100
46134199191700,12:48:54.199,28.2700,100
46134199890418,12:48:54.199,28.2650,100
46149834225826,12:49:09.834,28.2500,100
46190663508189,12:49:50.663,28.2500,32
46190663508189,12:49:50.663,28.2500,68
46222473914058,12:50:22.473,28.2500,32
46222473914058,12:50:22.473,28.2500,55
46261426383950,12:51:01.426,28.2700,100
46261427331458,12:51:01.427,28.2700,16
46261440246055,12:51:01.440,28.2700,100
46261447439060,12:51:01.447,28.2800,98
46261504374770,12:51:01.504,28.2800,56
46261504374770,12:51:01.504,28.2800,41
46261505039229,12:51:01.505,28.2800,100
46261506572960,12:51:01.506,28.2800,5
46261520367838,12:51:01.520,28.2900,100
46261557987427,12:51:01.557,28.2900,9
46261595990435,12:51:01.595,28.2900,91
46261595990435,12:51:01.595,28.2900,6
46261628856630,12:51:01.628,28.2900,18
46262054306404,12:51:02.054,28.2900,76
46262054306404,12:51:02.054,28.2900,24
46262055705944,12:51:02.055,28.2900,76
46317542280175,12:51:57.542,28.2700,100
46317542280175,12:51:57.542,28.2700,100
46317543505068,12:51:57.543,28.2600,100
46317550287393,12:51:57.550,28.2500,100
46317550287393,12:51:57.550,28.2500,4
46317554345094,12:51:57.554,28.2800,15
46317577666146,12:51:57.577,28.2800,22
46317590525387,12:51:57.590,28.2800,63
46317590525387,12:51:57.590,28.2800,2
46317616818653,12:51:57.616,28.2800,59
46317634057037,12:51:57.634,28.2800,12
46357737497873,12:52:37.737,28.2600,100
46357737497873,12:52:37.737,28.2500,100
46359286202700,12:52:39.286,28.2500,92
46400602073922,12:53:20.602,28.2500,8
46400602073922,12:53:20.602,28.2500,63
46400602073922,12:53:20.602,28.2500,32
46400602073922,12:53:20.602,28.2500,100
46400602073922,12:53:20.602,28.2500,77
46400613045136,12:53:20.613,28.2700,1
46401836135266,12:53:21.836,28.2500,23
46401836135266,12:53:21.836,28.2500,77
46406333154054,12:53:26.333,28.2500,23
46406333154054,12:53:26.333,28.2500,17
46406336177809,12:53:26.336,28.2500,83
46406336177809,12:53:26.336,28.2500,17
46419273172448,12:53:39.273,28.2800,100
46422272722115,12:53:42.272,28.2800,100
46432517046202,12:53:52.517,28.2600,100
46458163044100,12:54:18.163,28.2800,100
46510657141712,12:55:10.657,28.2600,200
46510657629237,12:55:10.657,28.2600,100
46510728125080,12:55:10.728,28.2800,1
46531767688036,12:55:31.767,28.2600,5
46531767819897,12:55:31.767,28.2500,83
46531767819897,12:55:31.767,28.2500,64
46531767827066,12:55:31.767,28.2500,36
46531767827066,12:55:31.767,28.2500,15
46531767956327,12:55:31.767,28.2500,18
46531769476117,12:55:31.769,28.2500,70
46531775450365,12:55:31.775,28.2600,63
46531799783212,12:55:31.799,28.2600,29
46531815743394,12:55:31.815,28.2600,8
46531816331460,12:55:31.816,28.2700,21
46533220871024,12:55:33.220,28.2800,30
46533228948597,12:55:33.228,28.2800,4
46533249951468,12:55:33.249,28.2800,1
46568895990024,12:56:08.895,28.2800,65
46568895990024,12:56:08.895,28.2800,35
46568896410855,12:56:08.896,28.2800,30
46568897424341,12:56:08.897,28.2800,100
46569013552232,12:56:09.013,28.2900,10
46570291876613,12:56:10.291,28.2900,3
46577815350315,12:56:17.815,28.2900,100
46577816678723,12:56:17.816,28.3000,200
46577816678723,12:56:17.816,28.3000,18
46577877709341,12:56:17.877,28.3100,97
46577881059720,12:56:17.881,28.3100,3
46577881059720,12:56:17.881,28.3100,27
46577882461246,12:56:17.882,28.3100,100
46577916163232,12:56:17.916,28.3100,3
46577919286388,12:56:17.919,28.3100,70
46577956607544,12:56:17.956,28.3200,3
46577956635269,12:56:17.956,28.3200,97
46577956635269,12:56:17.956,28.3200,3
46577980567110,12:56:17.980,28.3300,17
46688494814368,12:58:08.494,28.3200,100
46688494814368,12:58:08.494,28.3200,100
46688494814368,12:58:08.494,28.3200,100
46688494814368,12:58:08.494,28.3200,36
46688494814368,12:58:08.494,28.3200,13
46688494864224,12:58:08.494,28.3200,100
46688495054970,12:58:08.495,28.3200,87
46688495054970,12:58:08.495,28.3200,32
46688495054970,12:58:08.495,28.3200,8
46688495058190,12:58:08.495,28.3200,51
46688495264136,12:58:08.495,28.3200,6
46688495280436,12:58:08.495,28.3200,35
46688495280436,12:58:08.495,28.3200,16
46688495437226,12:58:08.495,28.3200,84
46688495437226,12:58:08.495,28.3100,13
46688496271379,12:58:08.496,28.3200,100
46688498158143,12:58:08.498,28.3400,15
46747646370127,12:59:07.646,28.3100,87
46747646370127,12:59:07.646,28.3100,13
46747646456122,12:59:07.646,28.3100,87
46747646456122,12:59:07.646,28.3100,12
46747646505694,12:59:07.646,28.3100,88
46747648030211,12:59:07.648,28.3100,15
46817921846146,13:00:17.921,28.2900,100
46817921951571,13:00:17.921,28.2900,100
46817921951571,13:00:17.921,28.2900,31
46817922008972,13:00:17.922,28.2900,27
46817924126686,13:00:17.924,28.2800,100
46835168101065,13:00:35.168,28.3000,100
46835174668721,13:00:35.174,28.3100,30
46835182162050,13:00:35.182,28.3100,4
46835215215999,13:00:35.215,28.3100,1
46865195353874,13:01:05.195,28.2700,100
46874823535093,13:01:14.823,28.2600,100
46893609475470,13:01:33.609,28.2700,100
46893609550454,13:01:33.609,28.2700,100
46893609688073,13:01:33.609,28.2700,100
46893609688073,13:01:33.609,28.2700,100
46893609688073,13:01:33.609,28.2600,100
46893609688073,13:01:33.609,28.2600,100
46893617998844,13:01:33.617,28.2700,98
46893660280773,13:01:33.660,28.2700,2
46893660280773,13:01:33.660,28.2700,42
46893696115785,13:01:33.696,28.2700,37
46893716069330,13:01:33.716,28.2700,3
46905624562393,13:01:45.624,28.2500,30
46905624562393,13:01:45.624,28.2500,70
46908260673956,13:01:48.260,28.2500,30
46908260673956,13:01:48.260,28.2500,70
46926205558358,13:02:06.205,28.2600,200
46926205558358,13:02:06.205,28.2600,100
46926205618950,13:02:06.205,28.2600,10
46926205618950,13:02:06.205,28.2600,90
46926205678893,13:02:06.205,28.2600,100
46926205770636,13:02:06.205,28.2600,2
46926205771189,13:02:06.205,28.2600,95
46926205776088,13:02:06.205,28.2600,3
46926205776088,13:02:06.205,28.2600,97
46926205862234,13:02:06.205,28.2600,2
46926205913603,13:02:06.205,28.2600,111
46926209309024,13:02:06.209,28.2500,30
46926209309024,13:02:06.209,28.2500,70
46926212566531,13:02:06.212,28.2600,24
46926256783146,13:02:06.256,28.2700,24
46926296180403,13:02:06.296,28.2700,73
46926352311276,13:02:06.352,28.2700,3
46940995235896,13:02:20.995,28.2800,100
46954817286594,13:02:34.817,28.2900,54
46954817348379,13:02:34.817,28.2750,100
47019635494093,13:03:39.635,28.2750,100
47041445476339,13:04:01.445,28.2800,100
47043438576372,13:04:03.438,28.2600,34
47043438576372,13:04:03.438,28.2600,100
47043438576372,13:04:03.438,28.2600,32
47043438719830,13:04:03.438,28.2600,40
47043442360785,13:04:03.442,28.2500,30
47043442360785,13:04:03.442,28.2500,70
47043484461968,13:04:03.484,28.2800,22
47058303723535,13:04:18.303,28.2800,1
47113448158589,13:05:13.448,28.2900,2
47148157066047,13:05:48.157,28.2900,5
47162445799574,13:06:02.445,28.2900,3
47162571963488,13:06:02.571,28.2900,15
47162572025290,13:06:02.572,28.2900,75
47162572025290,13:06:02.572,28.2900,8
47176819094272,13:06:16.819,28.2700,100
47176819094272,13:06:16.819,28.2700,33
47176819094272,13:06:16.819,28.2700,100
47176820670861,13:06:16.820,28.2700,72
47176820899001,13:06:16.820,28.2700,28
47176882767173,13:06:16.882,28.2900,6
47176921217641,13:06:16.921,28.2900,1
47229629374371,13:07:09.629,28.2600,33
47229629379614,13:07:09.629,28.2600,47
47229629389634,13:07:09.629,28.2600,20
47229629389634,13:07:09.629,28.2600,100
47229629389634,13:07:09.629,28.2600,1
47229629390748,13:07:09.629,28.2600,48
47229629534623,13:07:09.629,28.2600,20
47229637294639,13:07:09.637,28.2800,52
47229641994982,13:07:09.641,28.2800,3
47229665021289,13:07:09.665,28.2800,8
47229691322731,13:07:09.691,28.2800,2
47263260368679,13:07:43.260,28.2600,2
47263260368679,13:07:43.260,28.2600,98
47284821731649,13:08:04.821,28.2600,90
47284828936176,13:08:04.828,28.2600,31
47284849095715,13:08:04.849,28.2600,4
47284878656288,13:08:04.878,28.2600,1
47285002305808,13:08:05.002,28.2700,2
47308419729519,13:08:28.419,28.2500,100
47308419787631,13:08:28.419,28.2500,100
47308419863596,13:08:28.419,28.2500,100
47308427411228,13:08:28.427,28.2600,60
47308429004585,13:08:28.429,28.2600,21
47308452466548,13:08:28.452,28.2600,19
47308452943258,13:08:28.452,28.2600,41
47308452950717,13:08:28.452,28.2600,48
47308475822569,13:08:28.475,28.2700,17
47346574617536,13:09:06.574,28.2600,100
47376655331995,13:09:36.655,28.2700,100
47376655331995,13:09:36.655,28.2700,300
47376933541877,13:09:36.933,28.2800,3
47380260234450,13:09:40.260,28.2600,100
47380260234450,13:09:40.260,28.2600,30
47380260234450,13:09:40.260,28.2600,70
47380260666645,13:09:40.260,28.2650,100
47380261320879,13:09:40.261,28.2650,200
47380262891151,13:09:40.262,28.2650,90
47380271866073,13:09:40.271,28.2650,9
47380301180053,13:09:40.301,28.2650,99
47380314446506,13:09:40.314,28.2650,100
47380325086730,13:09:40.325,28.2650,2
47380329466462,13:09:40.329,28.2650,30
47380354399338,13:09:40.354,28.2650,5
47380368489728,13:09:40.368,28.2650,105
47380369082528,13:09:40.369,28.2650,100
47380380439402,13:09:40.380,28.2650,91
47380381457131,13:09:40.381,28.2650,100
47380387708686,13:09:40.387,28.2650,8
47380399452014,13:09:40.399,28.2650,21
47380433387705,13:09:40.433,28.2650,15
47380453739786,13:09:40.453,28.2650,3
47392733316665,13:09:52.733,28.2600,100
47392733394036,13:09:52.733,28.2600,100
47392733490965,13:09:52.733,28.2600,100
47392734519496,13:09:52.734,28.2500,100
47392734519496,13:09:52.734,28.2500,100
47392741539839,13:09:52.741,28.2600,100
47392782162903,13:09:52.782,28.2600,25
47392804115726,13:09:52.804,28.2600,21
47392823638592,13:09:52.823,28.2600,3
47413590262535,13:10:13.590,28.2600,100
47413590348730,13:10:13.590,28.2600,100
47413602063719,13:10:13.602,28.2700,19
47413604403920,13:10:13.604,28.2700,4
47413626855566,13:10:13.626,28.2700,3
47413663251796,13:10:13.663,28.2700,1
47413842062555,13:10:13.842,28.2600,100
47413846036091,13:10:13.846,28.2500,100
47413846036091,13:10:13.846,28.2500,100
47413884628560,13:10:13.884,28.2700,6
47413921859655,13:10:13.921,28.2700,1
47413934958280,13:10:13.934,28.2700,1
47440648427605,13:10:40.648,28.2600,100
47444037224504,13:10:44.037,28.2500,100
47444037302422,13:10:44.037,28.2500,33
47444037302422,13:10:44.037,28.2500,99
47444037357204,13:10:44.037,28.2500,1
47444037357204,13:10:44.037,28.2500,99
47444038355590,13:10:44.038,28.2500,1
47444038355590,13:10:44.038,28.2500,48
47444038446079,13:10:44.038,28.2500,52
47444038446079,13:10:44.038,28.2500,100
47444038446079,13:10:44.038,28.2500,500
47444093913603,13:10:44.093,28.2700,5
47444109446579,13:10:44.109,28.2700,3
47444132051121,13:10:44.132,28.2700,3
47444146785551,13:10:44.146,28.2700,15
47444161257890,13:10:44.161,28.2700,15
47444178353636,13:10:44.178,28.2700,12
47481806616382,13:11:21.806,28.2500,45
47481806616382,13:11:21.806,28.2500,69
47481824519351,13:11:21.824,28.2600,4
47488925796789,13:11:28.925,28.2700,5
47488944297183,13:11:28.944,28.2700,1
47492848145929,13:11:32.848,28.2500,31
47492848145929,13:11:32.848,28.2500,100
47492851747511,13:11:32.851,28.2400,100
47512952722028,13:11:52.952,28.2400,100
47512953313098,13:11:52.953,28.2500,100
47512961131413,13:11:52.961,28.2500,100
47543444615875,13:12:23.444,28.2500,200
47543444615875,13:12:23.444,28.2500,200
47543444615875,13:12:23.444,28.2500,27
47543444694537,13:12:23.444,28.2500,100
47543444960015,13:12:23.444,28.2500,73
47543445682472,13:12:23.445,28.2600,100
47543445682472,13:12:23.445,28.2600,100
47543449523533,13:12:23.449,28.2600,100
47543449523533,13:12:23.449,28.2600,100
47543469139992,13:12:23.469,28.2800,94
47543490433093,13:12:23.490,28.2800,3
47543505555726,13:12:23.505,28.2800,94
47543505790294,13:12:23.505,28.2800,91
47543505792793,13:12:23.505,28.2800,15
47543521330285,13:12:23.521,28.2900,110
47543521330285,13:12:23.521,28.2900,100
47543533020755,13:12:23.533,28.3000,100
47543533020755,13:12:23.533,28.3000,100
47603962513074,13:13:23.962,28.3200,100
47603962906087,13:13:23.962,28.3100,100
47603969864705,13:13:23.969,28.3200,60
47603976587438,13:13:23.976,28.3000,100
47603977770484,13:13:23.977,28.3100,63
47603977995547,13:13:23.977,28.3100,37
47606390652817,13:13:26.390,28.3000,51
47606391824323,13:13:26.391,28.2950,173
47606398315343,13:13:26.398,28.2950,3
47606404029403,13:13:26.404,28.2950,1
47619922778196,13:13:39.922,28.2950,100
47625859614352,13:13:45.859,28.2950,100
47625868575958,13:13:45.868,28.3000,16
47625868632591,13:13:45.868,28.3000,84
47679849751837,13:14:39.849,28.3100,100
47699452539745,13:14:59.452,28.3150,100
47761407009386,13:16:01.407,28.3100,13
47766056887459,13:16:06.056,28.3100,61
47766056887459,13:16:06.056,28.3200,39
47799220497597,13:16:39.220,28.3200,161
47799220497597,13:16:39.220,28.3300,100
47799220497597,13:16:39.220,28.3300,39
47799221322804,13:16:39.221,28.3300,161
47799221322804,13:16:39.221,28.3300,39
47799975165029,13:16:39.975,28.3400,47
47802519120691,13:16:42.519,28.3200,100
47802519120691,13:16:42.519,28.3200,43
47802519120691,13:16:42.519,28.3200,57
47887511356258,13:18:07.511,28.3200,43
47887511356258,13:18:07.511,28.3200,57
47887511364024,13:18:07.511,28.3200,43
47887511364024,13:18:07.511,28.3200,48
47887511371852,13:18:07.511,28.3200,52
47887511371852,13:18:07.511,28.3200,43
47887511537123,13:18:07.511,28.3200,20
47887511795235,13:18:07.511,28.3200,37
47887511795235,13:18:07.511,28.3200,100
47887511795235,13:18:07.511,28.3200,6
47887511816714,13:18:07.511,28.3200,25
47887511816714,13:18:07.511,28.3200,22
47887511869554,13:18:07.511,28.3200,78
47888511936741,13:18:08.511,28.3200,22
47888512007443,13:18:08.512,28.3200,78
47900974195392,13:18:20.974,28.3200,100
47933745766671,13:18:53.745,28.3250,200
47933832983514,13:18:53.832,28.3250,91
47933832990475,13:18:53.832,28.3250,9
47933833345057,13:18:53.833,28.3300,100
47933834373405,13:18:53.834,28.3300,14
47933834428707,13:18:53.834,28.3300,86
47933834484417,13:18:53.834,28.3300,14
47941032703770,13:19:01.032,28.3400,53
47941034220733,13:19:01.034,28.3300,100
47999665100805,13:19:59.665,28.3200,100
48045847408687,13:20:45.847,28.3200,56
48045847443045,13:20:45.847,28.3200,44
48045847443045,13:20:45.847,28.3200,3
48045847450404,13:20:45.847,28.3200,32
48045847450404,13:20:45.847,28.3200,65
48045859127520,13:20:45.859,28.3200,100
48045859139910,13:20:45.859,28.3200,62
48072060711753,13:21:12.060,28.3200,100
48072060711753,13:21:12.060,28.3200,100
48145477368191,13:22:25.477,28.3100,100
48145477368191,13:22:25.477,28.3100,4
48145477368191,13:22:25.477,28.3100,100
48145477368191,13:22:25.477,28.3100,100
48145477368191,13:22:25.477,28.3100,96
48145477532046,13:22:25.477,28.3100,4
48145477532046,13:22:25.477,28.3100,60
48145477532046,13:22:25.477,28.3100,31
48145478567547,13:22:25.478,28.3000,100
48145478567547,13:22:25.478,28.3000,100
48145478567547,13:22:25.478,28.3000,100
48145478567547,13:22:25.478,28.3000,100
48155633231313,13:22:35.633,28.3000,100
48159377190035,13:22:39.377,28.2900,100
48159377986125,13:22:39.377,28.2800,100
48159377986125,13:22:39.377,28.2800,100
48159447096927,13:22:39.447,28.2900,100
48257158242268,13:24:17.158,28.2700,100
48257158642460,13:24:17.158,28.2600,100
48292316102085,13:24:52.316,28.2600,100
48308326661388,13:25:08.326,28.2600,100
48309778021410,13:25:09.778,28.2650,200
48345824276507,13:25:45.824,28.2500,100
48345824276507,13:25:45.824,28.2500,59
48414803991394,13:26:54.803,28.2500,45
48416603218092,13:26:56.603,28.2600,100
48416604258448,13:26:56.604,28.2700,100
48420860611605,13:27:00.860,28.2750,200
48420860682815,13:27:00.860,28.2800,39
48420860698124,13:27:00.860,28.2800,48
48420861035839,13:27:00.861,28.2800,13
48420861035839,13:27:00.861,28.2800,87
48420861068899,13:27:00.861,28.2800,13
48420861068899,13:27:00.861,28.2800,100
48420861068899,13:27:00.861,28.2800,100
48420861068899,13:27:00.861,28.2800,100
48420861208442,13:27:00.861,28.2800,100
48420861258715,13:27:00.861,28.2800,100
48420861258715,13:27:00.861,28.2800,100
48421185270847,13:27:01.185,28.2800,200
48425342148499,13:27:05.342,28.2900,200
48425342148499,13:27:05.342,28.2900,100
48485191409260,13:28:05.191,28.2900,100
48549346433630,13:29:09.346,28.2800,100
48549346433630,13:29:09.346,28.2800,100
48549346433630,13:29:09.346,28.2800,1
48549346433630,13:29:09.346,28.2800,34
48549346433630,13:29:09.346,28.2800,84
48549346478943,13:29:09.346,28.2800,100
48549346670461,13:29:09.346,28.2800,16
48549346670461,13:29:09.346,28.2800,100
48549346981694,13:29:09.346,28.2700,70
48549349312611,13:29:09.349,28.2700,30
48549349312611,13:29:09.349,28.2700,100
48549349312611,13:29:09.349,28.2700,100
48595126233169,13:29:55.126,28.2200,100
48595126581711,13:29:55.126,28.2400,100
48595626688849,13:29:55.626,28.2100,1
48595626688849,13:29:55.626,28.2100,4
48604839951324,13:30:04.839,28.2000,10
48604839951324,13:30:04.839,28.2000,90
48604839951324,13:30:04.839,28.2000,33
48604840516373,13:30:04.840,28.1900,400
48606745142807,13:30:06.745,28.2300,100
48606745142807,13:30:06.745,28.2300,100
48611462890821,13:30:11.462,28.2500,4
48636235550012,13:30:36.235,28.2500,22
48636235810803,13:30:36.235,28.2500,78
48636235810803,13:30:36.235,28.2500,22
48636235867561,13:30:36.235,28.2500,78
48636235867561,13:30:36.235,28.2500,22
48636236259892,13:30:36.236,28.2500,78
48636236259892,13:30:36.236,28.2500,100
48636236259892,13:30:36.236,28.2500,100
48636236291568,13:30:36.236,28.2500,100
48636236304031,13:30:36.236,28.2500,100
48636236324069,13:30:36.236,28.2500,100
48636236324069,13:30:36.236,28.2500,100
48636236367959,13:30:36.236,28.2500,100
48636236435126,13:30:36.236,28.2500,100
48650742665434,13:30:50.742,28.2900,100
48650742809163,13:30:50.742,28.2900,100
48740184581640,13:32:20.184,28.2800,130
48740184581640,13:32:20.184,28.2800,49
48740184641653,13:32:20.184,28.2800,21
48740184816374,13:32:20.184,28.2800,30
48740184816374,13:32:20.184,28.2800,100
48740184816374,13:32:20.184,28.2800,32
48743644587709,13:32:23.644,28.2600,48
48758617220059,13:32:38.617,28.2400,14
48831009333591,13:33:51.009,28.2400,100
48846431187126,13:34:06.431,28.2400,100
48856333598361,13:34:16.333,28.2800,1
48885560471200,13:34:45.560,28.2400,100
48953027346893,13:35:53.027,28.2400,100
48953027839257,13:35:53.027,28.2400,64
48971002478082,13:36:11.002,28.2500,4
48971002547718,13:36:11.002,28.2500,177
48971002620055,13:36:11.002,28.2500,119
48976223069166,13:36:16.223,28.2500,44
49057613848938,13:37:37.613,28.2500,56
49057613889578,13:37:37.613,28.2400,36
49057613889578,13:37:37.613,28.2400,33
49061432378776,13:37:41.432,28.2700,67
49070422428983,13:37:50.422,28.2600,100
49131592708594,13:38:51.592,28.2400,100
49171706767936,13:39:31.706,28.2400,100
49171706861621,13:39:31.706,28.2400,100
49171706861621,13:39:31.706,28.2400,100
49171706861621,13:39:31.706,28.2400,12
49171706922924,13:39:31.706,28.2400,46
49181060577041,13:39:41.060,28.2300,100
49181430270689,13:39:41.430,28.2500,100
49186606142656,13:39:46.606,28.2400,8
49214818709940,13:40:14.818,28.2400,92
49214818709940,13:40:14.818,28.2300,8
49214831948282,13:40:14.831,28.2400,200
49214835445555,13:40:14.835,28.2400,100
49214835445555,13:40:14.835,28.2400,100
49237260126449,13:40:37.260,28.2400,100
49256953707758,13:40:56.953,28.2400,100
49293276838807,13:41:33.276,28.2300,3
49293276838807,13:41:33.276,28.2200,97
49293289300583,13:41:33.289,28.2400,100
49293289537620,13:41:33.289,28.2400,100
49293289636570,13:41:33.289,28.2400,100
49298292317914,13:41:38.292,28.2400,100
49335403549620,13:42:15.403,28.2400,100
49335403619349,13:42:15.403,28.2400,100
49335403619349,13:42:15.403,28.2400,35
49367231878149,13:42:47.231,28.2300,1
49367231878149,13:42:47.231,28.2300,100
49369236699884,13:42:49.236,28.2300,100
49369236699884,13:42:49.236,28.2300,100
49369239611990,13:42:49.239,28.2200,3
49373517091628,13:42:53.517,28.2100,100
49379489005818,13:42:59.489,28.2000,10
49379489005818,13:42:59.489,28.2000,100
49379489005818,13:42:59.489,28.2000,100
49442840341817,13:44:02.840,28.1800,20
49442840341817,13:44:02.840,28.1800,80
49442844751913,13:44:02.844,28.1800,20
49442844751913,13:44:02.844,28.1800,100
49442844751913,13:44:02.844,28.1800,26
49450724679684,13:44:10.724,28.1800,100
49450737696171,13:44:10.737,28.1700,1
49450737696171,13:44:10.737,28.1700,99
49450737696171,13:44:10.737,28.1700,100
49450756470131,13:44:10.756,28.1700,100
49450786214544,13:44:10.786,28.1700,100
49450786779598,13:44:10.786,28.1600,100
49458811161814,13:44:18.811,28.1600,15
49458811161814,13:44:18.811,28.1600,15
49458811161814,13:44:18.811,28.1600,70
49488714232298,13:44:48.714,28.1800,100
49488714308914,13:44:48.714,28.1800,100
49488714308914,13:44:48.714,28.1800,100
49488714308914,13:44:48.714,28.1800,100
49488714308914,13:44:48.714,28.1800,100
49488714412422,13:44:48.714,28.1800,100
49488714815753,13:44:48.714,28.1800,100
49488714868221,13:44:48.714,28.1800,100
49488714963649,13:44:48.714,28.1800,100
49488717862110,13:44:48.717,28.1800,200
49500360030110,13:45:00.360,28.1800,16
49500360063298,13:45:00.360,28.1800,14
49663926773605,13:47:43.926,28.1900,61
49663926871313,13:47:43.926,28.1900,100
49663926877735,13:47:43.926,28.1900,39
49663926877735,13:47:43.926,28.1900,800
49663927368165,13:47:43.927,28.2000,20
49663927454871,13:47:43.927,28.2000,80
49663927454871,13:47:43.927,28.2000,20
49663928451665,13:47:43.928,28.2000,180
49663928650223,13:47:43.928,28.2000,100
49663932110994,13:47:43.932,28.2000,100
49670743110806,13:47:50.743,28.2100,100
49670743110806,13:47:50.743,28.2100,200
49670743110806,13:47:50.743,28.2100,100
49670748525205,13:47:50.748,28.2000,100
49670755679671,13:47:50.755,28.2100,85
49681381019743,13:48:01.381,28.2000,64
49681381323662,13:48:01.381,28.2000,36
49681381323662,13:48:01.381,28.2000,89
49681381760186,13:48:01.381,28.2000,11
49688081566145,13:48:08.081,28.2000,60
49714027572752,13:48:34.027,28.2000,44
49812928610085,13:50:12.928,28.2200,100
49812928610085,13:50:12.928,28.2200,100
49812928610085,13:50:12.928,28.2200,100
49812928676006,13:50:12.928,28.2200,100
49812928684774,13:50:12.928,28.2200,100
49812929246426,13:50:12.929,28.2200,100
49812929619645,13:50:12.929,28.2200,53
49813490243930,13:50:13.490,28.2400,100
49813490243930,13:50:13.490,28.2400,100
49813490243930,13:50:13.490,28.2400,100
49813491415917,13:50:13.491,28.2400,100
49844176269822,13:50:44.176,28.2300,100
49844176269822,13:50:44.176,28.2300,100
49844177547076,13:50:44.177,28.2200,100
49896727644221,13:51:36.727,28.2600,6
49969955386981,13:52:49.955,28.2700,100
49969955386981,13:52:49.955,28.2700,100
49969955386981,13:52:49.955,28.2700,200
49969955386981,13:52:49.955,28.2700,100
49969959820462,13:52:49.959,28.2800,200
49969997029399,13:52:49.997,28.2800,100
49982979206057,13:53:02.979,28.2900,100
49982979410976,13:53:02.979,28.2900,100
49982981884008,13:53:02.981,28.3000,100
50058707334206,13:54:18.707,28.3100,100
50163091405145,13:56:03.091,28.3000,61
50163091413360,13:56:03.091,28.3000,39
50163091413360,13:56:03.091,28.3000,26
50163091507201,13:56:03.091,28.3000,74
50163091507201,13:56:03.091,28.3000,100
50163091507201,13:56:03.091,28.3000,100
50163091507201,13:56:03.091,28.3000,100
50171537197709,13:56:11.537,28.3400,100
50244881950467,13:57:24.881,28.3300,44
50284888479893,13:58:04.888,28.3200,100
50300887215636,13:58:20.887,28.3200,100
50407838939685,14:00:07.838,28.3400,53
50407839020358,14:00:07.839,28.3400,47
50407839020358,14:00:07.839,28.3400,53
50407839037942,14:00:07.839,28.3400,5
50407839067239,14:00:07.839,28.3400,100
50407839476526,14:00:07.839,28.3400,42
50407839476526,14:00:07.839,28.3400,39
50410060091731,14:00:10.060,28.3400,80
50410060091731,14:00:10.060,28.3400,120
50410060177154,14:00:10.060,28.3400,23
50412700619734,14:00:12.700,28.3200,100
50413706400881,14:00:13.706,28.3300,37
50413749879766,14:00:13.749,28.3300,61
50413750949720,14:00:13.750,28.3300,2
50414091660848,14:00:14.091,28.3300,100
50417137130613,14:00:17.137,28.3400,100
50417137130613,14:00:17.137,28.3400,100
50419472284774,14:00:19.472,28.3300,100
50419472284774,14:00:19.472,28.3300,15
50423324050471,14:00:23.324,28.3200,100
50423326492213,14:00:23.326,28.3200,40
50423330785477,14:00:23.330,28.3100,18
50446120706411,14:00:46.120,28.3300,100
50446120706411,14:00:46.120,28.3300,20
50446120706411,14:00:46.120,28.3300,80
50446120938263,14:00:46.120,28.3300,20
50446121578767,14:00:46.121,28.3200,3
50446797847994,14:00:46.797,28.3100,100
50446797847994,14:00:46.797,28.3100,100
50446798079620,14:00:46.798,28.3100,100
50446808123658,14:00:46.808,28.3100,100
50447624179605,14:00:47.624,28.3000,100
50471401999364,14:01:11.401,28.3100,100
50514478956193,14:01:54.478,28.3100,61
50514478969828,14:01:54.478,28.3100,39
50514479019751,14:01:54.479,28.3000,100
50514479019751,14:01:54.479,28.3000,36
50514479022576,14:01:54.479,28.3000,43
50514479046345,14:01:54.479,28.3000,21
50536474351798,14:02:16.474,28.3000,100
50536474351798,14:02:16.474,28.3000,100
50536474458593,14:02:16.474,28.3000,5
50536474582410,14:02:16.474,28.3000,32
50580558791403,14:03:00.558,28.3000,200
50625253058535,14:03:45.253,28.3300,200
50625253058535,14:03:45.253,28.3300,200
50625253552452,14:03:45.253,28.3300,100
50626020563035,14:03:46.020,28.3200,100
50642047381783,14:04:02.047,28.3200,61
50642047396884,14:04:02.047,28.3200,39
50642047396884,14:04:02.047,28.3200,38
50642047396884,14:04:02.047,28.3200,4
50642047414682,14:04:02.047,28.3200,233
50642047418321,14:04:02.047,28.3200,63
50647384590531,14:04:07.384,28.3200,100
50647388088776,14:04:07.388,28.3200,200
50650289735146,14:04:10.289,28.3100,100
50656412339354,14:04:16.412,28.3100,35
50656412339354,14:04:16.412,28.3100,400
50666022726348,14:04:26.022,28.3000,100
50701601695011,14:05:01.601,28.3200,100
50701601695011,14:05:01.601,28.3300,200
50701601695011,14:05:01.601,28.3300,100
50701601873744,14:05:01.601,28.3300,99
50701602077268,14:05:01.602,28.3300,34
50701602621210,14:05:01.602,28.3300,67
50701602621210,14:05:01.602,28.3300,133
50701602646960,14:05:01.602,28.3300,67
50701602646960,14:05:01.602,28.3300,133
50701890803142,14:05:01.890,28.3200,100
50702023269792,14:05:02.023,28.3200,10
50702023269792,14:05:02.023,28.3200,390
50702085800618,14:05:02.085,28.3200,100
50732138869033,14:05:32.138,28.3200,60
50732138875083,14:05:32.138,28.3200,41
50732138886883,14:05:32.138,28.3200,167
50732138897729,14:05:32.138,28.3200,40
50732138965404,14:05:32.138,28.3200,92
50732140033083,14:05:32.140,28.3200,100
50736001034170,14:05:36.001,28.3100,100
50736001425948,14:05:36.001,28.3100,100
50736070922454,14:05:36.070,28.3000,1
50736205184299,14:05:36.205,28.3000,6
50759256815611,14:05:59.256,28.3000,100
50760588763142,14:06:00.588,28.2900,100
50760771094469,14:06:00.771,28.3000,100
50765453421820,14:06:05.453,28.3200,100
50765453858323,14:06:05.453,28.3200,161
50765453875685,14:06:05.453,28.3200,41
50765453890711,14:06:05.453,28.3200,98
50765453890711,14:06:05.453,28.3200,41
50767386770360,14:06:07.386,28.3100,10
50782880949521,14:06:22.880,28.3100,3
50784315464210,14:06:24.315,28.3000,100
50794362779119,14:06:34.362,28.3000,100
50800201611671,14:06:40.201,28.3100,3
50818316401763,14:06:58.316,28.3100,38
50818346726695,14:06:58.346,28.3100,700
50818346764514,14:06:58.346,28.3100,59
50822837382775,14:07:02.837,28.3100,100
50832375152504,14:07:12.375,28.3200,100
50832375152504,14:07:12.375,28.3200,100
50832451509267,14:07:12.451,28.3200,100
50862566471404,14:07:42.566,28.3100,17
50862566471404,14:07:42.566,28.3100,100
50862566471404,14:07:42.566,28.3100,47
50862566515466,14:07:42.566,28.3000,100
50862566520442,14:07:42.566,28.3000,75
50862567029139,14:07:42.567,28.3000,200
50862567075934,14:07:42.567,28.3000,2
50862570638304,14:07:42.570,28.3000,100
50863096853574,14:07:43.096,28.3000,161
50863096855230,14:07:43.096,28.3000,41
50863096860413,14:07:43.096,28.3000,21
50863567741096,14:07:43.567,28.2800,100
50896353243896,14:08:16.353,28.2900,100
50922850453753,14:08:42.850,28.3000,88
50922850680270,14:08:42.850,28.3000,12
50922850680270,14:08:42.850,28.3000,12
50922850700412,14:08:42.850,28.3000,40
50922850950461,14:08:42.850,28.3000,100
50922851007156,14:08:42.851,28.3000,348
50924781659930,14:08:44.781,28.3000,100
50928442521189,14:08:48.442,28.2900,200
50928442602041,14:08:48.442,28.2900,100
50955660245760,14:09:15.660,28.2900,44
50959667512131,14:09:19.667,28.2900,156
50963356553107,14:09:23.356,28.2900,100
50964045327555,14:09:24.045,28.2900,100
50966250850493,14:09:26.250,28.2900,100
50978295022765,14:09:38.295,28.2900,200
50978295250921,14:09:38.295,28.2900,179
50978295255321,14:09:38.295,28.2900,21
50978346328062,14:09:38.346,28.2900,100
50986416288275,14:09:46.416,28.3000,100
50987901857499,14:09:47.901,28.3000,100
50987901928409,14:09:47.901,28.3000,600
50987902044168,14:09:47.902,28.3000,100
50993298516132,14:09:53.298,28.3000,100
50996678047908,14:09:56.678,28.2900,100
50997472223834,14:09:57.472,28.2900,100
51005081542901,14:10:05.081,28.2800,100
51005081542901,14:10:05.081,28.2800,100
51005081542901,14:10:05.081,28.2800,2
51005081542901,14:10:05.081,28.2800,98
51010280704595,14:10:10.280,28.2800,47
51013571958765,14:10:13.571,28.2600,6
51045500046331,14:10:45.500,28.2700,2
51045500055563,14:10:45.500,28.2700,40
51045500061410,14:10:45.500,28.2700,23
51045500069276,14:10:45.500,28.2700,35
51045501223338,14:10:45.501,28.2700,200
51045520720359,14:10:45.520,28.2600,100
51045520720359,14:10:45.520,28.2600,100
51045523452961,14:10:45.523,28.2600,100
51045523508624,14:10:45.523,28.2500,100
51045523508624,14:10:45.523,28.2500,100
51046080795435,14:10:46.080,28.2500,20
51046081295580,14:10:46.081,28.2500,80
51046081295580,14:10:46.081,28.2500,20
51060971757060,14:11:00.971,28.2700,19
51060971778579,14:11:00.971,28.2700,81
51060971842667,14:11:00.971,28.2700,100
51081090625956,14:11:21.090,28.2800,100
51081090625956,14:11:21.090,28.2800,100
51081090625956,14:11:21.090,28.2800,100
51081090625956,14:11:21.090,28.2800,100
51081091058287,14:11:21.091,28.2800,100
51081960514440,14:11:21.960,28.2800,100
51098185788197,14:11:38.185,28.2900,100
51121768528955,14:12:01.768,28.2900,100
51121768528955,14:12:01.768,28.2900,66
51121769062571,14:12:01.769,28.2800,2
51121769071075,14:12:01.769,28.2800,61
51121769099131,14:12:01.769,28.2800,37
51121769099131,14:12:01.769,28.2800,22
51121844361591,14:12:01.844,28.2800,100
51122769551120,14:12:02.769,28.2900,100
51130021074894,14:12:10.021,28.2900,100
51130021302489,14:12:10.021,28.2900,21
51130021306387,14:12:10.021,28.2900,40
51130021739367,14:12:10.021,28.2900,39
51133170555801,14:12:13.170,28.2800,100
51135586513145,14:12:15.586,28.2800,300
51137876762222,14:12:17.876,28.2800,100
51144132533591,14:12:24.132,28.2700,100
51144135489085,14:12:24.135,28.2700,90
51157771801171,14:12:37.771,28.2700,10
51164060491478,14:12:44.060,28.2900,200
51171299140234,14:12:51.299,28.2900,100
51171300601010,14:12:51.300,28.2800,10
51172582429614,14:12:52.582,28.2800,20
51176182297718,14:12:56.182,28.2800,10
51176991083893,14:12:56.991,28.2900,100
51208192549292,14:13:28.192,28.2900,600
51208192652388,14:13:28.192,28.2900,100
51208193196453,14:13:28.193,28.2900,200
51210019276597,14:13:30.019,28.2900,100
51210019352871,14:13:30.019,28.2900,200
51210019352871,14:13:30.019,28.2900,100
51210019787766,14:13:30.019,28.2900,300
51210019813595,14:13:30.019,28.2900,300
51210019813595,14:13:30.019,28.2900,300
51210019829734,14:13:30.019,28.2900,300
51216692140297,14:13:36.692,28.2800,60
51216692140297,14:13:36.692,28.2800,100
51216692140297,14:13:36.692,28.2800,100
51216692140297,14:13:36.692,28.2800,100
51216692140297,14:13:36.692,28.2800,47
51216692140297,14:13:36.692,28.2800,100
51216692140297,14:13:36.692,28.2800,393
51216692382843,14:13:36.692,28.2800,7
51218511520257,14:13:38.511,28.2700,88
51218511526264,14:13:38.511,28.2700,12
51220643188990,14:13:40.643,28.2700,100
51228378606557,14:13:48.378,28.2700,400
51237400105100,14:13:57.400,28.2800,18
51237400175135,14:13:57.400,28.2800,282
51252499458731,14:14:12.499,28.2900,100
51262362372243,14:14:22.362,28.2900,200
51262364534330,14:14:22.364,28.3000,100
51262364534330,14:14:22.364,28.3000,100
51262364534330,14:14:22.364,28.3000,100
51262364534330,14:14:22.364,28.3000,100
51262364534330,14:14:22.364,28.3000,70
51262364599622,14:14:22.364,28.3000,30
51262364611833,14:14:22.364,28.3000,70
51262365614148,14:14:22.365,28.3100,100
51262365614148,14:14:22.365,28.3100,100
51262801585185,14:14:22.801,28.3200,200
51262824045800,14:14:22.824,28.3200,100
51270057772968,14:14:30.057,28.3000,49
51270057772968,14:14:30.057,28.2900,51
51273022517930,14:14:33.022,28.3100,202
51273022526805,14:14:33.022,28.3100,40
51288656836794,14:14:48.656,28.3300,200
51288656836794,14:14:48.656,28.3300,200
51288656836794,14:14:48.656,28.3300,300
51288656899900,14:14:48.656,28.3300,100
51288659103041,14:14:48.659,28.3400,3
51288659104742,14:14:48.659,28.3400,43
51288659157861,14:14:48.659,28.3400,54
51288659202546,14:14:48.659,28.3300,100
51293966169467,14:14:53.966,28.3400,100
51293966169467,14:14:53.966,28.3400,100
51293967910953,14:14:53.967,28.3400,100
51295038560797,14:14:55.038,28.3700,59
51295057348024,14:14:55.057,28.3400,100
51295057348024,14:14:55.057,28.3400,100
51295057348024,14:14:55.057,28.3400,100
51295057765705,14:14:55.057,28.3200,100
51303926144293,14:15:03.926,28.3100,100
51314674242216,14:15:14.674,28.3200,100
51314674242216,14:15:14.674,28.3200,38
51314674407639,14:15:14.674,28.3200,20
51320708360785,14:15:20.708,28.3500,100
51320709446250,14:15:20.709,28.3600,100
51320709510231,14:15:20.709,28.3700,100
51320710156696,14:15:20.710,28.3700,100
51321559680689,14:15:21.559,28.3600,100
51321563036937,14:15:21.563,28.3600,170
51321564410030,14:15:21.564,28.3500,100
51321564437663,14:15:21.564,28.3500,100
51321565948871,14:15:21.565,28.3400,200
51321566861826,14:15:21.566,28.3400,82
51321653631986,14:15:21.653,28.3300,100
51329266226323,14:15:29.266,28.3300,100
51341524301571,14:15:41.524,28.3300,100
51351573362282,14:15:51.573,28.3700,100
51358451836210,14:15:58.451,28.3300,79
