timestamp,time,price,volume
34200775578885,09:30:00.775,10.5600,1260
34406752845233,09:33:26.752,10.7100,100
34406752977378,09:33:26.752,10.7100,100
34406753300800,09:33:26.753,10.7100,100
34406753300800,09:33:26.753,10.7100,100
34572407835517,09:36:12.407,10.6300,8
34924081256188,09:42:04.081,10.6100,100
34924082174604,09:42:04.082,10.6000,100
34924082200293,09:42:04.082,10.6000,100
34924082571480,09:42:04.082,10.5900,100
34924083688827,09:42:04.083,10.5500,92
35046299599352,09:44:06.299,10.5500,44
35129119468819,09:45:29.119,10.5100,5
35129119468819,09:45:29.119,10.5100,100
35129119468819,09:45:29.119,10.5100,100
35129119705506,09:45:29.119,10.5000,100
35129120040336,09:45:29.120,10.5100,100
35129120040336,09:45:29.120,10.5100,100
35129120292167,09:45:29.120,10.5000,77
35279804830187,09:47:59.804,10.5000,100
36035044273294,10:00:35.044,10.5500,100
36035044302950,10:00:35.044,10.5500,100
36035044863850,10:00:35.044,10.5500,100
36035044961142,10:00:35.044,10.5500,100
36035049007340,10:00:35.049,10.5600,100
36035050726581,10:00:35.050,10.5600,100
36035051261371,10:00:35.051,10.5600,20
36260564719631,10:04:20.564,10.5400,5
36260564719631,10:04:20.564,10.5400,95
36260564748928,10:04:20.564,10.5400,5
36312792746422,10:05:12.792,10.5100,100
36312792746422,10:05:12.792,10.5100,100
36312792771571,10:05:12.792,10.5100,100
36312793143952,10:05:12.793,10.5000,50
36312793143952,10:05:12.793,10.5000,50
36312793157635,10:05:12.793,10.5000,13
36312793203370,10:05:12.793,10.5000,37
36312793220482,10:05:12.793,10.5000,100
36319121038565,10:05:19.121,10.5000,100
36346290250986,10:05:46.290,10.5100,100
36346290250986,10:05:46.290,10.5100,43
36424426555252,10:07:04.426,10.5200,100
36521359212527,10:08:41.359,10.5100,100
36521359212527,10:08:41.359,10.5100,100
36521359212527,10:08:41.359,10.5100,100
36722730419230,10:12:02.730,10.5500,100
36814760582258,10:13:34.760,10.6400,100
36814760717604,10:13:34.760,10.6100,30
36814760717604,10:13:34.760,10.6100,70
36834673738614,10:13:54.673,10.6400,30
36844966420877,10:14:04.966,10.6700,100
36862006730526,10:14:22.006,10.6700,100
36977827283984,10:16:17.827,10.6800,100
37032890454828,10:17:12.890,10.7000,100
37048932710565,10:17:28.932,10.7200,100
37087388018584,10:18:07.388,10.7000,100
37087388349462,10:18:07.388,10.6900,100
37087393393743,10:18:07.393,10.6800,100
37165882839489,10:19:25.882,10.7300,100
37643297890272,10:27:23.297,10.7700,100
37729701295453,10:28:49.701,10.7600,100
37821928149847,10:30:21.928,10.7500,100
37821928149847,10:30:21.928,10.7500,200
37821928576165,10:30:21.928,10.7500,89
37821928600344,10:30:21.928,10.7500,211
37821928690194,10:30:21.928,10.7500,100
37821930060430,10:30:21.930,10.7500,100
37821930252360,10:30:21.930,10.7500,100
37821932231040,10:30:21.932,10.7500,3
37822164739426,10:30:22.164,10.7700,200
37822164739426,10:30:22.164,10.7700,100
38066715678011,10:34:26.715,10.7500,100
38077712678801,10:34:37.712,10.7500,300
38077712706442,10:34:37.712,10.7500,300
38077712793724,10:34:37.712,10.7500,4
38077712798837,10:34:37.712,10.7500,100
38077712821111,10:34:37.712,10.7500,300
38077713157051,10:34:37.713,10.7500,100
38077713171491,10:34:37.713,10.7500,100
38077713174366,10:34:37.713,10.7500,289
38077713182880,10:34:37.713,10.7500,30
38077713187553,10:34:37.713,10.7500,30
38077713215270,10:34:37.713,10.7500,400
38077713216568,10:34:37.713,10.7500,300
38077713360896,10:34:37.713,10.7500,300
38077713873669,10:34:37.713,10.7500,30
38077717504136,10:34:37.717,10.7500,300
38079727824053,10:34:39.727,10.7600,100
38079731351630,10:34:39.731,10.7700,100
38079731351630,10:34:39.731,10.7700,200
38079731351630,10:34:39.731,10.7700,1
38079731351630,10:34:39.731,10.7700,100
38082324122499,10:34:42.324,10.7800,100
38087582251891,10:34:47.582,10.7900,100
38139137048196,10:35:39.137,10.8000,100
38156660185709,10:35:56.660,10.8300,100
38180099037976,10:36:20.099,10.8100,100
38266073568407,10:37:46.073,10.8000,200
38266075495960,10:37:46.075,10.8000,50
38317892241744,10:38:37.892,10.8000,100
38436299596442,10:40:36.299,10.8000,100
38452843896854,10:40:52.843,10.7800,100
38452843896854,10:40:52.843,10.7800,100
38454101708021,10:40:54.101,10.7800,46
38470103217395,10:41:10.103,10.7700,100
38486105686067,10:41:26.105,10.7700,100
38507315758499,10:41:47.315,10.7700,100
38666618787775,10:44:26.618,10.7800,200
38725930525521,10:45:25.930,10.8000,45
38725930525521,10:45:25.930,10.8000,100
38725930525521,10:45:25.930,10.8000,100
38725930525521,10:45:25.930,10.8000,100
38725930525521,10:45:25.930,10.8000,100
38789006513009,10:46:29.006,10.8000,100
38810885052215,10:46:50.885,10.7700,100
38810885052215,10:46:50.885,10.7700,100
38816358953036,10:46:56.358,10.7700,100
38822539545850,10:47:02.539,10.7700,100
38894825252252,10:48:14.825,10.7700,100
38894825252252,10:48:14.825,10.7700,100
38894826183181,10:48:14.826,10.7800,100
39008716949232,10:50:08.716,10.7500,36
39008716980315,10:50:08.716,10.7500,64
39008717032389,10:50:08.717,10.7500,100
39008717032389,10:50:08.717,10.7500,17
39008718124284,10:50:08.718,10.7500,100
39008718483744,10:50:08.718,10.7500,100
39008718689260,10:50:08.718,10.7500,500
39008719270343,10:50:08.719,10.7500,15
39008719273411,10:50:08.719,10.7500,22
39008719630392,10:50:08.719,10.7500,22
39009758412962,10:50:09.758,10.7500,100
39080812754531,10:51:20.812,10.7600,100
39080812754531,10:51:20.812,10.7600,200
39080812754531,10:51:20.812,10.7600,100
39122182502982,10:52:02.182,10.7800,117
39122182502982,10:52:02.182,10.7800,100
39233670787589,10:53:53.670,10.8000,100
39269919344919,10:54:29.919,10.8000,1
39269919344919,10:54:29.919,10.8000,100
39461822854137,10:57:41.822,10.8200,100
39466815914097,10:57:46.815,10.8200,100
39466816353623,10:57:46.816,10.8200,100
39504341866268,10:58:24.341,10.8100,100
39526994261960,10:58:46.994,10.7800,100
39583801538437,10:59:43.801,10.8100,45
39583801553582,10:59:43.801,10.8100,55
39585118050101,10:59:45.118,10.8200,10
39705985933655,11:01:45.985,10.8200,100
39813238896393,11:03:33.238,10.8100,100
39813238970954,11:03:33.238,10.8100,100
39813238978924,11:03:33.238,10.8100,100
39813239029640,11:03:33.239,10.8100,36
39813239044413,11:03:33.239,10.8100,64
39813330608092,11:03:33.330,10.8100,2
39839937893560,11:03:59.937,10.8100,10
40050419003503,11:07:30.419,10.7800,100
40067787501189,11:07:47.787,10.7700,100
40103679187693,11:08:23.679,10.7600,100
40619629602328,11:16:59.629,10.7500,86
40640387769990,11:17:20.387,10.7500,14
40640387769990,11:17:20.387,10.7500,100
40640387769990,11:17:20.387,10.7500,100
40640387769990,11:17:20.387,10.7500,100
40640387769990,11:17:20.387,10.7500,100
40640388152728,11:17:20.388,10.7500,60
40640388162818,11:17:20.388,10.7500,121
40640388430866,11:17:20.388,10.7500,500
40640388475311,11:17:20.388,10.7500,200
40640388559967,11:17:20.388,10.7500,15
40640388575160,11:17:20.388,10.7500,10
40640390014197,11:17:20.390,10.7500,200
40640394277109,11:17:20.394,10.7700,100
40645046718615,11:17:25.046,10.7700,3
40645046718615,11:17:25.046,10.7700,100
40645046718615,11:17:25.046,10.7700,200
40645048155074,11:17:25.048,10.7800,100
40645048155074,11:17:25.048,10.7800,100
40645048155074,11:17:25.048,10.7800,100
40645048250503,11:17:25.048,10.7800,100
40645048380342,11:17:25.048,10.7800,2
40645048384941,11:17:25.048,10.7800,59
40645048466669,11:17:25.048,10.7800,17
40645048559631,11:17:25.048,10.7800,22
40645049204733,11:17:25.049,10.7800,4
40655180227183,11:17:35.180,10.7800,100
41015673757762,11:23:35.673,10.7700,100
41078731201486,11:24:38.731,10.7500,34
41080732467892,11:24:40.732,10.7800,1
41080736034766,11:24:40.736,10.7700,100
41083594730626,11:24:43.594,10.7600,100
41083599265042,11:24:43.599,10.7500,100
41083599265042,11:24:43.599,10.7500,100
41083599265042,11:24:43.599,10.7500,200
41083599405323,11:24:43.599,10.7500,100
41083599405323,11:24:43.599,10.7500,100
41352698920699,11:29:12.698,10.7500,100
41352698920699,11:29:12.698,10.7500,100
41352699263180,11:29:12.699,10.7500,200
41352699630466,11:29:12.699,10.7500,800
41352701639603,11:29:12.701,10.7500,100
41352702670668,11:29:12.702,10.7600,100
41354730024165,11:29:14.730,10.7500,5
41354731868648,11:29:14.731,10.7500,5
41425731361322,11:30:25.731,10.7500,25
41496194832265,11:31:36.194,10.7600,100
41496194832265,11:31:36.194,10.7600,1
41496194832265,11:31:36.194,10.7600,100
41595939072355,11:33:15.939,10.7600,100
41595939467102,11:33:15.939,10.7600,100
41595969681026,11:33:15.969,10.7700,100
41595969681026,11:33:15.969,10.7700,100
41595969753808,11:33:15.969,10.7700,100
41650460281801,11:34:10.460,10.7900,10
41650460363423,11:34:10.460,10.8000,10
41650460363423,11:34:10.460,10.8000,100
41650460363423,11:34:10.460,10.8000,100
41766032341233,11:36:06.032,10.8000,10
41766032341233,11:36:06.032,10.8000,100
41766032341233,11:36:06.032,10.8000,90
41766032376320,11:36:06.032,10.8000,10
41780618844469,11:36:20.618,10.8000,100
41780618844469,11:36:20.618,10.8000,94
41780618850880,11:36:20.618,10.8000,6
41826124347545,11:37:06.124,10.8100,1
41826124347545,11:37:06.124,10.8100,99
41826124377916,11:37:06.124,10.8100,1
42180082183423,11:43:00.082,10.8100,2
42180082183423,11:43:00.082,10.8100,18
42389377905195,11:46:29.377,10.7900,5
42391287127403,11:46:31.287,10.7900,100
42391287275896,11:46:31.287,10.7900,95
42413412102012,11:46:53.412,10.8000,100
42462109072148,11:47:42.109,10.8100,100
42462109096666,11:47:42.109,10.8100,100
42473671649030,11:47:53.671,10.8200,100
42480527250054,11:48:00.527,10.8300,15
42480527775879,11:48:00.527,10.8400,100
42484038929006,11:48:04.038,10.8500,45
42484038937268,11:48:04.038,10.8500,45
42484208474094,11:48:04.208,10.8600,45
42540022570055,11:49:00.022,10.8500,9
43082455652762,11:58:02.455,10.8700,100
43082458302267,11:58:02.458,10.8800,1000
43089462768254,11:58:09.462,10.8900,100
43100336271408,11:58:20.336,10.8900,50
43107359182899,11:58:27.359,10.8900,50
43300121040623,12:01:40.121,10.9300,100
43300121040623,12:01:40.121,10.9300,100
43300121040623,12:01:40.121,10.9300,100
43419968900078,12:03:39.968,10.9100,100
43419968900078,12:03:39.968,10.9100,200
43419968900078,12:03:39.968,10.9100,100
43419969780838,12:03:39.969,10.9100,100
43419971464813,12:03:39.971,10.9100,100
43419971464813,12:03:39.971,10.9100,100
43419971464813,12:03:39.971,10.9100,50
43419971464813,12:03:39.971,10.9100,50
43419971543565,12:03:39.971,10.9100,250
43465417850906,12:04:25.417,10.9000,100
43465420771467,12:04:25.420,10.8900,100
43466327548882,12:04:26.327,10.9000,100
43474453567163,12:04:34.453,10.9100,100
43702911141898,12:08:22.911,10.9100,100
43702911141898,12:08:22.911,10.9100,4
43702911141898,12:08:22.911,10.9100,100
43702911141898,12:08:22.911,10.9100,100
43702911141898,12:08:22.911,10.9100,1
43702911555175,12:08:22.911,10.9200,100
43702911555175,12:08:22.911,10.9200,100
43702911555175,12:08:22.911,10.9200,1
43702911555175,12:08:22.911,10.9200,1
43702911555175,12:08:22.911,10.9200,100
43702928227145,12:08:22.928,10.9300,700
43702928227145,12:08:22.928,10.9300,10
43702928227145,12:08:22.928,10.9300,2
43702931424412,12:08:22.931,10.9300,6
43703428329157,12:08:23.428,10.9400,48
43703428372320,12:08:23.428,10.9400,52
43703428438900,12:08:23.428,10.9500,100
43909643740995,12:11:49.643,10.9700,1
43909791897394,12:11:49.791,10.9700,100
43917668819611,12:11:57.668,10.9600,100
43926078805825,12:12:06.078,10.9600,100
43926078805825,12:12:06.078,10.9600,100
43926078805825,12:12:06.078,10.9600,100
44162935970171,12:16:02.935,10.9500,1
44303068929663,12:18:23.068,10.9600,100
44303069078185,12:18:23.069,10.9600,100
44303069078185,12:18:23.069,10.9600,9
44303069078185,12:18:23.069,10.9600,100
44303069078185,12:18:23.069,10.9600,3
44347339158742,12:19:07.339,10.9500,100
44358855491647,12:19:18.855,10.9500,100
44358856910460,12:19:18.856,10.9500,100
44462065221431,12:21:02.065,10.9700,1
44462065221431,12:21:02.065,10.9700,100
44462065221431,12:21:02.065,10.9700,100
44462065751401,12:21:02.065,10.9700,100
44462066425586,12:21:02.066,10.9800,109
44462066488936,12:21:02.066,10.9800,291
44462066488936,12:21:02.066,10.9800,200
44462066488936,12:21:02.066,10.9800,1
44462131573732,12:21:02.131,10.9900,200
44462131573732,12:21:02.131,10.9900,100
44462186579331,12:21:02.186,10.9900,2
44468467519441,12:21:08.467,11.0000,100
44468467519441,12:21:08.467,11.0000,100
44468467519441,12:21:08.467,11.0000,100
44468467519441,12:21:08.467,11.0000,100
44468467519441,12:21:08.467,11.0000,100
44468467519441,12:21:08.467,11.0000,100
44468467702290,12:21:08.467,11.0000,100
44854134353824,12:27:34.134,10.9900,100
44864134421661,12:27:44.134,10.9900,98
44864134421661,12:27:44.134,10.9900,2
44876386323290,12:27:56.386,10.9900,98
44876386323290,12:27:56.386,10.9900,2
45076608821306,12:31:16.608,11.0000,100
45076628904432,12:31:16.628,11.0000,3
45243583680008,12:34:03.583,11.0000,2
45255602675101,12:34:15.602,11.0000,195
45255602675101,12:34:15.602,10.9900,5
45351774625169,12:35:51.774,10.9900,27
45432956446950,12:37:12.956,11.0100,1
45432956446950,12:37:12.956,11.0100,100
45432956446950,12:37:12.956,11.0100,100
45432956446950,12:37:12.956,11.0100,100
45432956446950,12:37:12.956,11.0100,2
45432956446950,12:37:12.956,11.0100,100
45432957022481,12:37:12.957,11.0200,100
45432960000419,12:37:12.960,11.0200,100
45432960000419,12:37:12.960,11.0200,100
45433484968895,12:37:13.484,11.0300,100
45433484968895,12:37:13.484,11.0300,100
45516477183005,12:38:36.477,11.0300,100
45516477215840,12:38:36.477,11.0300,100
45516477215840,12:38:36.477,11.0300,100
45516480119822,12:38:36.480,11.0200,50
45516483765316,12:38:36.483,11.0200,100
45885617081759,12:44:45.617,11.0000,100
45885617081759,12:44:45.617,11.0000,100
45885617081759,12:44:45.617,11.0000,200
45885617081759,12:44:45.617,11.0000,100
45885617081759,12:44:45.617,11.0000,100
45885617536616,12:44:45.617,11.0000,100
45885670920621,12:44:45.670,11.0000,100
45967669788606,12:46:07.669,11.0000,3
45967669788606,12:46:07.669,11.0000,97
45994153901916,12:46:34.153,11.0100,100
45994153901916,12:46:34.153,11.0100,100
45994153921598,12:46:34.153,11.0100,2
45994153921598,12:46:34.153,11.0100,3
45994153921598,12:46:34.153,11.0100,95
45994153927161,12:46:34.153,11.0100,5
45994153927161,12:46:34.153,11.0100,103
45994301158024,12:46:34.301,11.0200,100
45994305104624,12:46:34.305,11.0300,10
45994454249332,12:46:34.454,11.0300,2
46528025749775,12:55:28.025,11.0600,100
46528026881780,12:55:28.026,11.0600,100
46535013330452,12:55:35.013,11.0600,100
46535013770895,12:55:35.013,11.0600,38
46535013841643,12:55:35.013,11.0600,62
46567684104405,12:56:07.684,11.0700,100
46567684104405,12:56:07.684,11.0700,100
46684132697580,12:58:04.132,11.0800,10
46684133172267,12:58:04.133,11.0900,1
46684133172267,12:58:04.133,11.0900,100
46684133172267,12:58:04.133,11.0900,100
46684133178945,12:58:04.133,11.0900,100
46684180193674,12:58:04.180,11.0900,100
46687395567864,12:58:07.395,11.0900,100
46797688838832,12:59:57.688,11.1000,1
46797688838832,12:59:57.688,11.1000,100
46983451649479,13:03:03.451,11.1000,100
46983451649479,13:03:03.451,11.1000,100
46983452001579,13:03:03.452,11.1000,52
46983453797252,13:03:03.453,11.1000,100
47224823192148,13:07:04.823,11.0800,100
47307688155101,13:08:27.688,11.0800,95
47403845238331,13:10:03.845,11.0800,5
47403845238331,13:10:03.845,11.0800,195
47403900708216,13:10:03.900,11.0800,6
47533094654829,13:12:13.094,11.0800,100
47734787640865,13:15:34.787,11.0800,45
47761885187080,13:16:01.885,11.0800,54
47761885187080,13:16:01.885,11.0800,46
47761940573201,13:16:01.940,11.0800,6
47773496192115,13:16:13.496,11.0800,2
47870560418043,13:17:50.560,11.0800,98
47870560418043,13:17:50.560,11.0800,100
47870560418043,13:17:50.560,11.0800,100
47870560418043,13:17:50.560,11.0800,200
47870560538682,13:17:50.560,11.0800,100
47870561832355,13:17:50.561,11.0800,100
47870561832355,13:17:50.561,11.0700,60
47870561832355,13:17:50.561,11.0700,100
47871247771501,13:17:51.247,11.0700,100
47881907306608,13:18:01.907,11.0600,100
47881917728239,13:18:01.917,11.0500,100
47881917878687,13:18:01.917,11.0400,100
47881918175735,13:18:01.918,11.0500,100
47882639054380,13:18:02.639,11.0300,100
47882695704903,13:18:02.695,11.0200,2
47901367746760,13:18:21.367,11.0300,100
47901367746760,13:18:21.367,11.0300,100
47901367746760,13:18:21.367,11.0300,200
47901367746760,13:18:21.367,11.0300,200
47901367746760,13:18:21.367,11.0300,4
47901367749729,13:18:21.367,11.0300,96
47901367749729,13:18:21.367,11.0300,300
47901478840505,13:18:21.478,11.0300,4
47912900853204,13:18:32.900,11.0300,98
47912900853204,13:18:32.900,11.0300,2
47931470881960,13:18:51.470,11.0200,1
47931470881960,13:18:51.470,11.0200,100
48119926720546,13:21:59.926,11.0000,100
48135854947160,13:22:15.854,10.9900,100
48180369740666,13:23:00.369,10.9900,200
48242222868781,13:24:02.222,11.0000,1
48242222868781,13:24:02.222,11.0000,100
48242222868781,13:24:02.222,11.0000,99
48242223315488,13:24:02.223,11.0000,1
48594961251755,13:29:54.961,10.9900,300
48594977707934,13:29:54.977,10.9900,100
48756318197365,13:32:36.318,10.9900,100
48756318222720,13:32:36.318,10.9900,100
48756318222720,13:32:36.318,10.9900,100
48756321738896,13:32:36.321,11.0000,2
48756321738896,13:32:36.321,11.0000,4
48756321738896,13:32:36.321,11.0000,77
48756321801632,13:32:36.321,11.0000,23
48756374188855,13:32:36.374,11.0000,2
48757832952701,13:32:37.832,11.0100,1
48757832952701,13:32:37.832,11.0100,3
48757832952701,13:32:37.832,11.0100,100
48785833779317,13:33:05.833,11.0300,2
48785833782669,13:33:05.833,11.0300,18
48801598274902,13:33:21.598,11.0400,20
48801598274902,13:33:21.598,11.0400,100
48831858060697,13:33:51.858,11.0300,98
48836004264554,13:33:56.004,11.0200,100
48852916886587,13:34:12.916,11.0200,100
48852916888005,13:34:12.916,11.0200,100
48852916888005,13:34:12.916,11.0200,100
48999268863049,13:36:39.268,11.0100,1
48999268863049,13:36:39.268,11.0100,76
49015022856908,13:36:55.022,10.9900,100
49020369528502,13:37:00.369,10.9900,100
49020370933712,13:37:00.370,10.9900,100
49020372541688,13:37:00.372,10.9900,100
49020393076080,13:37:00.393,10.9900,100
49194043552073,13:39:54.043,10.9900,100
49194043552073,13:39:54.043,10.9900,100
49194043969792,13:39:54.043,10.9900,100
49311204251149,13:41:51.204,10.9900,100
49311322476107,13:41:51.322,10.9900,100
49371662545886,13:42:51.662,10.9900,100
49373063436454,13:42:53.063,10.9900,100
49373384787172,13:42:53.384,10.9900,100
49375394109682,13:42:55.394,10.9900,100
49375394109682,13:42:55.394,10.9900,100
49375394109682,13:42:55.394,10.9900,100
49375394109682,13:42:55.394,10.9900,100
49375554659752,13:42:55.554,11.0000,100
49375554659752,13:42:55.554,11.0000,25
49375555186291,13:42:55.555,11.0000,100
49375555348350,13:42:55.555,11.0000,100
49375556491562,13:42:55.556,11.0000,100
49495003981314,13:44:55.003,11.0100,24
49495004043864,13:44:55.004,11.0100,76
49495004043864,13:44:55.004,11.0100,14
49495004043864,13:44:55.004,11.0100,100
49495004043864,13:44:55.004,11.0100,1
49495006369999,13:44:55.006,11.0200,10
49495198448404,13:44:55.198,11.0200,5
49746381621223,13:49:06.381,10.9900,2
49761005998481,13:49:21.005,11.0000,100
49761005998481,13:49:21.005,11.0000,1
50089143350551,13:54:49.143,10.9900,100
50089272277232,13:54:49.272,10.9800,100
50105982103615,13:55:05.982,10.9800,100
50115365969918,13:55:15.365,10.9800,100
50115365969918,13:55:15.365,10.9800,100
50115365969918,13:55:15.365,10.9800,100
50115366835869,13:55:15.366,10.9900,2
50115366835869,13:55:15.366,10.9900,100
50206001967113,13:56:46.001,10.9800,50
50402703937409,14:00:02.703,10.9500,100
50402703937409,14:00:02.703,10.9500,100
50402705173547,14:00:02.705,10.9500,30
50403156960722,14:00:03.156,10.9200,3
50404491679915,14:00:04.491,10.9200,3
50405294863974,14:00:05.294,10.9200,3
50413023831403,14:00:13.023,10.9300,100
50415267388682,14:00:15.267,10.9200,100
50415404466063,14:00:15.404,10.9200,100
50417003370033,14:00:17.003,10.9200,1
50417591594928,14:00:17.591,10.9200,90
50496087373545,14:01:36.087,10.9400,25
50496087373545,14:01:36.087,10.9400,18
50496087373545,14:01:36.087,10.9400,100
50496090815833,14:01:36.090,10.9500,10
50590152268671,14:03:10.152,10.9600,7
50590152268671,14:03:10.152,10.9700,30
50590152268671,14:03:10.152,10.9700,63
50696424661934,14:04:56.424,10.9600,100
50696425611884,14:04:56.425,10.9700,37
50696486448327,14:04:56.486,10.9800,100
50696487266955,14:04:56.487,10.9900,86
50696487317090,14:04:56.487,10.9900,100
50706742562607,14:05:06.742,10.9850,11
50984248768323,14:09:44.248,10.9600,100
50984249297156,14:09:44.249,10.9600,100
51073511989032,14:11:13.511,10.9700,100
51073512851659,14:11:13.512,10.9900,11
51123281300067,14:12:03.281,11.0000,100
51123281390566,14:12:03.281,11.0000,100
51123281758264,14:12:03.281,11.0100,24
51123281758264,14:12:03.281,11.0100,1
51123281956994,14:12:03.281,11.0000,30
51155405051734,14:12:35.405,11.0100,10
51155405051734,14:12:35.405,11.0100,10
51300000578199,14:15:00.000,11.0300,1
51303690449800,14:15:03.690,11.0300,100
51333031629730,14:15:33.031,11.0200,100
51333031629730,14:15:33.031,11.0200,100
51333031691550,14:15:33.031,11.0200,100
51381679767324,14:16:21.679,11.0400,36
51381679790580,14:16:21.679,11.0400,41
51381679842341,14:16:21.679,11.0400,23
51381679842341,14:16:21.679,11.0400,2
51521305130149,14:18:41.305,11.0300,100
51549174072079,14:19:09.174,11.0500,1
51549174072079,14:19:09.174,11.0500,26
51549174438096,14:19:09.174,11.0600,12
51609325963319,14:20:09.325,11.0600,83
51609325991568,14:20:09.325,11.0600,17
51636522501974,14:20:36.522,11.0600,5
51879344970513,14:24:39.344,11.0400,94
52014844381845,14:26:54.844,11.0400,6
52014844381845,14:26:54.844,11.0400,5
52058366847006,14:27:38.366,11.0300,100
52058366968777,14:27:38.366,11.0300,100
52058367004653,14:27:38.367,11.0300,100
52069856727731,14:27:49.856,11.0200,100
52069857164387,14:27:49.857,11.0200,1
52069857164387,14:27:49.857,11.0200,1
52077827849135,14:27:57.827,11.0200,99
52237444202478,14:30:37.444,10.9900,6
52266704079318,14:31:06.704,10.9900,94
52287570064394,14:31:27.570,10.9900,6
52287570770986,14:31:27.570,10.9900,100
52287572140494,14:31:27.572,10.9900,100
52343799093701,14:32:23.799,10.9900,100
52343799124150,14:32:23.799,10.9900,3
52343799302271,14:32:23.799,11.0000,2
52343799302271,14:32:23.799,11.0000,100
52343799302271,14:32:23.799,11.0000,100
52343799302271,14:32:23.799,11.0000,100
52343799302271,14:32:23.799,11.0000,100
52343800953550,14:32:23.800,11.0100,1
52343800953550,14:32:23.800,11.0100,100
52343800953550,14:32:23.800,11.0100,1
52343801317985,14:32:23.801,11.0200,100
52503820296755,14:35:03.820,11.0200,100
52503820331218,14:35:03.820,11.0200,1
52503820331218,14:35:03.820,11.0200,1
52503820331218,14:35:03.820,11.0200,100
52507122874623,14:35:07.122,11.0300,1
52516823951103,14:35:16.823,11.0500,1
52519696360477,14:35:19.696,11.0500,100
52595426795796,14:36:35.426,11.0100,100
52774446413131,14:39:34.446,11.0100,100
52774446413131,14:39:34.446,11.0100,100
52953480840028,14:42:33.480,11.0000,100
52953480840028,14:42:33.480,11.0000,100
52984402871668,14:43:04.402,10.9900,100
53068199195796,14:44:28.199,11.0000,100
53068199195796,14:44:28.199,11.0000,100
53068202818891,14:44:28.202,11.0100,2
53068202886009,14:44:28.202,11.0200,1
53132485713060,14:45:32.485,11.0000,100
53189279244454,14:46:29.279,11.0300,1
53189279333747,14:46:29.279,11.0300,1
53219610861921,14:46:59.610,11.0300,1
53219610861921,14:46:59.610,11.0300,1
53219610861921,14:46:59.610,11.0300,27
53219610863226,14:46:59.610,11.0300,73
53219611150596,14:46:59.611,11.0400,100
53219661346387,14:46:59.661,11.0400,1
53297283377872,14:48:17.283,11.0400,100
53311505316502,14:48:31.505,11.0300,100
53341536519385,14:49:01.536,11.0300,25
53490524363821,14:51:30.524,11.0100,10
53490524363821,14:51:30.524,11.0100,90
53511104220476,14:51:51.104,11.0300,100
53511104220476,14:51:51.104,11.0300,1
53511104220476,14:51:51.104,11.0300,74
53511104302731,14:51:51.104,11.0300,26
53511104302731,14:51:51.104,11.0300,51
53511104304142,14:51:51.104,11.0300,39
53511104546527,14:51:51.104,11.0300,10
53511104546527,14:51:51.104,11.0300,1
53511167654049,14:51:51.167,11.0400,1
53511921647387,14:51:51.921,11.0400,1
53511921647387,14:51:51.921,11.0500,2
53544009162073,14:52:24.009,11.0700,2
53594643042344,14:53:14.643,11.0700,98
53651641123249,14:54:11.641,11.0800,2
53651641123249,14:54:11.641,11.0800,3
53651641123249,14:54:11.641,11.0800,3
53651641123249,14:54:11.641,11.0800,2
53651641123249,14:54:11.641,11.0800,5
53651641123249,14:54:11.641,11.0800,2
53651641123249,14:54:11.641,11.0800,1
53651641123249,14:54:11.641,11.0800,1
53651641123249,14:54:11.641,11.0800,2
53651641123249,14:54:11.641,11.0800,1
53651641123249,14:54:11.641,11.0800,1
53651641123249,14:54:11.641,11.0800,1
53651641123249,14:54:11.641,11.0800,2
53651641123249,14:54:11.641,11.0800,3
53651641123249,14:54:11.641,11.0800,1
53651641123249,14:54:11.641,11.0800,2
53651641123249,14:54:11.641,11.0800,1
53651641123249,14:54:11.641,11.0800,1
53651641123249,14:54:11.641,11.0800,2
53651641123249,14:54:11.641,11.0800,1
53651641123249,14:54:11.641,11.0800,1
53669546782026,14:54:29.546,11.0700,100
53669546782026,14:54:29.546,11.0700,100
53796780115605,14:56:36.780,11.0800,1
53796780992285,14:56:36.780,11.0900,1
53796782857508,14:56:36.782,11.0900,1
53796782857508,14:56:36.782,11.0900,1
53796782857508,14:56:36.782,11.0900,98
53796783348181,14:56:36.783,11.0900,2
53796783720938,14:56:36.783,11.1000,1
53796784410224,14:56:36.784,11.1000,100
53796784796392,14:56:36.784,11.1000,1
53846662109932,14:57:26.662,11.1200,2
53848457162558,14:57:28.457,11.1200,98
53848565180807,14:57:28.565,11.1100,1
53848565180807,14:57:28.565,11.1100,99
53998691776166,14:59:58.691,11.1200,1
54120854642285,15:02:00.854,11.1100,6
54120854642285,15:02:00.854,11.1100,7
54120854642285,15:02:00.854,11.1100,1
54120854642285,15:02:00.854,11.1000,100
54120854642285,15:02:00.854,11.1000,100
54120854642285,15:02:00.854,11.1000,83
54120854685733,15:02:00.854,11.1000,2
54120854725291,15:02:00.854,11.1000,115
54120854725291,15:02:00.854,11.1000,2
54120855148448,15:02:00.855,11.1000,100
54121857180332,15:02:01.857,11.1000,6
54182372373241,15:03:02.372,11.1100,6
54182372376256,15:03:02.372,11.1100,4
54182372377531,15:03:02.372,11.1100,5
54182372378907,15:03:02.372,11.1100,1
54182372379347,15:03:02.372,11.1100,2
54182372384071,15:03:02.372,11.1100,2
54182372385279,15:03:02.372,11.1100,4
54182372388449,15:03:02.372,11.1100,1
54182372388961,15:03:02.372,11.1100,2
54182372392325,15:03:02.372,11.1100,1
54182372396216,15:03:02.372,11.1100,1
54182372399442,15:03:02.372,11.1100,6
54182372401327,15:03:02.372,11.1100,2
54182372401813,15:03:02.372,11.1100,1
54182372404198,15:03:02.372,11.1100,3
54182372405660,15:03:02.372,11.1100,3
54182372409310,15:03:02.372,11.1100,2
54182372411241,15:03:02.372,11.1100,4
54182372415460,15:03:02.372,11.1100,1
54182372416022,15:03:02.372,11.1100,2
54182372418360,15:03:02.372,11.1100,4
54182372419559,15:03:02.372,11.1100,1
54182372423536,15:03:02.372,11.1100,2
54182372424775,15:03:02.372,11.1100,1
54194543715404,15:03:14.543,11.1000,100
54245571914208,15:04:05.571,11.0900,100
54371113061918,15:06:11.113,11.0800,100
54385624425705,15:06:25.624,11.0700,100
54545278109723,15:09:05.278,11.0600,100
54551849577520,15:09:11.849,11.0400,2
54641760618567,15:10:41.760,11.0400,98
54641760618567,15:10:41.760,11.0400,77
54641760624087,15:10:41.760,11.0400,23
54641760624087,15:10:41.760,11.0400,175
54641760641925,15:10:41.760,11.0400,107
54641761076061,15:10:41.761,11.0400,100
54645970682036,15:10:45.970,11.0600,100
54743664019126,15:12:23.664,11.0500,100
54744488292512,15:12:24.488,11.0600,29
54797775840300,15:13:17.775,11.0700,2
54797775842027,15:13:17.775,11.0700,1
54797775866988,15:13:17.775,11.0700,97
54797775866988,15:13:17.775,11.0700,100
54797775866988,15:13:17.775,11.0700,100
54797775866988,15:13:17.775,11.0700,1
54797775866988,15:13:17.775,11.0700,1
54797776001001,15:13:17.776,11.0700,100
54797776396198,15:13:17.776,11.0700,100
54797776735493,15:13:17.776,11.0800,23
54797776735493,15:13:17.776,11.0800,1
54817079713700,15:13:37.079,11.1200,1
54817079714259,15:13:37.079,11.1200,1
54817079716723,15:13:37.079,11.1200,2
54817079718774,15:13:37.079,11.1200,1
54817079719383,15:13:37.079,11.1200,2
54817079722711,15:13:37.079,11.1200,1
54817079726100,15:13:37.079,11.1200,1
54889379245699,15:14:49.379,11.1300,1
54922687242778,15:15:22.687,11.1200,71
54922687242778,15:15:22.687,11.1100,29
54922687427341,15:15:22.687,11.1100,71
54924572779239,15:15:24.572,11.1300,1
54924572780722,15:15:24.572,11.1300,1
54924572781122,15:15:24.572,11.1300,1
54924572784028,15:15:24.572,11.1300,1
54924572785004,15:15:24.572,11.1300,1
54969691838131,15:16:09.691,11.1250,1
54969691838131,15:16:09.691,11.1250,1
54969691838131,15:16:09.691,11.1250,1
54969691838131,15:16:09.691,11.1250,1
54969691838131,15:16:09.691,11.1250,1
54969691838131,15:16:09.691,11.1250,1
54969721974631,15:16:09.721,11.1200,88
54969721974631,15:16:09.721,11.1100,6
55052010743434,15:17:32.010,11.1000,90
55052010810275,15:17:32.010,11.1000,10
55052011437104,15:17:32.011,11.1000,38
55052014728447,15:17:32.014,11.1000,100
55052014728447,15:17:32.014,11.1000,62
55101702611542,15:18:21.702,11.1100,100
55128836182114,15:18:48.836,11.1100,4
55130126896881,15:18:50.126,11.1200,1
55130126896881,15:18:50.126,11.1200,100
55130126896881,15:18:50.126,11.1200,99
55130127338987,15:18:50.127,11.1200,1
55130127338987,15:18:50.127,11.1200,1
55130127509337,15:18:50.127,11.1200,99
55200467709844,15:20:00.467,11.1200,1
55200467709844,15:20:00.467,11.1200,1
55334656555805,15:22:14.656,11.1200,100
55334656555805,15:22:14.656,11.1200,100
55428395096734,15:23:48.395,11.1100,2
55459884419275,15:24:19.884,11.1200,1
55459884419275,15:24:19.884,11.1200,99
55459884856331,15:24:19.884,11.1200,1
55569823041910,15:26:09.823,11.1200,100
55572950253134,15:26:12.950,11.1200,100
55610081419676,15:26:50.081,11.1100,2
55673211129854,15:27:53.211,11.1300,1
55673211131477,15:27:53.211,11.1300,1
55673211137637,15:27:53.211,11.1300,2
55680017625898,15:28:00.017,11.1300,96
55680017625898,15:28:00.017,11.1300,1
55680017625898,15:28:00.017,11.1300,100
55680017625898,15:28:00.017,11.1300,100
55680017625898,15:28:00.017,11.1300,100
55680017625898,15:28:00.017,11.1300,200
55680017625898,15:28:00.017,11.1300,100
55680017625898,15:28:00.017,11.1300,3
55680017752235,15:28:00.017,11.1300,97
55689956784091,15:28:09.956,11.1300,1
55762595950202,15:29:22.595,11.1300,100
55762595950202,15:29:22.595,11.1300,100
55762596394851,15:29:22.596,11.1300,100
55762600844649,15:29:22.600,11.1300,100
55762652285118,15:29:22.652,11.1300,100
55847082993844,15:30:47.082,11.1200,54
55865695334229,15:31:05.695,11.1300,50
55867968318386,15:31:07.968,11.1200,2
55868594650932,15:31:08.594,11.1200,44
55868594650932,15:31:08.594,11.1200,100
55868594650932,15:31:08.594,11.1200,50
55868594653523,15:31:08.594,11.1200,194
55868594741453,15:31:08.594,11.1200,100
55868594995755,15:31:08.594,11.1200,6
55868605698635,15:31:08.605,11.1200,72
55919244613945,15:31:59.244,11.1100,98
55990341692717,15:33:10.341,11.1000,100
55996805406910,15:33:16.805,11.1000,100
56041056985909,15:34:01.056,11.0700,100
56106511480004,15:35:06.511,11.0500,2
56132348440900,15:35:32.348,11.0500,44
56132348440900,15:35:32.348,11.0500,100
56132348440900,15:35:32.348,11.0500,100
56132406426196,15:35:32.406,11.0600,1
56132406426196,15:35:32.406,11.0600,100
56164444681962,15:36:04.444,11.0700,100
56164444681962,15:36:04.444,11.0700,100
56173213303574,15:36:13.213,11.0700,31
56173213309577,15:36:13.213,11.0700,29
56175826206106,15:36:15.826,11.0600,100
56175826206106,15:36:15.826,11.0600,100
56242687776542,15:37:22.687,11.0500,100
56306066086813,15:38:26.066,11.0500,2
56354841036250,15:39:14.841,11.0500,98
56354841036250,15:39:14.841,11.0500,100
56354841036250,15:39:14.841,11.0500,2
56403538971412,15:40:03.538,11.0500,33
56403538983032,15:40:03.538,11.0500,3
56461328221396,15:41:01.328,11.0500,62
56461328221396,15:41:01.328,11.0500,38
56474473355384,15:41:14.473,11.0550,100
56475721302692,15:41:15.721,11.0500,2
56533866196720,15:42:13.866,11.0500,60
56533866196720,15:42:13.866,11.0500,40
56658318629918,15:44:18.318,11.0500,2
56665582381459,15:44:25.582,11.0500,98
56665582381459,15:44:25.582,11.0500,2
56681388880457,15:44:41.388,11.0500,98
56681388880457,15:44:41.388,11.0500,2
56682832165915,15:44:42.832,11.0500,68
56682832165915,15:44:42.832,11.0500,32
56712885699986,15:45:12.885,11.0500,100
56746221075757,15:45:46.221,11.0600,100
56746221075757,15:45:46.221,11.0600,100
56746221075757,15:45:46.221,11.0600,1
56746221075757,15:45:46.221,11.0600,100
56746221075757,15:45:46.221,11.0600,100
56746221075757,15:45:46.221,11.0600,100
56746221429384,15:45:46.221,11.0700,2
56852669399423,15:47:32.669,11.0800,50
56874508897209,15:47:54.508,11.0700,3
56874509531595,15:47:54.509,11.0700,197
56874509531595,15:47:54.509,11.0700,196
56874509531595,15:47:54.509,11.0700,107
56874509563408,15:47:54.509,11.0700,100
56989672604242,15:49:49.672,11.0600,100
57010962165962,15:50:10.962,11.0600,100
57010962165962,15:50:10.962,11.0600,200
57010962165962,15:50:10.962,11.0600,100
57010962165962,15:50:10.962,11.0600,100
57010964428990,15:50:10.964,11.0500,100
57027420013850,15:50:27.420,11.0500,200
57027420117966,15:50:27.420,11.0500,200
57027420117966,15:50:27.420,11.0500,200
57027420117966,15:50:27.420,11.0500,400
57027421094593,15:50:27.421,11.0500,100
57027422674339,15:50:27.422,11.0500,100
57027422674339,15:50:27.422,11.0500,1
57027532693468,15:50:27.532,11.0500,8
57027532693468,15:50:27.532,11.0500,200
57027870021808,15:50:27.870,11.0600,1
57067127996438,15:51:07.127,11.0600,2
57121906073092,15:52:01.906,11.0600,5
57121908420005,15:52:01.908,11.0600,5
57126266162829,15:52:06.266,11.0600,1
57136210759983,15:52:16.210,11.0600,5
57158484423104,15:52:38.484,11.0600,94
57158484423104,15:52:38.484,11.0600,100
57158484423104,15:52:38.484,11.0600,100
57158484423104,15:52:38.484,11.0600,100
57158484786919,15:52:38.484,11.0600,100
57158484990807,15:52:38.484,11.0600,100
57158491413415,15:52:38.491,11.0600,100
57158491938853,15:52:38.491,11.0600,100
57218197955481,15:53:38.197,11.0600,1
57230035618280,15:53:50.035,11.0600,1
57249944378535,15:54:09.944,11.0700,1
57249944378535,15:54:09.944,11.0700,1
57249944378535,15:54:09.944,11.0700,100
57249944378535,15:54:09.944,11.0700,100
57249944378535,15:54:09.944,11.0700,100
57249944378535,15:54:09.944,11.0700,38
57266628681566,15:54:26.628,11.0600,100
57266628681566,15:54:26.628,11.0600,70
57300947428600,15:55:00.947,11.0700,100
57300947428600,15:55:00.947,11.0700,1
57303782851353,15:55:03.782,11.0700,59
57303782851353,15:55:03.782,11.0700,141
57303782880312,15:55:03.782,11.0700,59
57303782880312,15:55:03.782,11.0700,100
57303782880312,15:55:03.782,11.0700,1
57303782880312,15:55:03.782,11.0700,49
57303782880312,15:55:03.782,11.0700,100
57305377770626,15:55:05.377,11.0800,1
57305377770626,15:55:05.377,11.0800,2
57314615501300,15:55:14.615,11.1100,14
57314615548325,15:55:14.615,11.1100,586
57314615548325,15:55:14.615,11.1100,100
57314615548325,15:55:14.615,11.1100,200
57314615548325,15:55:14.615,11.1100,2
57314633089735,15:55:14.633,11.1300,100
57314678130668,15:55:14.678,11.1200,100
57329380646330,15:55:29.380,11.1100,100
57329380646330,15:55:29.380,11.1100,100
57329380646330,15:55:29.380,11.1100,82
57329466396560,15:55:29.466,11.1000,2
57364144792642,15:56:04.144,11.1000,38
57364201305003,15:56:04.201,11.1000,100
57371274208468,15:56:11.274,11.1000,300
57371274208468,15:56:11.274,11.1000,100
57388086146576,15:56:28.086,11.1000,100
57388086219416,15:56:28.086,11.1000,124
57396559176916,15:56:36.559,11.1100,100
57396559176916,15:56:36.559,11.1100,2
57396559514325,15:56:36.559,11.1100,100
57418414100200,15:56:58.414,11.1200,100
57420296176172,15:57:00.296,11.1150,100
57420296176172,15:57:00.296,11.1200,100
57420296176172,15:57:00.296,11.1200,200
57420296176172,15:57:00.296,11.1200,1
57420296176172,15:57:00.296,11.1200,8
57420296176172,15:57:00.296,11.1200,2
57420296176172,15:57:00.296,11.1200,200
57420296176172,15:57:00.296,11.1200,89
57420296211898,15:57:00.296,11.1200,11
57422676251656,15:57:02.676,11.1300,600
57438871629825,15:57:18.871,11.1450,18
57438872993948,15:57:18.872,11.1500,200
57438873280255,15:57:18.873,11.1500,400
57438873280255,15:57:18.873,11.1500,80
57438873309371,15:57:18.873,11.1500,20
57438873309371,15:57:18.873,11.1500,2
57495961058637,15:58:15.961,11.1600,13
57504619023469,15:58:24.619,11.1500,1
57520022032984,15:58:40.022,11.1600,100
57527062081934,15:58:47.062,11.1600,100
57527062322914,15:58:47.062,11.1600,100
57534558636065,15:58:54.558,11.1550,100
57534558636065,15:58:54.558,11.1500,99
57534558636065,15:58:54.558,11.1500,100
57534558636065,15:58:54.558,11.1500,200
57534558636065,15:58:54.558,11.1500,112
57534559022330,15:58:54.559,11.1500,100
57534559112269,15:58:54.559,11.1500,88
57534559112269,15:58:54.559,11.1500,100
57534559112269,15:58:54.559,11.1500,48
57534559112269,15:58:54.559,11.1500,205
57534559112269,15:58:54.559,11.1500,192
57534559112269,15:58:54.559,11.1500,146
57534559348596,15:58:54.559,11.1500,33
57534562302580,15:58:54.562,11.1500,67
57534562302580,15:58:54.562,11.1500,33
57542050742061,15:59:02.050,11.1500,100
57542050851034,15:59:02.050,11.1500,38
57542050851034,15:59:02.050,11.1500,62
57545189599196,15:59:05.189,11.1500,45
57545189599196,15:59:05.189,11.1500,100
57545189699176,15:59:05.189,11.1500,100
57545189853230,15:59:05.189,11.1500,200
57545243483180,15:59:05.243,11.1600,100
57545439856879,15:59:05.439,11.1600,42
57545439883806,15:59:05.439,11.1600,145
57545439883806,15:59:05.439,11.1600,100
57545439883806,15:59:05.439,11.1600,48
57545439883806,15:59:05.439,11.1600,205
57545439883806,15:59:05.439,11.1600,100
57545440082587,15:59:05.440,11.1600,100
57547541518597,15:59:07.541,11.1600,3
57550909346595,15:59:10.909,11.1700,100
57550909346595,15:59:10.909,11.1700,300
57551170302843,15:59:11.170,11.1700,100
57554144351215,15:59:14.144,11.1600,3
57555046073910,15:59:15.046,11.1700,300
57555046101263,15:59:15.046,11.1700,200
57555046101263,15:59:15.046,11.1700,300
57556612307978,15:59:16.612,11.1800,100
57556612307978,15:59:16.612,11.1800,100
57556612307978,15:59:16.612,11.1800,100
57556612307978,15:59:16.612,11.1800,99
57560032170643,15:59:20.032,11.1800,400
57560032207133,15:59:20.032,11.1800,101
57565190509110,15:59:25.190,11.1900,300
57567006671590,15:59:27.006,11.1900,100
57567006783312,15:59:27.006,11.1900,100
57569541200074,15:59:29.541,11.1900,3
57570199638930,15:59:30.199,11.2000,300
57570199638930,15:59:30.199,11.2000,200
57570200009300,15:59:30.200,11.2000,100
57570205711661,15:59:30.205,11.2050,100
57570207965008,15:59:30.207,11.2000,100
57570296639223,15:59:30.296,11.2000,100
57573090997740,15:59:33.090,11.1900,1
57575234100104,15:59:35.234,11.2100,100
57577112616597,15:59:37.112,11.2100,100
57580264326021,15:59:40.264,11.2100,200
57580271189966,15:59:40.271,11.2100,100
57581816172472,15:59:41.816,11.2000,100
57584057646777,15:59:44.057,11.2000,100
57585034603119,15:59:45.034,11.2000,400
57585034978901,15:59:45.034,11.2000,200
57587089156335,15:59:47.089,11.2100,100
57587142377950,15:59:47.142,11.2100,300
57587142377950,15:59:47.142,11.2100,400
57588030600038,15:59:48.030,11.2100,300
57588031145637,15:59:48.031,11.2100,100
57588031236253,15:59:48.031,11.2100,100
57588082290815,15:59:48.082,11.2100,7
57589018006121,15:59:49.018,11.2200,117
57590003571219,15:59:50.003,11.2200,83
57590003571219,15:59:50.003,11.2200,117
57590003627727,15:59:50.003,11.2200,83
57590003627727,15:59:50.003,11.2200,17
57590008383984,15:59:50.008,11.2200,57
57592070807216,15:59:52.070,11.2200,126
57592070807216,15:59:52.070,11.2200,374
57594054791275,15:59:54.054,11.2200,26
57594054791275,15:59:54.054,11.2200,144
57594072089414,15:59:54.072,11.2200,100
57594082257312,15:59:54.082,11.2200,56
57594082257312,15:59:54.082,11.2200,44
57594750916234,15:59:54.750,11.2100,14
57595053671384,15:59:55.053,11.2200,100
57595081459546,15:59:55.081,11.2200,200
57595095735506,15:59:55.095,11.2200,300
57597070477519,15:59:57.070,11.2200,100
57597070477519,15:59:57.070,11.2200,156
57597070477519,15:59:57.070,11.2200,6
57597853205399,15:59:57.853,11.2200,109
57598039433906,15:59:58.039,11.2200,200
57598078706135,15:59:58.078,11.2200,23
57600337308579,16:00:00.337,11.2100,23779
