timestamp,time,price,volume
34200560206858,09:30:00.560,0.0000,0
34412576405299,09:33:32.576,90.9600,100
34412585620497,09:33:32.585,92.4100,50
34412587554761,09:33:32.587,92.5900,16
34413033732257,09:33:33.033,91.2900,1
34413033732257,09:33:33.033,91.2900,16
34413818088708,09:33:33.818,91.7000,39
34413818088708,09:33:33.818,91.7000,8
34413818127038,09:33:33.818,91.7200,100
34413824198179,09:33:33.824,91.2500,100
34413824321348,09:33:33.824,90.9500,100
34416039340477,09:33:36.039,90.5000,100
34423022549833,09:33:43.022,90.4900,100
34424163425369,09:33:44.163,90.8700,100
34424163425369,09:33:44.163,90.8700,1
34424163425369,09:33:44.163,90.8700,36
34424163523852,09:33:44.163,90.8700,100
34424163870146,09:33:44.163,90.9200,100
34429170068296,09:33:49.170,91.7600,63
34441233242164,09:34:01.233,90.8500,5
34441690370944,09:34:01.690,91.7600,237
34441690370944,09:34:01.690,91.7600,85
34441691271068,09:34:01.691,91.5900,100
34441692743964,09:34:01.692,91.5900,55
34441692743964,09:34:01.692,91.6200,10
34441726949545,09:34:01.726,91.6100,100
34441727538018,09:34:01.727,91.6200,90
34441732426650,09:34:01.732,91.7500,95
34441732831903,09:34:01.732,91.8100,100
34491591899444,09:34:51.591,91.5900,100
34491591955611,09:34:51.591,91.5100,100
34491591955611,09:34:51.591,91.5100,100
34491592694860,09:34:51.592,91.4600,100
34491593047232,09:34:51.593,91.4600,100
34491593131607,09:34:51.593,91.4600,100
34491593136923,09:34:51.593,91.4600,100
34491593158850,09:34:51.593,91.4600,7
34491593195711,09:34:51.593,91.4600,100
34491593567397,09:34:51.593,91.4600,100
34491593887187,09:34:51.593,91.4600,100
34491593909154,09:34:51.593,91.4600,100
34491594003338,09:34:51.594,91.4600,7
34491594321382,09:34:51.594,91.4600,86
34491594321382,09:34:51.594,91.4500,7
34491594321382,09:34:51.594,91.4500,7
34491594361380,09:34:51.594,91.4500,93
34502424468442,09:35:02.424,91.0500,29
34573117677002,09:36:13.117,90.8900,30
34619906108340,09:36:59.906,90.8700,74
34626566009193,09:37:06.566,90.7600,200
34626566009193,09:37:06.566,90.7500,300
34626566021556,09:37:06.566,90.7500,100
34626566025122,09:37:06.566,90.7500,100
34626566025122,09:37:06.566,90.7500,100
34641627922149,09:37:21.627,90.8600,100
34641627922149,09:37:21.627,90.7500,200
34641627922149,09:37:21.627,90.7500,27
34641628321655,09:37:21.628,90.7500,73
34641628321655,09:37:21.628,90.7500,27
34641628944486,09:37:21.628,90.7000,35
34641628970547,09:37:21.628,90.7000,65
34641629299077,09:37:21.629,90.7200,37
34641629307532,09:37:21.629,90.7200,1
34641629718181,09:37:21.629,90.7200,60
34641629718181,09:37:21.629,90.7000,40
34641629804703,09:37:21.629,90.7000,60
34641629804703,09:37:21.629,90.7000,40
34641629960462,09:37:21.629,90.7100,100
34641630234404,09:37:21.630,90.7000,60
34641630234404,09:37:21.630,90.7000,40
34641631088281,09:37:21.631,90.7000,6
34641636688549,09:37:21.636,90.9400,100
34641636688549,09:37:21.636,90.9400,2
34641637128527,09:37:21.637,90.9300,40
34641637726061,09:37:21.637,90.9500,40
34643137681254,09:37:23.137,90.7000,54
34643137681254,09:37:23.137,90.7000,20
34643137740627,09:37:23.137,90.7000,80
34643138068145,09:37:23.138,90.7500,100
34643138069412,09:37:23.138,90.7500,60
34643138085942,09:37:23.138,90.7000,100
34643138256358,09:37:23.138,90.7200,100
34643138553316,09:37:23.138,90.7200,10
34643138648651,09:37:23.138,90.7200,100
34643139034214,09:37:23.139,90.7200,50
34654663861417,09:37:34.663,90.7300,140
34654663861417,09:37:34.663,90.7000,100
34654663861417,09:37:34.663,90.7000,58
34654663861417,09:37:34.663,90.7000,2
34654664233207,09:37:34.664,90.7000,54
34654664233207,09:37:34.664,90.7000,56
34654664233207,09:37:34.664,90.7000,54
34654665318189,09:37:34.665,90.8800,10
34654665318189,09:37:34.665,90.8800,100
34654666156535,09:37:34.666,90.7300,100
34654666182712,09:37:34.666,90.7300,20
34654666182712,09:37:34.666,90.7300,10
34654666182712,09:37:34.666,90.7300,10
34654666182712,09:37:34.666,90.7300,10
34654676494138,09:37:34.676,90.6500,100
34654689843646,09:37:34.689,90.6500,100
34654689843646,09:37:34.689,90.6500,60
34654690223047,09:37:34.690,90.6500,100
34654690395004,09:37:34.690,90.6500,100
34654690406426,09:37:34.690,90.6500,64
34654690434675,09:37:34.690,90.6500,76
34654691213843,09:37:34.691,90.6500,10
34658715385623,09:37:38.715,90.4400,43
34658715385623,09:37:38.715,90.4400,100
34658715489571,09:37:38.715,90.4800,100
34658719302296,09:37:38.719,90.2200,300
34658719320832,09:37:38.719,90.2100,100
34659401513546,09:37:39.401,90.2900,50
34662186790233,09:37:42.186,90.2900,100
34662186790233,09:37:42.186,90.2900,13
34662186790233,09:37:42.186,90.2900,82
34662187223424,09:37:42.187,90.2800,13
34662187399698,09:37:42.187,90.2800,16
34662187426715,09:37:42.187,90.2800,8
34662187449731,09:37:42.187,90.2800,76
34662243138384,09:37:42.243,90.3600,100
34662243138872,09:37:42.243,90.3600,100
34720222798174,09:38:40.222,90.2500,10
34720222798174,09:38:40.222,90.2400,90
34720222830877,09:38:40.222,90.2400,100
34720222859151,09:38:40.222,90.2400,100
34721866318598,09:38:41.866,90.2000,100
34722929530672,09:38:42.929,90.2000,200
34722929530672,09:38:42.929,90.2000,100
34722929530672,09:38:42.929,90.1900,72
34727756040955,09:38:47.756,90.3500,1
34727756067186,09:38:47.756,90.3800,5
34727756240206,09:38:47.756,90.3800,95
34727756240206,09:38:47.756,90.3800,5
34727756411110,09:38:47.756,90.3800,95
34727757235253,09:38:47.757,90.4300,5
34727758594236,09:38:47.758,90.4300,95
34727827944416,09:38:47.827,90.3000,70
34736199517710,09:38:56.199,90.4800,100
34736199842050,09:38:56.199,90.4900,50
34736199842050,09:38:56.199,90.5000,50
34736199844217,09:38:56.199,90.5000,50
34736200282626,09:38:56.200,90.5100,100
34736200348334,09:38:56.200,90.5700,100
34737063219130,09:38:57.063,90.6800,60
34743495798846,09:39:03.495,90.6800,12
34743495869768,09:39:03.495,90.6800,28
34743495869768,09:39:03.495,90.7100,100
34743495869768,09:39:03.495,90.7100,72
34754403172351,09:39:14.403,90.7100,28
34760866959348,09:39:20.866,90.8100,100
34760967199463,09:39:20.967,90.8100,61
34764889348089,09:39:24.889,90.8100,100
34764890273753,09:39:24.890,90.8100,39
34769912776478,09:39:29.912,91.1000,100
34769913178554,09:39:29.913,91.1000,100
34769913256887,09:39:29.913,91.1000,100
34769913256887,09:39:29.913,91.1300,100
34769913646457,09:39:29.913,91.1300,100
34785142492869,09:39:45.142,91.6200,55
34785640924452,09:39:45.640,91.6200,61
34790423408847,09:39:50.423,91.6200,84
34795658604277,09:39:55.658,91.9900,100
34795659019481,09:39:55.659,92.0000,10
34795659019481,09:39:55.659,92.0000,90
34805625008827,09:40:05.625,91.8350,100
34806127002555,09:40:06.127,91.8350,100
34813796880973,09:40:13.796,92.1800,75
34908852453331,09:41:48.852,91.4800,93
34909058869374,09:41:49.058,91.4800,68
34909059895963,09:41:49.059,91.5800,100
34909059906074,09:41:49.059,91.4800,100
34909060036327,09:41:49.060,91.4800,100
34909060208501,09:41:49.060,91.4000,16
34909060237211,09:41:49.060,91.4000,40
34909060238464,09:41:49.060,91.4000,144
34909060560526,09:41:49.060,91.4800,1
34909060702188,09:41:49.060,91.4100,1
34909060757377,09:41:49.060,91.4100,16
34909060816518,09:41:49.060,91.4100,16
34909060861307,09:41:49.060,91.4100,16
34909060926980,09:41:49.060,91.4100,16
34909061102195,09:41:49.061,91.4100,5
34909061103634,09:41:49.061,91.4100,2
34909061134228,09:41:49.061,91.4100,16
34909061155340,09:41:49.061,91.4100,13
34909061155340,09:41:49.061,91.4100,87
34909061156176,09:41:49.061,91.3700,1
34909061179610,09:41:49.061,91.4100,13
34909061217824,09:41:49.061,91.3900,10
34909061217824,09:41:49.061,91.3700,99
34909061217824,09:41:49.061,91.3700,90
34909061301335,09:41:49.061,91.4100,10
34909061581634,09:41:49.061,91.3700,10
34909061659986,09:41:49.061,91.3700,16
34909062058605,09:41:49.062,91.3200,100
34909062142731,09:41:49.062,91.3200,100
34909062316524,09:41:49.062,91.3700,100
34909062316524,09:41:49.062,91.3700,2
34909062316524,09:41:49.062,91.3700,100
34909062316524,09:41:49.062,91.3700,174
34909062316524,09:41:49.062,91.3800,100
34909062328143,09:41:49.062,91.3200,43
34909062435596,09:41:49.062,91.3700,50
34909062600222,09:41:49.062,91.3200,57
34909062600222,09:41:49.062,91.3200,43
34909062629417,09:41:49.062,91.3200,57
34909063035034,09:41:49.063,91.3500,10
34909063035034,09:41:49.063,91.3700,50
34911367116430,09:41:51.367,91.4400,100
34911367116430,09:41:51.367,91.4100,200
34911367116430,09:41:51.367,91.3900,50
34911367116430,09:41:51.367,91.3900,10
34911367116430,09:41:51.367,91.3900,16
34930444123137,09:42:10.444,91.4600,52
34930444123137,09:42:10.444,91.4600,56
34930444123137,09:42:10.444,91.4600,50
34930444123137,09:42:10.444,91.4600,55
34930444123137,09:42:10.444,91.4600,55
34930444123137,09:42:10.444,91.4600,32
34930444530450,09:42:10.444,91.4600,23
34930445076543,09:42:10.445,91.4500,53
34930445306592,09:42:10.445,91.4500,3
34930445306592,09:42:10.445,91.4500,55
34930449711067,09:42:10.449,91.4200,100
34930460264551,09:42:10.460,91.3600,4
34930460494962,09:42:10.460,91.4100,10
34930524402215,09:42:10.524,91.4500,42
34944723458038,09:42:24.723,91.4350,100
34944723458038,09:42:24.723,91.5200,100
34944723510448,09:42:24.723,91.5200,100
34944723569156,09:42:24.723,91.5200,100
34944723591386,09:42:24.723,91.5100,10
34944837542910,09:42:24.837,91.5400,100
34944837542910,09:42:24.837,91.5400,100
34944837542910,09:42:24.837,91.5400,100
34944837596737,09:42:24.837,91.5600,300
34944837596737,09:42:24.837,91.5600,100
34944837698240,09:42:24.837,91.4500,10
34944837698240,09:42:24.837,91.4400,100
34944837698240,09:42:24.837,91.4000,90
34957585544154,09:42:37.585,91.5100,120
34959560322692,09:42:39.560,91.3500,100
34959561842226,09:42:39.561,91.3500,55
34959562301355,09:42:39.562,91.3000,100
34959562386174,09:42:39.562,91.3000,100
34959562407343,09:42:39.562,91.3000,100
34959562422455,09:42:39.562,91.3000,51
34959562425485,09:42:39.562,91.3000,49
34959562752080,09:42:39.562,91.3000,12
34959743235579,09:42:39.743,91.3000,100
34959743711780,09:42:39.743,91.3500,100
34966978154749,09:42:46.978,91.2600,100
34966978154749,09:42:46.978,91.1900,50
34966978154749,09:42:46.978,91.1800,59
34966978154749,09:42:46.978,91.1800,30
34966978154749,09:42:46.978,91.1500,100
34966978154749,09:42:46.978,91.1500,87
34966978220051,09:42:46.978,91.1900,100
34966978470658,09:42:46.978,91.1500,10
34966978583185,09:42:46.978,91.1200,10
34966978624735,09:42:46.978,91.1200,40
34966978736494,09:42:46.978,91.1300,10
34966978825933,09:42:46.978,91.1300,100
34966979178949,09:42:46.979,91.1100,10
34966979178949,09:42:46.979,91.1000,90
34966979186302,09:42:46.979,91.1000,10
34966981195560,09:42:46.981,91.1300,10
34966981195560,09:42:46.981,91.1300,10
34966981196359,09:42:46.981,91.1200,50
34970173896528,09:42:50.173,91.0600,100
34970173896528,09:42:50.173,91.0900,50
34970173896528,09:42:50.173,91.1100,50
34990591146498,09:43:10.591,90.6700,50
34990591146498,09:43:10.591,90.6700,100
34990591146498,09:43:10.591,90.6700,50
34990591176866,09:43:10.591,90.6700,54
34990591176866,09:43:10.591,90.6700,5
34990591176866,09:43:10.591,90.6700,4
34990592082018,09:43:10.592,90.6600,100
34990592082018,09:43:10.592,90.6700,100
34990592521127,09:43:10.592,90.6600,100
34990793979398,09:43:10.793,90.5300,50
34990793979398,09:43:10.793,90.5300,50
34990794005755,09:43:10.794,90.5300,5
34991203101912,09:43:11.203,90.3500,100
34991503412672,09:43:11.503,90.2600,100
34991503466226,09:43:11.503,90.2600,53
34991503471786,09:43:11.503,90.2600,100
34991503473739,09:43:11.503,90.2600,47
34991503473739,09:43:11.503,90.2500,53
35003229884096,09:43:23.229,90.4200,100
35003229884096,09:43:23.229,90.5700,50
35003229884096,09:43:23.229,90.5900,50
35003229884096,09:43:23.229,90.6000,50
35003229884096,09:43:23.229,90.6100,90
35004231231028,09:43:24.231,90.3000,100
35004232727574,09:43:24.232,90.1200,50
35004232727574,09:43:24.232,90.0300,50
35004535152811,09:43:24.535,90.0600,100
35004536070818,09:43:24.536,90.0200,100
35004553045177,09:43:24.553,90.0100,4
35075495219129,09:44:35.495,90.0600,15
35075495900913,09:44:35.495,90.0600,35
35075495900913,09:44:35.495,90.0600,51
35075495900913,09:44:35.495,90.0600,5
35075496085753,09:44:35.496,90.0600,200
35075496230038,09:44:35.496,90.0700,100
35075496526087,09:44:35.496,90.0700,1
35082107472781,09:44:42.107,90.0200,50
35082107823433,09:44:42.107,90.0100,54
35082107823433,09:44:42.107,90.0100,44
35082107823433,09:44:42.107,90.0100,2
35082107895437,09:44:42.107,90.0100,10
35082108435372,09:44:42.108,89.8500,4
35082108461511,09:44:42.108,89.8500,96
35082109181254,09:44:42.109,89.8700,100
35082110030442,09:44:42.110,89.9300,40
35082120208090,09:44:42.120,89.8500,10
35082150162902,09:44:42.150,89.8200,200
35082150279219,09:44:42.150,89.8400,100
35082164839229,09:44:42.164,89.9300,60
35083157996576,09:44:43.157,90.0100,100
35083158082869,09:44:43.158,90.0300,100
35083161413544,09:44:43.161,90.0100,100
35083162026380,09:44:43.162,90.0000,100
35083162026380,09:44:43.162,90.0100,100
35100011299236,09:45:00.011,90.2000,100
35100011464951,09:45:00.011,90.2600,90
35100011869842,09:45:00.011,90.3100,100
35101038301202,09:45:01.038,90.2500,34
35126193063433,09:45:26.193,90.5900,2
35126193063433,09:45:26.193,90.5900,100
35126193898960,09:45:26.193,90.6200,100
35126194112169,09:45:26.194,90.5400,2
35126194333130,09:45:26.194,90.6200,200
35127297591456,09:45:27.297,90.7400,100
35127298024078,09:45:27.298,90.7400,100
35127308900605,09:45:27.308,90.9900,96
35162958831246,09:46:02.958,91.1900,1
35186950454758,09:46:26.950,91.2900,1
35186950454758,09:46:26.950,91.2900,99
35186950782481,09:46:26.950,91.3100,100
35186951435175,09:46:26.951,91.3100,23
35186951500623,09:46:26.951,91.3100,56
35186951561834,09:46:26.951,91.3100,100
35186951584110,09:46:26.951,91.2300,10
35186956828869,09:46:26.956,91.3300,84
35186956828869,09:46:26.956,91.3400,16
35186963738599,09:46:26.963,91.3400,100
35186976787240,09:46:26.976,91.3400,100
35186999151041,09:46:26.999,91.2650,100
35187424765193,09:46:27.424,91.2000,24
35187424765193,09:46:27.424,91.1800,55
35187424765193,09:46:27.424,91.1800,21
35187425207614,09:46:27.425,91.1800,34
35187425323696,09:46:27.425,91.1400,50
35187425756357,09:46:27.425,91.1400,5
35187425812944,09:46:27.425,90.9000,100
35187426028553,09:46:27.426,90.9000,20
35187430011650,09:46:27.430,91.1800,20
35187430011650,09:46:27.430,91.1800,100
35197697824585,09:46:37.697,91.3300,100
35199329996932,09:46:39.329,91.1400,100
35199337134371,09:46:39.337,91.2900,72
35199337134371,09:46:39.337,91.3400,28
35218834396474,09:46:58.834,91.0300,50
35228199417180,09:47:08.199,91.2200,100
35228199417180,09:47:08.199,91.2200,100
35228199417180,09:47:08.199,91.2200,100
35228199480552,09:47:08.199,91.1300,10
35228199480552,09:47:08.199,91.0800,40
35228208469154,09:47:08.208,91.2300,100
35228208469154,09:47:08.208,91.2300,30
35228235167446,09:47:08.235,91.1300,13
35228235167446,09:47:08.235,91.1300,10
35230099756744,09:47:10.099,91.1300,15
35230099757988,09:47:10.099,91.1000,47
35230099778637,09:47:10.099,91.0800,100
35230099793258,09:47:10.099,91.0400,1
35230100064420,09:47:10.100,91.0000,100
35230117713009,09:47:10.117,91.0000,100
35231228367761,09:47:11.228,91.0800,30
35231228542604,09:47:11.228,90.9900,10
35231228585357,09:47:11.228,90.9900,90
35231228683740,09:47:11.228,90.9900,10
35231228872434,09:47:11.228,90.9900,10
35231228872434,09:47:11.228,90.9900,10
35233750940668,09:47:13.750,91.1400,8
35246399857657,09:47:26.399,91.2000,55
35246400292085,09:47:26.400,91.2000,45
35246400292085,09:47:26.400,91.2200,55
35259442354195,09:47:39.442,91.2300,100
35259442382901,09:47:39.442,91.2300,1
35259869098230,09:47:39.869,91.3700,100
35259869154007,09:47:39.869,91.3700,251
35259875542950,09:47:39.875,91.3400,100
35259881691974,09:47:39.881,91.3500,100
35262012619192,09:47:42.012,91.1600,55
35262012823030,09:47:42.012,91.1100,55
35262025035868,09:47:42.025,91.0300,100
35262118875444,09:47:42.118,91.1400,100
35262118875444,09:47:42.118,91.1400,65
35262118885448,09:47:42.118,91.1400,35
35262405452754,09:47:42.405,91.1500,100
35274448090308,09:47:54.448,91.1600,200
35274448173930,09:47:54.448,91.1600,200
35274448749446,09:47:54.448,91.1700,100
35274448750655,09:47:54.448,91.1700,100
35275053343448,09:47:55.053,91.3100,100
35283887446748,09:48:03.887,91.1100,50
35283887446748,09:48:03.887,91.1100,50
35287747052242,09:48:07.747,91.1100,1
35287747053682,09:48:07.747,91.1000,55
35287747053682,09:48:07.747,91.1000,45
35287747068066,09:48:07.747,91.1000,55
35287747068066,09:48:07.747,91.1000,100
35287747087888,09:48:07.747,91.0900,55
35287749671365,09:48:07.749,91.0200,100
35287749701785,09:48:07.749,91.0100,100
35287749708029,09:48:07.749,91.0000,100
35287749710928,09:48:07.749,91.0000,100
35287750721428,09:48:07.750,90.9600,100
35287752152206,09:48:07.752,90.9600,50
35287752560253,09:48:07.752,90.9500,100
35292920863984,09:48:12.920,91.0000,100
35295022718142,09:48:15.022,91.0000,100
35303612752808,09:48:23.612,91.0800,55
35303612778975,09:48:23.612,91.0800,45
35303612837161,09:48:23.612,91.0800,100
35303613138288,09:48:23.613,91.0900,100
35303613275624,09:48:23.613,91.1000,200
35303613275624,09:48:23.613,91.1100,100
35303617157539,09:48:23.617,91.0800,100
35303617564615,09:48:23.617,91.0800,100
35303618910955,09:48:23.618,91.0800,34
35303618920655,09:48:23.618,91.0800,16
35303754536564,09:48:23.754,91.2500,100
35306568445937,09:48:26.568,91.1100,50
35306569022949,09:48:26.569,91.1100,100
35307946265412,09:48:27.946,91.2400,55
35312766003226,09:48:32.766,91.1400,50
35312780768767,09:48:32.780,91.3000,100
35313412670204,09:48:33.412,91.3000,11
35325242917787,09:48:45.242,91.1100,70
35325242917787,09:48:45.242,91.1100,30
35325242943767,09:48:45.242,91.1100,70
35344838355693,09:49:04.838,91.1100,40
35344838397393,09:49:04.838,91.1100,10
35344839726752,09:49:04.839,91.0700,10
35344840078169,09:49:04.840,91.0600,47
35344841147285,09:49:04.841,91.0700,50
35344842975758,09:49:04.842,91.0000,100
35344843065408,09:49:04.843,91.0000,100
35344843711523,09:49:04.843,91.0000,100
35344843813961,09:49:04.843,91.0000,100
35344843837693,09:49:04.843,90.9900,100
35344845227698,09:49:04.845,90.9300,100
35345021040733,09:49:05.021,90.9200,100
35345021065805,09:49:05.021,90.9200,8
35345021065805,09:49:05.021,90.9200,44
35345021084816,09:49:05.021,90.9200,52
35345021094395,09:49:05.021,90.9200,48
35347881445404,09:49:07.881,91.0200,100
35347881445404,09:49:07.881,91.0200,56
35347881520278,09:49:07.881,91.0200,8
35347881853143,09:49:07.881,91.0200,8
35347881875253,09:49:07.881,91.0300,30
35390687098351,09:49:50.687,91.0800,100
35395956641063,09:49:55.956,91.0800,100
35397033240242,09:49:57.033,91.1100,1
35399209497723,09:49:59.209,91.0300,155
35399209499215,09:49:59.209,91.0300,45
35399209499215,09:49:59.209,91.0100,55
35399209832062,09:49:59.209,91.0100,45
35399209832062,09:49:59.209,91.0100,55
35409874283700,09:50:09.874,90.9700,2
35409874327801,09:50:09.874,90.9700,98
35409874327801,09:50:09.874,90.9700,42
35409874327801,09:50:09.874,90.9700,13
35415020983174,09:50:15.020,90.9200,55
35415051489488,09:50:15.051,90.9500,100
35415443207343,09:50:15.443,90.9600,100
35415443207343,09:50:15.443,90.9600,100
35415496927482,09:50:15.496,91.0800,100
35415496927482,09:50:15.496,91.0900,100
35415514582704,09:50:15.514,91.0800,100
35424444237537,09:50:24.444,91.1000,100
35425189086193,09:50:25.189,91.1700,55
35425189113650,09:50:25.189,91.1700,45
35425189521530,09:50:25.189,91.1700,45
35425189900743,09:50:25.189,91.1700,55
35434688930669,09:50:34.688,91.2800,100
35434689715140,09:50:34.689,91.2600,100
35434689845191,09:50:34.689,91.2800,38
35434689849532,09:50:34.689,91.2800,28
35434689870962,09:50:34.689,91.2800,34
35434689870962,09:50:34.689,91.2800,100
35434690766316,09:50:34.690,91.1200,44
35434690766316,09:50:34.690,91.1200,50
35434692343500,09:50:34.692,91.2100,100
35434697589094,09:50:34.697,91.2100,100
35434700950208,09:50:34.700,91.1200,6
35436392983961,09:50:36.392,91.1200,94
35436393061366,09:50:36.393,91.1200,100
35436393129501,09:50:36.393,91.1200,100
35436393446693,09:50:36.393,91.1100,11
35436393497613,09:50:36.393,91.1000,3
35436394553546,09:50:36.394,91.1000,100
35436398598101,09:50:36.398,91.1100,1
35436518351230,09:50:36.518,91.1100,44
35436518390241,09:50:36.518,91.1100,56
35436518406583,09:50:36.518,91.1100,56
35439756400806,09:50:39.756,91.1000,100
35440747220599,09:50:40.747,91.1000,44
35440747316217,09:50:40.747,91.1000,53
35440747316217,09:50:40.747,91.0800,44
35440747316217,09:50:40.747,91.0600,3
35440747318627,09:50:40.747,91.0600,97
35440747318627,09:50:40.747,91.0600,3
35440747387606,09:50:40.747,91.0600,2
35440747387606,09:50:40.747,91.0600,98
35440747402105,09:50:40.747,91.0600,2
35440747409596,09:50:40.747,91.0400,1
35440755720764,09:50:40.755,91.0200,7
35442620008629,09:50:42.620,91.0500,50
35442620008629,09:50:42.620,91.0600,50
35465024211498,09:51:05.024,90.9700,11
35465024211498,09:51:05.024,90.9700,89
35465024241153,09:51:05.024,90.9700,11
35475651107921,09:51:15.651,90.9600,2
35492484484899,09:51:32.484,90.9300,55
35516698366787,09:51:56.698,90.9500,1
35516698368265,09:51:56.698,90.9500,38
35516698368265,09:51:56.698,90.9600,1
35516698368265,09:51:56.698,90.9600,61
35516698371554,09:51:56.698,90.9600,39
35516698551868,09:51:56.698,90.9800,100
35516698627263,09:51:56.698,90.9800,100
35516699389698,09:51:56.699,91.0000,100
35516699846251,09:51:56.699,91.0000,15
35520627375934,09:52:00.627,91.1800,100
35521100163721,09:52:01.100,91.1900,55
35558888394413,09:52:38.888,91.0400,1
35558888394413,09:52:38.888,91.0400,50
35558888394413,09:52:38.888,91.0400,49
35558888427241,09:52:38.888,91.0400,51
35558888427241,09:52:38.888,91.0400,100
35558888487343,09:52:38.888,91.0400,100
35558889314955,09:52:38.889,91.0000,100
35572760899262,09:52:52.760,91.0300,15
35572760899262,09:52:52.760,91.0400,71
35572760929210,09:52:52.760,91.0400,29
35572760929210,09:52:52.760,91.0400,100
35572760989577,09:52:52.760,91.0400,100
35572761402240,09:52:52.761,91.0500,100
35572762165969,09:52:52.762,91.0700,100
35589660934086,09:53:09.660,91.2900,100
35589661313261,09:53:09.661,91.2900,1
35610679798082,09:53:30.679,91.2900,12
35610679809424,09:53:30.679,91.2900,88
35614947359830,09:53:34.947,91.4600,9
35646027043160,09:54:06.027,91.4100,25
35654411496083,09:54:14.411,91.3000,75
35657034446639,09:54:17.034,91.4300,100
35657034514520,09:54:17.034,91.4300,100
35657035008231,09:54:17.035,91.4300,10
35657035008231,09:54:17.035,91.4300,9
35657035008231,09:54:17.035,91.4300,81
35657035015607,09:54:17.035,91.4300,9
35657036013509,09:54:17.036,91.4300,25
35657039834527,09:54:17.039,91.4300,75
35657039834527,09:54:17.039,91.4300,90
35702519630482,09:55:02.519,91.6900,100
35702519692714,09:55:02.519,91.6900,1
35702519749427,09:55:02.519,91.5700,10
35702519749427,09:55:02.519,91.5000,100
35702519780862,09:55:02.519,91.4900,90
35702519802547,09:55:02.519,91.4900,10
35709881928040,09:55:09.881,91.5000,94
35714574121505,09:55:14.574,91.7100,50
35714575236554,09:55:14.575,91.7100,50
35714700945725,09:55:14.700,91.7500,100
35732372585980,09:55:32.372,91.9800,100
35757586103827,09:55:57.586,92.0900,100
35757586106389,09:55:57.586,92.0900,100
35757586108791,09:55:57.586,92.0800,1
35757586108791,09:55:57.586,92.0700,25
35757586108791,09:55:57.586,92.0500,74
35757586201627,09:55:57.586,92.0500,26
35757586201627,09:55:57.586,92.0500,74
35757586294564,09:55:57.586,92.0500,26
35757586572686,09:55:57.586,92.0100,42
35757586597207,09:55:57.586,92.0100,58
35757586634624,09:55:57.586,92.0000,100
35757586634624,09:55:57.586,92.0000,100
35757591282760,09:55:57.591,91.9100,100
35757591282760,09:55:57.591,91.9100,100
35757591328807,09:55:57.591,91.9000,100
35757591690930,09:55:57.591,91.9000,100
35757868871593,09:55:57.868,91.9000,100
35799291821741,09:56:39.291,91.8300,34
35800155281409,09:56:40.155,91.7000,100
35808944148261,09:56:48.944,91.4000,1
35814441565828,09:56:54.441,91.2900,100
35814441646795,09:56:54.441,91.2800,90
35814441646795,09:56:54.441,91.2800,300
35818507419210,09:56:58.507,91.3400,3
35818507419210,09:56:58.507,91.3600,100
35818507419210,09:56:58.507,91.3600,1
35818507419210,09:56:58.507,91.3600,100
35818507419210,09:56:58.507,91.3600,60
35818508009938,09:56:58.508,91.4500,57
35818508107283,09:56:58.508,91.4500,43
35818511138626,09:56:58.511,91.5400,100
35834937702502,09:57:14.937,91.4700,1
35846314708811,09:57:26.314,91.5100,100
35888405707821,09:58:08.405,91.6000,50
35936558684161,09:58:56.558,91.6100,50
35945024951486,09:59:05.024,91.5800,100
35945025248530,09:59:05.025,91.5100,24
35945025275503,09:59:05.025,91.5100,76
35945031337143,09:59:05.031,91.6000,1
35946599288746,09:59:06.599,91.6400,30
35946599971079,09:59:06.599,91.6900,100
35999543179464,09:59:59.543,91.8700,100
35999543179464,09:59:59.543,91.8700,100
35999543179464,09:59:59.543,91.8700,100
35999543616672,09:59:59.543,91.9200,100
36012033153160,10:00:12.033,91.9500,1
36033440013420,10:00:33.440,92.0000,100
36042419351955,10:00:42.419,91.9200,100
36042419351955,10:00:42.419,91.9100,1
36042419353476,10:00:42.419,91.9100,99
36042419353476,10:00:42.419,91.9000,1
36042419354359,10:00:42.419,91.9000,8
36078945022504,10:01:18.945,91.9300,1
36078945104384,10:01:18.945,91.9000,91
36078945104384,10:01:18.945,91.9000,10
36078945490247,10:01:18.945,91.9300,100
36078945619454,10:01:18.945,91.9300,1
36078945757418,10:01:18.945,91.9000,10
36078945980364,10:01:18.945,91.8700,12
36078959875840,10:01:18.959,91.8700,4
36078959924422,10:01:18.959,91.8700,84
36078959924422,10:01:18.959,91.8700,16
36078959925267,10:01:18.959,91.8700,100
36078959953110,10:01:18.959,91.8700,145
36078960012514,10:01:18.960,91.8700,39
36078960267745,10:01:18.960,91.8600,39
36078974899973,10:01:18.974,91.8600,8
36134744668896,10:02:14.744,91.8200,14
36134744677130,10:02:14.744,91.8200,100
36142932924866,10:02:22.932,91.7700,1
36165074478716,10:02:45.074,91.6400,100
36165075602493,10:02:45.075,91.6400,48
36165075628443,10:02:45.075,91.6400,1
36165075631709,10:02:45.075,91.6400,51
36178278782206,10:02:58.278,91.4900,100
36311666480093,10:05:11.666,91.5200,100
36311666480093,10:05:11.666,91.5200,100
36311666531887,10:05:11.666,91.5200,7
36311666531887,10:05:11.666,91.5200,200
36311666531887,10:05:11.666,91.5200,100
36311667440092,10:05:11.667,91.4700,100
36327679804602,10:05:27.679,91.4700,100
36327679804602,10:05:27.679,91.4700,100
36377733187501,10:06:17.733,91.5200,1
36425531518451,10:07:05.531,91.4100,1
36451679016264,10:07:31.679,91.5200,34
36453697549736,10:07:33.697,91.4300,1
36453697552346,10:07:33.697,91.4300,1
36453697552895,10:07:33.697,91.4300,1
36453723044746,10:07:33.723,91.4300,97
36453723044746,10:07:33.723,91.4300,3
36453972236189,10:07:33.972,91.4300,9
36453972236189,10:07:33.972,91.4100,91
36476163199255,10:07:56.163,91.4800,20
36476163199255,10:07:56.163,91.4800,100
36476163199255,10:07:56.163,91.4800,3
36476163291187,10:07:56.163,91.4800,100
36476163735469,10:07:56.163,91.4800,100
36476164742220,10:07:56.164,91.5400,60
36480128870746,10:08:00.128,91.5500,100
36480128870746,10:08:00.128,91.5500,100
36480128908236,10:08:00.128,91.5500,100
36480128910381,10:08:00.128,91.5150,300
36480129041087,10:08:00.129,91.5600,100
36480129457526,10:08:00.129,91.5600,100
36480218206029,10:08:00.218,91.5100,1
36485407787532,10:08:05.407,91.5100,8
36485407892809,10:08:05.407,91.5100,39
36485407916081,10:08:05.407,91.5100,61
36490030430518,10:08:10.030,91.4800,1
36490030431085,10:08:10.030,91.4800,1
36490030431610,10:08:10.030,91.4800,1
36490030433440,10:08:10.030,91.4800,1
36490030435086,10:08:10.030,91.4800,1
36500475367859,10:08:20.475,91.4900,13
36500475367859,10:08:20.475,91.4900,14
36506438531155,10:08:26.438,91.4800,95
36506438531155,10:08:26.438,91.4800,64
36602122486280,10:10:02.122,91.5600,50
36602122486280,10:10:02.122,91.5600,50
36602122488579,10:10:02.122,91.5600,50
36602122510318,10:10:02.122,91.5700,4
36602122532865,10:10:02.122,91.5700,69
36602122666173,10:10:02.122,91.5700,27
36602273945377,10:10:02.273,91.6300,100
36602273945377,10:10:02.273,91.6300,100
36602273945377,10:10:02.273,91.6300,100
36603180313673,10:10:03.180,91.7100,100
36603377799971,10:10:03.377,91.7300,100
36617299789444,10:10:17.299,91.9000,60
36619116788965,10:10:19.116,91.9800,50
36619116788965,10:10:19.116,91.8900,50
36651108902769,10:10:51.108,91.9500,50
36651108902769,10:10:51.108,91.8900,50
36694244134664,10:11:34.244,91.9700,1
36694244134664,10:11:34.244,92.0300,20
36694244134664,10:11:34.244,92.0500,26
36694244134664,10:11:34.244,92.1000,3
36694244210549,10:11:34.244,91.9400,10
36694244210549,10:11:34.244,91.9400,50
36694256441632,10:11:34.256,92.0500,10
36708699329801,10:11:48.699,92.0800,68
36708705126201,10:11:48.705,92.0900,100
36708705229606,10:11:48.705,92.0900,38
36708705229606,10:11:48.705,92.0900,1
36708705729343,10:11:48.705,92.1000,68
36747643304665,10:12:27.643,92.0400,41
36747643330050,10:12:27.643,92.0400,59
36749567555990,10:12:29.567,92.2200,75
36749572663147,10:12:29.572,92.2200,25
36749572663147,10:12:29.572,92.2300,75
36779147056528,10:12:59.147,92.2300,100
36789227229561,10:13:09.227,92.0500,100
36789227229561,10:13:09.227,92.0300,10
36789227229561,10:13:09.227,92.0300,2
36789227240286,10:13:09.227,92.0300,84
36789227240286,10:13:09.227,92.0200,100
36789227240286,10:13:09.227,92.0200,12
36789227467737,10:13:09.227,92.0200,100
36789227740650,10:13:09.227,92.0000,100
36789236747285,10:13:09.236,91.9600,100
36789236785424,10:13:09.236,91.9600,100
36789236795382,10:13:09.236,91.9500,100
36789243107518,10:13:09.243,91.9500,100
36789243371815,10:13:09.243,91.9500,93
36789243398658,10:13:09.243,91.9500,7
36789243411609,10:13:09.243,91.9500,7
36789341726493,10:13:09.341,91.9800,100
36789823043304,10:13:09.823,91.9800,4
36789823043304,10:13:09.823,91.9800,15
36789823043304,10:13:09.823,91.9800,60
36789823796832,10:13:09.823,91.9900,100
36789824257906,10:13:09.824,91.9800,100
36789825862336,10:13:09.825,91.9800,86
36810539788932,10:13:30.539,91.8800,100
36810539893323,10:13:30.539,91.8800,100
36825025501411,10:13:45.025,91.8000,100
36826692977170,10:13:46.692,91.9200,6
36826692977170,10:13:46.692,91.9200,100
36826692977170,10:13:46.692,91.9200,178
36826693484318,10:13:46.693,91.9600,100
36829478921857,10:13:49.478,91.9200,183
36829478951999,10:13:49.478,91.9200,17
36920025716952,10:15:20.025,91.9050,100
36920025753399,10:15:20.025,91.9050,100
36939703384451,10:15:39.703,91.9000,100
36981941064213,10:16:21.941,91.9900,100
36981941064213,10:16:21.941,91.9900,1
36981941064213,10:16:21.941,91.9900,1
36981941064213,10:16:21.941,91.9900,98
36981941175355,10:16:21.941,91.9900,100
36981943028019,10:16:21.943,92.0300,70
36981953842735,10:16:21.953,92.1300,100
36981954426676,10:16:21.954,92.1400,100
36981954427938,10:16:21.954,92.1400,100
36981954534760,10:16:21.954,92.0400,50
36982293909380,10:16:22.293,92.1500,70
36983051003096,10:16:23.051,92.3200,50
36983051003096,10:16:23.051,92.3300,100
36983051003096,10:16:23.051,92.3300,150
36985829314887,10:16:25.829,92.1900,100
36987740522689,10:16:27.740,92.3300,50
36987740522689,10:16:27.740,92.4600,100
36987740522689,10:16:27.740,92.4700,261
36987747412927,10:16:27.747,92.4800,111
36987747412927,10:16:27.747,92.4800,100
36987747412927,10:16:27.747,92.4800,100
36987747555892,10:16:27.747,92.3400,60
36988852331638,10:16:28.852,92.6200,97
36990406497478,10:16:30.406,92.6300,100
36992000733841,10:16:32.000,92.5400,100
36998288075631,10:16:38.288,92.5100,100
36998288075631,10:16:38.288,92.5000,100
36998288163262,10:16:38.288,92.5000,100
36998289010353,10:16:38.289,92.5000,100
36998289010353,10:16:38.289,92.5000,100
36998289523147,10:16:38.289,92.5000,100
36998289523147,10:16:38.289,92.5000,100
36998289559144,10:16:38.289,92.5100,100
36998289691773,10:16:38.289,92.5100,100
36998290429197,10:16:38.290,92.5100,100
36998290678048,10:16:38.290,92.5100,100
37005025073446,10:16:45.025,92.4000,100
37005070449010,10:16:45.070,92.3900,100
37005072166114,10:16:45.072,92.4600,10
37005072346512,10:16:45.072,92.4700,56
37081967139155,10:18:01.967,92.5300,100
37081967139155,10:18:01.967,92.5300,100
37081967139155,10:18:01.967,92.5300,51
37081967139155,10:18:01.967,92.5300,4
37082050965123,10:18:02.050,92.6300,100
37082050989331,10:18:02.050,92.6300,65
37082072841720,10:18:02.072,92.6800,15
37089215158075,10:18:09.215,92.6900,40
37089215158075,10:18:09.215,92.6900,60
37089215204945,10:18:09.215,92.6900,40
37089215204945,10:18:09.215,92.6800,101
37089215204945,10:18:09.215,92.6800,40
37089215204945,10:18:09.215,92.6800,11
37089215204945,10:18:09.215,92.6800,8
37089215524828,10:18:09.215,92.6800,92
37089215527631,10:18:09.215,92.6800,10
37090744922337,10:18:10.744,92.6900,100
37093451817430,10:18:13.451,92.8200,100
37093451817430,10:18:13.451,92.8400,54
37093451817430,10:18:13.451,92.8400,71
37093451817430,10:18:13.451,92.8400,80
37093451817430,10:18:13.451,92.8400,54
37093451819147,10:18:13.451,92.8400,46
37093451819147,10:18:13.451,92.8400,54
37093451819147,10:18:13.451,92.8400,100
37093451820352,10:18:13.451,92.8500,54
37093451820352,10:18:13.451,92.8500,71
37093451820352,10:18:13.451,92.8500,100
37093451890115,10:18:13.451,92.8400,100
37093452297215,10:18:13.452,92.8600,15
37093452331672,10:18:13.452,92.8600,85
37093452331672,10:18:13.452,92.8700,52
37093452387481,10:18:13.452,92.8700,48
37093740979677,10:18:13.740,92.9500,100
37104938435796,10:18:24.938,92.8400,59
37106973831104,10:18:26.973,92.7900,5
37106980141692,10:18:26.980,92.7900,6
37109522684162,10:18:29.522,92.7900,55
37109528110689,10:18:29.528,92.7900,34
37109528140260,10:18:29.528,92.6900,66
37109528160067,10:18:29.528,92.7700,100
37109528164410,10:18:29.528,92.6800,100
37109558716050,10:18:29.558,92.6600,100
37109559034820,10:18:29.559,92.6600,100
37109684697662,10:18:29.684,92.7100,100
37135023740475,10:18:55.023,92.5400,40
37135023740475,10:18:55.023,92.5300,60
37135024756580,10:18:55.024,92.5500,100
37135025548478,10:18:55.025,92.5300,40
37135025641111,10:18:55.025,92.5200,37
37135032261371,10:18:55.032,92.5200,63
37137319608500,10:18:57.319,92.5500,100
37137319608500,10:18:57.319,92.5500,1
37137319608500,10:18:57.319,92.5500,100
37147039137419,10:19:07.039,92.7600,100
37147039141049,10:19:07.039,92.7600,100
37161701965897,10:19:21.701,92.7400,100
37186674659073,10:19:46.674,92.7900,59
37190259851100,10:19:50.259,92.7400,59
37190499158074,10:19:50.499,92.7600,100
37207786463307,10:20:07.786,92.7400,41
37207786463307,10:20:07.786,92.7200,17
37210406249652,10:20:10.406,92.7200,58
37227819328200,10:20:27.819,92.7400,5
37227819532611,10:20:27.819,92.7400,5
37233392141417,10:20:33.392,92.7750,100
37283035848951,10:21:23.035,92.6900,70
37283036133596,10:21:23.036,92.7000,210
37283036162023,10:21:23.036,92.7000,210
37283036163715,10:21:23.036,92.7000,210
37283036184603,10:21:23.036,92.7000,157
37283036260497,10:21:23.036,92.7000,100
37283036402887,10:21:23.036,92.7000,124
37283036418438,10:21:23.036,92.7000,200
37283036601132,10:21:23.036,92.7100,1
37283036602033,10:21:23.036,92.6700,90
37283036700343,10:21:23.036,92.6900,10
37283036700343,10:21:23.036,92.6700,10
37283036700343,10:21:23.036,92.6700,21
37315484410047,10:21:55.484,92.6700,79
37315484410047,10:21:55.484,92.6700,10
37316121223518,10:21:56.121,92.6700,11
37316121223518,10:21:56.121,92.6700,100
37316121223518,10:21:56.121,92.6700,89
37316121253997,10:21:56.121,92.6700,11
37316121759820,10:21:56.121,92.6700,100
37316121759820,10:21:56.121,92.6650,100
37316121759820,10:21:56.121,92.6600,99
37316122184335,10:21:56.122,92.7000,8
37316122209337,10:21:56.122,92.7000,2
37316123398062,10:21:56.123,92.7000,100
37316123398062,10:21:56.123,92.7000,100
37316482420621,10:21:56.482,92.7100,6
37316482568746,10:21:56.482,92.7100,6
37316483060640,10:21:56.483,92.7000,6
37334891692289,10:22:14.891,92.6100,6
37334892015727,10:22:14.892,92.6100,11
37357157852204,10:22:37.157,92.7400,100
37357157852204,10:22:37.157,92.7400,100
37360024070606,10:22:40.024,92.6900,100
37376549331937,10:22:56.549,92.6200,1
37380179650963,10:23:00.179,92.6700,100
37424368101007,10:23:44.368,92.6900,1
37430222702404,10:23:50.222,92.6550,1
37457908984265,10:24:17.908,92.7100,1
37457909697661,10:24:17.909,92.7200,100
37457910534411,10:24:17.910,92.7300,50
37457910534411,10:24:17.910,92.7300,100
37457910534411,10:24:17.910,92.7300,100
37458798352753,10:24:18.798,92.8200,100
37491133451785,10:24:51.133,92.6900,1
37493591603807,10:24:53.591,92.7900,100
37540660675322,10:25:40.660,92.8400,1
37540660796694,10:25:40.660,92.7800,10
37553801025415,10:25:53.801,92.8800,100
37553801714253,10:25:53.801,92.8900,30
37570728225691,10:26:10.728,92.9000,4
37575799004184,10:26:15.799,93.0800,100
37607953752680,10:26:47.953,93.0100,100
37607953752680,10:26:47.953,93.0100,100
37608371592373,10:26:48.371,92.9950,100
37608371982388,10:26:48.371,92.9500,10
37608371982388,10:26:48.371,92.9400,90
37608798037768,10:26:48.798,93.0600,100
37609797216108,10:26:49.797,93.1200,100
37630189310018,10:27:10.189,93.0600,100
37630189310018,10:27:10.189,93.0100,40
37630189310018,10:27:10.189,93.0000,11
37630189310018,10:27:10.189,93.0000,60
37630189345999,10:27:10.189,93.0000,40
37630189345999,10:27:10.189,93.0000,100
37630189412287,10:27:10.189,93.0000,100
37630189617950,10:27:10.189,93.0000,100
37656047252953,10:27:36.047,93.0400,100
37656047252953,10:27:36.047,93.0400,46
37656047252953,10:27:36.047,93.0400,35
37656047681860,10:27:36.047,93.0400,100
37656049297541,10:27:36.049,93.0300,100
37670676072035,10:27:50.676,93.0500,19
37670676072035,10:27:50.676,93.0500,100
37670693196118,10:27:50.693,93.0500,100
37709394812704,10:28:29.394,93.1500,1
37709394900714,10:28:29.394,93.1500,100
37709394938112,10:28:29.394,93.1400,100
37736835759235,10:28:56.835,93.1700,13
37736835788290,10:28:56.835,93.1700,87
37736835788290,10:28:56.835,93.1700,55
37736835850351,10:28:56.835,93.1700,100
37743436489183,10:29:03.436,93.0800,1
37743436489753,10:29:03.436,93.0800,1
37743436490393,10:29:03.436,93.0800,1
37743443363579,10:29:03.443,93.1700,4
37743443363579,10:29:03.443,93.1700,80
37743443496406,10:29:03.443,93.1800,100
37743443608525,10:29:03.443,93.1800,4
37743443608525,10:29:03.443,93.1800,96
37743443645109,10:29:03.443,93.1800,4
37743443981273,10:29:03.443,93.1800,4
37743444047048,10:29:03.444,93.1800,5
37749213432394,10:29:09.213,93.1950,1
37749213432394,10:29:09.213,93.1950,1
37749213432394,10:29:09.213,93.2900,100
37749213432394,10:29:09.213,93.2900,100
37749213432394,10:29:09.213,93.2900,54
37749220471450,10:29:09.220,93.2900,100
37760957160404,10:29:20.957,93.3200,100
37760957160404,10:29:20.957,93.3400,100
37760957160404,10:29:20.957,93.3400,100
37760957160404,10:29:20.957,93.3400,51
37760957160404,10:29:20.957,93.3400,49
37763970115557,10:29:23.970,93.3500,4
37763970115557,10:29:23.970,93.3500,7
37819431380257,10:30:19.431,93.3800,100
37819431380257,10:30:19.431,93.3800,4
37819431380257,10:30:19.431,93.3800,56
37819431380257,10:30:19.431,93.3800,1
37825025399877,10:30:25.025,93.3150,100
37834586095636,10:30:34.586,93.2500,100
37834586098647,10:30:34.586,93.2500,100
37834586102275,10:30:34.586,93.2500,100
37834586243605,10:30:34.586,93.2500,20
37834586544898,10:30:34.586,93.2300,66
37834586575236,10:30:34.586,93.2300,34
37834586575236,10:30:34.586,93.2300,100
37834586856788,10:30:34.586,93.2200,22
37834589180969,10:30:34.589,93.2400,100
37834591015255,10:30:34.591,93.2200,78
37834591015255,10:30:34.591,93.2200,100
37834591043727,10:30:34.591,93.2200,100
37838984757405,10:30:38.984,93.2600,100
37838984757405,10:30:38.984,93.2600,100
37838984757405,10:30:38.984,93.2600,56
37838984757405,10:30:38.984,93.2600,46
37838984757405,10:30:38.984,93.2600,44
37838984822619,10:30:38.984,93.2600,72
37838984850657,10:30:38.984,93.2600,56
37838984870363,10:30:38.984,93.2600,28
37838984931819,10:30:38.984,93.2600,20
37838984938659,10:30:38.984,93.2600,28
37838984947866,10:30:38.984,93.2600,52
37840545501119,10:30:40.545,93.2700,100
37840546017814,10:30:40.546,93.2600,100
37840546174583,10:30:40.546,93.2600,100
37840546912163,10:30:40.546,93.2600,7
37840547284313,10:30:40.547,93.2500,100
37840547310076,10:30:40.547,93.2500,100
37840547515420,10:30:40.547,93.2600,33
37840548855823,10:30:40.548,93.2600,60
37840548910271,10:30:40.548,93.2500,100
37850277066670,10:30:50.277,93.3100,3
37850277503770,10:30:50.277,93.3200,3
37850277586504,10:30:50.277,93.3200,100
37850277606742,10:30:50.277,93.3300,40
37850277645058,10:30:50.277,93.3200,100
37850278034485,10:30:50.278,93.3200,100
38005222180237,10:33:25.222,93.3400,100
38005222180237,10:33:25.222,93.3400,28
38005222249830,10:33:25.222,93.3400,72
38005222354459,10:33:25.222,93.3400,100
38005224038518,10:33:25.224,93.3400,40
38005224130225,10:33:25.224,93.3800,8
38005224167075,10:33:25.224,93.3800,92
38005226118512,10:33:25.226,93.4100,100
38005226118512,10:33:25.226,93.4100,100
38007489805021,10:33:27.489,93.3400,100
38040638066484,10:34:00.638,93.3650,1
38050030071148,10:34:10.030,93.3200,100
38050030071148,10:34:10.030,93.3100,100
38050030071148,10:34:10.030,93.3100,9
38050030116908,10:34:10.030,93.3100,91
38050030116908,10:34:10.030,93.3100,9
38050030116908,10:34:10.030,93.3100,100
38050030474494,10:34:10.030,93.3000,4
38050032069827,10:34:10.032,93.3100,100
38050033229780,10:34:10.033,93.2400,1
38050033289659,10:34:10.033,93.2700,100
38115510016121,10:35:15.510,93.3050,1
38115510016121,10:35:15.510,93.3050,1
38115510016121,10:35:15.510,93.3700,1
38115510016121,10:35:15.510,93.3800,100
38115510016121,10:35:15.510,93.3800,77
38115510149256,10:35:15.510,93.3800,23
38115510149256,10:35:15.510,93.3800,1
38115510150196,10:35:15.510,93.3800,24
38115510179643,10:35:15.510,93.3800,76
38115510188293,10:35:15.510,93.3700,100
38115512339659,10:35:15.512,93.4900,1
38115512339659,10:35:15.512,93.5000,99
38115512565004,10:35:15.512,93.5000,1
38115513722322,10:35:15.513,93.5300,100
38115513722322,10:35:15.513,93.5300,100
38115513823720,10:35:15.513,93.5000,100
38115513829872,10:35:15.513,93.5300,100
38115513836946,10:35:15.513,93.5300,100
38160931161829,10:36:00.931,93.4750,1
38160931161829,10:36:00.931,93.4750,1
38164950181585,10:36:04.950,93.5500,3
38205883634989,10:36:45.883,93.4100,200
38205883634989,10:36:45.883,93.4000,4
38205883634989,10:36:45.883,93.4000,40
38205884022241,10:36:45.884,93.4000,25
38205884121419,10:36:45.884,93.4000,35
38205884121419,10:36:45.884,93.4000,8
38205884121419,10:36:45.884,93.4000,32
38205884121419,10:36:45.884,93.4000,100
38205884245610,10:36:45.884,93.4200,100
38205884332881,10:36:45.884,93.4000,100
38205893659109,10:36:45.893,93.4500,100
38206135042709,10:36:46.135,93.4000,100
38210024804876,10:36:50.024,93.4000,200
38214514598340,10:36:54.514,93.4700,100
38214514717995,10:36:54.514,93.4700,100
38214515036015,10:36:54.515,93.4800,35
38214515049232,10:36:54.515,93.4800,65
38214515970221,10:36:54.515,93.5100,100
38214516079294,10:36:54.516,93.5300,100
38214516496750,10:36:54.516,93.5400,35
38214516550169,10:36:54.516,93.5400,65
38227160403785,10:37:07.160,93.5500,1
38227162040015,10:37:07.162,93.5500,55
38227162063594,10:37:07.162,93.5500,3
38230023355147,10:37:10.023,93.5600,100
38230463431215,10:37:10.463,93.5500,100
38230463518502,10:37:10.463,93.5500,41
38289934735795,10:38:09.934,93.5250,1
38289934735795,10:38:09.934,93.5250,1
38289934735795,10:38:09.934,93.5250,1
38295315001571,10:38:15.315,93.5900,1
38295315001571,10:38:15.315,93.5900,54
38295315879988,10:38:15.315,93.6400,30
38295316785146,10:38:15.316,93.6900,88
38295316823206,10:38:15.316,93.6900,12
38295316897808,10:38:15.316,93.6900,88
38295316925961,10:38:15.316,93.6900,12
38295317696328,10:38:15.317,93.7300,100
38295317740720,10:38:15.317,93.7400,100
38302114313484,10:38:22.114,93.6900,43
38305271269843,10:38:25.271,93.6900,11
38305462378278,10:38:25.462,93.6800,55
38319504329674,10:38:39.504,93.6800,45
38319504329674,10:38:39.504,93.6600,100
38319504329674,10:38:39.504,93.6600,55
38319504430537,10:38:39.504,93.6600,33
38319504837692,10:38:39.504,93.6600,12
38319504837692,10:38:39.504,93.6600,3
38319504943132,10:38:39.504,93.6600,3
38319505464056,10:38:39.505,93.6300,100
38355026206587,10:39:15.026,93.5000,100
38372683679106,10:39:32.683,93.3900,100
38372686321096,10:39:32.686,93.4400,1
38372686403689,10:39:32.686,93.4400,1
38372687494691,10:39:32.687,93.4400,5
38374946173826,10:39:34.946,93.4900,200
38374946173826,10:39:34.946,93.5000,100
38374946248296,10:39:34.946,93.5000,100
38374947188448,10:39:34.947,93.5100,100
38375153247121,10:39:35.153,93.5100,100
38448874054035,10:40:48.874,93.4600,1
38448874054035,10:40:48.874,93.4600,100
38448874279044,10:40:48.874,93.4800,10
38467711004193,10:41:07.711,93.4700,1
38467711004794,10:41:07.711,93.4700,1
38467711005410,10:41:07.711,93.4700,1
38467711006660,10:41:07.711,93.4700,1
38480981420818,10:41:20.981,93.6100,100
38480981422154,10:41:20.981,93.6600,100
38518882625868,10:41:58.882,93.7400,100
38518883050733,10:41:58.883,93.7400,9
38518883050733,10:41:58.883,93.7400,2
38518883050733,10:41:58.883,93.7400,89
38518883076102,10:41:58.883,93.7400,11
38518884148323,10:41:58.884,93.7500,100
38518884557385,10:41:58.884,93.6900,20
38522179748800,10:42:02.179,93.7600,100
38584712807352,10:43:04.712,93.7500,1
38584712807352,10:43:04.712,93.7500,50
38668166039272,10:44:28.166,93.6800,2
38668166039272,10:44:28.166,93.6800,100
38668166039272,10:44:28.166,93.6800,2
38718130277378,10:45:18.130,93.6900,60
38718130277378,10:45:18.130,93.6800,100
38718130277378,10:45:18.130,93.6800,2
38718130277378,10:45:18.130,93.6700,100
38718130277378,10:45:18.130,93.6700,4
38718130277378,10:45:18.130,93.6700,38
38718130586848,10:45:18.130,93.6900,5
38718130586848,10:45:18.130,93.6700,62
38718130586848,10:45:18.130,93.6700,33
38718130588797,10:45:18.130,93.6700,67
38718130624923,10:45:18.130,93.6700,100
38718130654104,10:45:18.130,93.6700,234
38718130691843,10:45:18.130,93.6700,392
38718130702274,10:45:18.130,93.6600,97
38718130711815,10:45:18.130,93.6600,49
38718130746687,10:45:18.130,93.6700,100
38718130799360,10:45:18.130,93.6700,100
38718130997961,10:45:18.130,93.6800,1
38718131178690,10:45:18.131,93.6700,10
38718131178690,10:45:18.131,93.6600,54
38718131178690,10:45:18.131,93.6600,14
38718131195497,10:45:18.131,93.6600,1
38718131199720,10:45:18.131,93.6600,1
38718131200209,10:45:18.131,93.6600,1
38718131200698,10:45:18.131,93.6600,1
38718131201128,10:45:18.131,93.6600,1
38718131241585,10:45:18.131,93.6700,300
38718131290202,10:45:18.131,93.6700,200
38718132292388,10:45:18.132,93.6800,10
38718132292388,10:45:18.132,93.6800,10
38718132480035,10:45:18.132,93.6700,215
38719047487102,10:45:19.047,93.7700,70
38719057831993,10:45:19.057,93.8100,100
38719058675718,10:45:19.058,93.8600,6
38739635495269,10:45:39.635,93.7500,100
38756504932717,10:45:56.504,93.7900,1
38758140501432,10:45:58.140,93.7500,100
38758140564713,10:45:58.140,93.7200,100
38758140647071,10:45:58.140,93.7200,100
38758140675131,10:45:58.140,93.7300,100
38758140709798,10:45:58.140,93.7200,100
38758140744354,10:45:58.140,93.7200,84
38758140761439,10:45:58.140,93.7200,100
38758140816793,10:45:58.140,93.7200,100
38758140975888,10:45:58.140,93.7200,17
38758141000849,10:45:58.141,93.7200,83
38758141030398,10:45:58.141,93.7200,16
38758141047595,10:45:58.141,93.7100,34
38768514549182,10:46:08.514,93.7200,15
38768514549182,10:46:08.514,93.7200,100
38768514549182,10:46:08.514,93.7200,100
38768514609647,10:46:08.514,93.7300,173
38768514609647,10:46:08.514,93.7300,100
38768514610502,10:46:08.514,93.7200,10
38768533364338,10:46:08.533,93.7800,100
38770414527267,10:46:10.414,93.8100,100
38770515174586,10:46:10.515,93.8300,100
38770515174586,10:46:10.515,93.8300,76
38770515174586,10:46:10.515,93.8300,100
38770515174586,10:46:10.515,93.8300,124
38770515229560,10:46:10.515,93.8300,76
38770515301837,10:46:10.515,93.8600,94
38770515329419,10:46:10.515,93.8400,100
38770515694798,10:46:10.515,93.8800,67
38770515842163,10:46:10.515,93.9000,67
38775046781170,10:46:15.046,93.8700,100
38778515474486,10:46:18.515,93.8700,1
38778515474486,10:46:18.515,93.8700,1
38778515474486,10:46:18.515,93.8700,1
38816733493715,10:46:56.733,93.8900,54
38821452677469,10:47:01.452,93.8900,46
38821452677469,10:47:01.452,93.8200,9
38827683427425,10:47:07.683,93.8900,15
38827684425566,10:47:07.684,93.8900,39
38833876045802,10:47:13.876,93.8900,46
38833876045802,10:47:13.876,93.8100,5
38833876045802,10:47:13.876,93.8100,3
38836623774100,10:47:16.623,93.8900,100
38836623774100,10:47:16.623,93.8200,97
38861317996106,10:47:41.317,93.8900,1
38861318305607,10:47:41.318,93.8900,96
38861318305607,10:47:41.318,93.8100,97
38861318305607,10:47:41.318,93.8100,4
38861318406093,10:47:41.318,93.8100,12
38861342089184,10:47:41.342,93.8100,84
38861342568759,10:47:41.342,93.8000,1
38861342593191,10:47:41.342,93.8000,118
38861342644201,10:47:41.342,93.8000,81
38861342661737,10:47:41.342,93.8000,81
38888647050952,10:48:08.647,93.8600,1
38888647050952,10:48:08.647,93.8600,100
38888647050952,10:48:08.647,93.8600,54
38888647243994,10:48:08.647,93.9000,100
38892062777063,10:48:12.062,93.9100,3
38914517084644,10:48:34.517,93.9100,3
38914517111522,10:48:34.517,93.9100,3
38914517156524,10:48:34.517,93.9100,3
38929529200791,10:48:49.529,93.9100,3
38929529217632,10:48:49.529,93.9100,3
38929529310688,10:48:49.529,93.9100,3
38929734859274,10:48:49.734,93.9100,1
38929734917834,10:48:49.734,93.9100,3
38929737352500,10:48:49.737,93.9100,1
38929737659705,10:48:49.737,93.9100,1
38953509131575,10:49:13.509,93.9100,50
38953509209013,10:49:13.509,93.9100,23
38953509209013,10:49:13.509,93.8700,27
38953509212011,10:49:13.509,93.8700,3
38953509234830,10:49:13.509,93.8700,3
38953509257168,10:49:13.509,93.8700,3
38953509329584,10:49:13.509,93.8700,50
38953509401139,10:49:13.509,93.8600,3
38953509401139,10:49:13.509,93.8600,47
38954983326847,10:49:14.983,93.8700,100
38954983326847,10:49:14.983,93.8600,10
38954983326847,10:49:14.983,93.8600,16
38955024975565,10:49:15.024,93.8600,100
38959235525300,10:49:19.235,93.9300,100
38959235525300,10:49:19.235,93.9300,54
38959235525300,10:49:19.235,93.9300,100
38959235637520,10:49:19.235,93.9400,100
38959235671318,10:49:19.235,93.9300,100
38959236038845,10:49:19.236,93.9500,100
38959237644074,10:49:19.237,93.9500,100
38959262151343,10:49:19.262,93.9300,74
38959345681733,10:49:19.345,93.9300,24
38959345708257,10:49:19.345,93.9300,2
38965627499956,10:49:25.627,93.9900,100
38965824518756,10:49:25.824,94.0000,100
38965824518756,10:49:25.824,94.0000,200
38965824518756,10:49:25.824,94.0000,100
38965824518756,10:49:25.824,94.0000,100
38965824518756,10:49:25.824,94.0000,35
39009779439232,10:50:09.779,93.9900,100
39029578513172,10:50:29.578,93.9400,50
39029579649353,10:50:29.579,93.9400,4
39050350561060,10:50:50.350,93.9300,100
39050350561060,10:50:50.350,93.9300,100
39050351379763,10:50:50.351,93.9200,1
39050351432150,10:50:50.351,93.9200,99
39050351794349,10:50:50.351,93.9200,15
39050352157983,10:50:50.352,93.9100,17
39055859335452,10:50:55.859,93.9000,1
39055859335452,10:50:55.859,93.9000,50
39055859391544,10:50:55.859,93.9000,71
39057069955460,10:50:57.069,93.8700,4
39065481969234,10:51:05.481,93.9900,100
39065482941601,10:51:05.482,94.0000,100
39065482998640,10:51:05.482,94.0000,24
39065483049529,10:51:05.483,94.0000,76
39075257915899,10:51:15.257,93.9600,100
39075257915899,10:51:15.257,93.9400,50
39075257949689,10:51:15.257,93.9400,1
39075258190482,10:51:15.258,93.9400,99
39075258191731,10:51:15.258,93.9400,100
39075258194837,10:51:15.258,93.9400,100
39075258979176,10:51:15.258,93.9400,100
39075259278469,10:51:15.259,93.9400,100
39075259937362,10:51:15.259,93.9400,54
39083163432812,10:51:23.163,93.8600,1
39126187152740,10:52:06.187,93.9900,100
39126187152740,10:52:06.187,94.0000,100
39126187152740,10:52:06.187,94.0000,100
39126187644684,10:52:06.187,94.0000,100
39126400628462,10:52:06.400,94.0200,27
39130067232729,10:52:10.067,93.9000,50
39130067336735,10:52:10.067,93.8700,50
39130067494211,10:52:10.067,93.8700,50
39130067567811,10:52:10.067,93.8700,50
39130067659342,10:52:10.067,93.8500,2
39130067708400,10:52:10.067,93.8500,48
39130067955405,10:52:10.067,93.8500,100
39142949475894,10:52:22.949,93.8700,100
39153930701061,10:52:33.930,93.8900,100
39184763045268,10:53:04.763,93.8200,1
39184763045268,10:53:04.763,93.8200,1
39184763045268,10:53:04.763,93.8200,1
39184763045268,10:53:04.763,93.9000,100
39184763045268,10:53:04.763,93.9300,100
39184763045268,10:53:04.763,93.9300,97
39184763372455,10:53:04.763,93.9300,3
39184763372455,10:53:04.763,93.9300,1
39213603851281,10:53:33.603,93.9500,100
39213603851281,10:53:33.603,93.9800,100
39213603851281,10:53:33.603,93.9800,200
39213603967193,10:53:33.603,93.9800,100
39253608890253,10:54:13.608,93.9000,50
39310483476925,10:55:10.483,93.9000,2
39310502485555,10:55:10.502,93.8800,2
39310502514913,10:55:10.502,93.9400,100
39310503496399,10:55:10.503,93.8600,2
39310511028843,10:55:10.511,93.9600,10
39310511028843,10:55:10.511,93.9600,90
39310517374420,10:55:10.517,93.9300,100
39310599819616,10:55:10.599,93.9600,10
39310599819616,10:55:10.599,94.0000,30
39310599819616,10:55:10.599,94.0000,4
39310599819616,10:55:10.599,94.0000,100
39336157668586,10:55:36.157,93.9800,100
39349529766650,10:55:49.529,93.9550,100
39376135631369,10:56:16.135,93.9550,212
39392234806181,10:56:32.234,93.9300,1
39392234807760,10:56:32.234,93.9300,1
39392234810628,10:56:32.234,93.9300,1
39392234813757,10:56:32.234,93.9300,1
39430936573142,10:57:10.936,93.9000,100
39430936573142,10:57:10.936,93.9000,112
39430936624391,10:57:10.936,93.9000,3
39430936650725,10:57:10.936,93.9000,212
39430937205469,10:57:10.937,93.9000,200
39430938280448,10:57:10.938,93.9000,200
39430941339124,10:57:10.941,93.9000,200
39433022735411,10:57:13.022,93.8900,8
39435029782294,10:57:15.029,93.8900,19
39435029821697,10:57:15.029,93.8900,4
39435029878703,10:57:15.029,93.8900,5
39435029910565,10:57:15.029,93.8900,4
39435029918280,10:57:15.029,93.8900,5
39435030031482,10:57:15.030,93.8900,9
39435030065911,10:57:15.030,93.8900,4
39435041847536,10:57:15.041,93.8900,4
39439277400931,10:57:19.277,93.9000,100
39439277461160,10:57:19.277,93.9000,100
39440273254232,10:57:20.273,93.8900,4
39440273356927,10:57:20.273,93.8900,4
39440273827044,10:57:20.273,93.8900,4
39440274127778,10:57:20.274,93.8900,4
39440274202315,10:57:20.274,93.8900,4
39440274500746,10:57:20.274,93.8900,4
39440291772882,10:57:20.291,93.8900,4
39440291957340,10:57:20.291,93.8900,4
39440292039182,10:57:20.292,93.8900,6
39440292039182,10:57:20.292,93.8900,10
39440292039182,10:57:20.292,93.8900,2
39440292039182,10:57:20.292,93.8900,6
39440292075679,10:57:20.292,93.8900,4
39440292424830,10:57:20.292,93.8900,4
39440292605185,10:57:20.292,93.8900,4
39440292645859,10:57:20.292,93.8900,82
39447077017182,10:57:27.077,93.8600,98
39447155781757,10:57:27.155,93.8900,1
39447156125235,10:57:27.156,93.8500,10
39447159690757,10:57:27.159,93.8900,10
39447159690757,10:57:27.159,93.8900,10
39447159690757,10:57:27.159,93.8900,79
39451145534545,10:57:31.145,93.9000,100
39466524342074,10:57:46.524,93.8300,8
39466576825417,10:57:46.576,93.8200,1
39488751583105,10:58:08.751,93.9100,100
39488751583105,10:58:08.751,93.9100,100
39488751641151,10:58:08.751,93.9100,50
39488751754417,10:58:08.751,93.9100,30
39488751829899,10:58:08.751,93.9100,10
39488751901546,10:58:08.751,93.9100,10
39488752021861,10:58:08.752,93.9000,10
39488752185080,10:58:08.752,93.9000,50
39488752585168,10:58:08.752,93.9000,10
39488752712180,10:58:08.752,93.9000,50
39488752832361,10:58:08.752,93.9000,50
39488752949339,10:58:08.752,93.9000,50
39488752981207,10:58:08.752,93.9200,100
39488753077453,10:58:08.753,93.9000,50
39488753212321,10:58:08.753,93.9000,10
39488753367062,10:58:08.753,93.9100,10
39488753473978,10:58:08.753,93.9100,40
39488753775536,10:58:08.753,93.9100,10
39488753881127,10:58:08.753,93.9100,8
39488753917221,10:58:08.753,93.9100,32
39488787498718,10:58:08.787,93.9600,50
39496607431364,10:58:16.607,93.9600,50
39496607431364,10:58:16.607,93.9800,50
39496607464973,10:58:16.607,93.9800,50
39496608004379,10:58:16.608,93.9900,100
39496634404614,10:58:16.634,93.9800,100
39519290390118,10:58:39.290,93.9300,3
39519290390118,10:58:39.290,93.9300,97
39519290435038,10:58:39.290,93.9300,3
39519290519168,10:58:39.290,93.9300,100
39550606710611,10:59:10.606,93.9300,100
39570257400934,10:59:30.257,93.9200,16
39570257670593,10:59:30.257,93.9200,84
39580005559278,10:59:40.005,93.9500,100
39580008108811,10:59:40.008,94.0200,100
39595431355617,10:59:55.431,93.9800,70
39596292060777,10:59:56.292,93.9800,1
39601016636865,11:00:01.016,94.0100,30
39601016731280,11:00:01.016,94.0300,100
39601017238182,11:00:01.017,94.0300,100
39601029073424,11:00:01.029,94.0600,30
39663412627845,11:01:03.412,94.1600,50
39663412627845,11:01:03.412,94.1600,50
39663412954000,11:01:03.412,94.1600,50
39663413083752,11:01:03.413,94.1600,100
39663463122694,11:01:03.463,94.1700,100
39666655124136,11:01:06.655,94.1800,1
39666655268954,11:01:06.655,94.1800,1
39668499330511,11:01:08.499,94.1400,60
39688972864481,11:01:28.972,94.2300,1
39688972864481,11:01:28.972,94.2300,99
39688972909467,11:01:28.972,94.2300,1
39728233005470,11:02:08.233,94.3200,39
39751379314675,11:02:31.379,94.3600,20
39751379314675,11:02:31.379,94.3600,6
39751379314675,11:02:31.379,94.3600,2
39751379314675,11:02:31.379,94.3600,100
39751379391296,11:02:31.379,94.3600,100
39751384141309,11:02:31.384,94.3600,100
39754467743760,11:02:34.467,94.3100,100
39790755504296,11:03:10.755,94.2300,100
39790755968075,11:03:10.755,94.2200,100
39805406270694,11:03:25.406,94.2100,100
39845404419613,11:04:05.404,94.1600,6
39867613270702,11:04:27.613,94.1500,3
39867613270702,11:04:27.613,94.1500,16
39871622723732,11:04:31.622,94.1800,100
39871622723732,11:04:31.622,94.1800,1
39871622723732,11:04:31.622,94.1800,100
39871623886379,11:04:31.623,94.2300,50
39871624558715,11:04:31.624,94.2400,100
39871634922763,11:04:31.634,94.3000,100
39871634922763,11:04:31.634,94.3100,100
39871634957582,11:04:31.634,94.3100,100
39871634970342,11:04:31.634,94.3100,100
39875854690076,11:04:35.854,94.3600,100
39876156812575,11:04:36.156,94.4400,100
39928699263716,11:05:28.699,94.4200,100
39940754803285,11:05:40.754,94.3800,100
39940754803285,11:05:40.754,94.3500,100
39940754911306,11:05:40.754,94.3500,100
39940755391706,11:05:40.755,94.3400,100
39940755391706,11:05:40.755,94.3400,24
39940755578324,11:05:40.755,94.3400,76
39940755578324,11:05:40.755,94.3400,100
39940755968401,11:05:40.755,94.3200,100
39940756912457,11:05:40.756,94.2900,100
39998601144312,11:06:38.601,94.2200,15
39998601144312,11:06:38.601,94.2200,20
39998601144312,11:06:38.601,94.2200,1
40007779193859,11:06:47.779,94.2100,100
40039114470065,11:07:19.114,94.1600,50
40039114495756,11:07:19.114,94.1600,50
40039144909623,11:07:19.144,94.1500,34
40039168852865,11:07:19.168,94.1200,100
40039169201067,11:07:19.169,94.0700,100
40039169203635,11:07:19.169,94.0700,88
40039169281922,11:07:19.169,94.0700,6
40039169450122,11:07:19.169,94.0700,6
40039169450122,11:07:19.169,94.0700,100
40039169450122,11:07:19.169,94.0700,100
40039169450122,11:07:19.169,94.0700,100
40039169493268,11:07:19.169,94.0600,100
40065415308896,11:07:45.415,94.0100,100
40065415384041,11:07:45.415,93.9700,100
40065415384041,11:07:45.415,93.9700,100
40117110888066,11:08:37.110,93.7300,7
40218791494410,11:10:18.791,93.6450,19
40219250193400,11:10:19.250,93.6450,81
40219250193400,11:10:19.250,93.6450,1
40219250193400,11:10:19.250,93.6800,35
40219250193400,11:10:19.250,93.7000,83
40225674714500,11:10:25.674,93.6200,7
40300917311208,11:11:40.917,93.5800,7
40300917311208,11:11:40.917,93.5800,80
40300917311208,11:11:40.917,93.5800,3
40300917311208,11:11:40.917,93.5800,10
40303091336227,11:11:43.091,93.5800,90
40303091723428,11:11:43.091,93.5700,100
40303092437771,11:11:43.092,93.5600,100
40303093255311,11:11:43.093,93.5500,100
40316359899482,11:11:56.359,93.4500,7
40316360421465,11:11:56.360,93.4300,100
40317986025006,11:11:57.986,93.4300,100
40322414150130,11:12:02.414,93.4800,2
40322414150130,11:12:02.414,93.4800,98
40322414151041,11:12:02.414,93.4800,66
40322414151041,11:12:02.414,93.4800,34
40322414152768,11:12:02.414,93.4800,66
40322414152768,11:12:02.414,93.4800,100
40322414530284,11:12:02.414,93.4900,100
40322415380113,11:12:02.415,93.5100,100
40322452413452,11:12:02.452,93.4800,18
40322452413452,11:12:02.452,93.4500,100
40374139073495,11:12:54.139,93.4400,100
40374139073495,11:12:54.139,93.4400,83
40374139073495,11:12:54.139,93.4400,100
40389750832796,11:13:09.750,93.3700,8
40389750832796,11:13:09.750,93.3700,62
40389751297045,11:13:09.751,93.3500,1
40389751355308,11:13:09.751,93.3500,27
40389751358023,11:13:09.751,93.3500,72
40389751358023,11:13:09.751,93.3500,27
40389751379856,11:13:09.751,93.3500,5
40389751739085,11:13:09.751,93.3200,62
40389751739085,11:13:09.751,93.3200,38
40389751739881,11:13:09.751,93.3200,100
40389819379651,11:13:09.819,93.3100,1
40405108688031,11:13:25.108,93.1200,100
40405237861920,11:13:25.237,93.0700,200
40405237861920,11:13:25.237,93.0700,300
40408165874411,11:13:28.165,93.1200,7
40408201221836,11:13:28.201,93.1200,93
40408201221836,11:13:28.201,93.1300,100
40408201221836,11:13:28.201,93.1300,7
40413255759259,11:13:33.255,93.1300,100
40413255759259,11:13:33.255,93.1300,100
40413256357832,11:13:33.256,93.1300,100
40413257030539,11:13:33.257,93.1500,100
40416076422168,11:13:36.076,93.1700,100
40416076956896,11:13:36.076,93.1700,100
40435567348322,11:13:55.567,93.1950,100
40436453707057,11:13:56.453,93.2600,24
40436455685118,11:13:56.455,93.2600,30
40479031362956,11:14:39.031,93.2700,100
40479031362956,11:14:39.031,93.2700,100
40485640448876,11:14:45.640,93.2700,266
40485640844747,11:14:45.640,93.2600,100
40485640847827,11:14:45.640,93.2600,54
40485640847827,11:14:45.640,93.2600,46
40485640875663,11:14:45.640,93.2600,66
40485641623879,11:14:45.641,93.2300,99
40485641663487,11:14:45.641,93.2300,1
40485642545241,11:14:45.642,93.1800,1
40485645731619,11:14:45.645,93.1800,1
40501029656743,11:15:01.029,93.2800,100
40515752315853,11:15:15.752,93.2600,100
40515752370012,11:15:15.752,93.2500,100
40515752489612,11:15:15.752,93.2500,100
40538999241952,11:15:38.999,93.1800,100
40538999253561,11:15:38.999,93.1800,100
40538999253561,11:15:38.999,93.1800,9
40569878923774,11:16:09.878,93.0700,20
40569878923774,11:16:09.878,93.0700,39
40569878923774,11:16:09.878,93.0700,12
40569878923774,11:16:09.878,93.0700,100
40580201150553,11:16:20.201,93.0000,1
40580201151093,11:16:20.201,93.0000,1
40580201219985,11:16:20.201,93.0000,298
40580201219985,11:16:20.201,93.0000,1
40580201978369,11:16:20.201,93.0000,100
40584048166727,11:16:24.048,93.0200,1
40613713966160,11:16:53.713,92.9800,100
40613713966160,11:16:53.713,92.9800,100
40613713966160,11:16:53.713,92.9500,51
40613714011087,11:16:53.714,92.9700,100
40613714011087,11:16:53.714,92.9500,100
40613714045426,11:16:53.714,92.9500,49
40613714045426,11:16:53.714,92.9500,51
40613715065086,11:16:53.715,92.8700,1
40614020771488,11:16:54.020,92.9700,1
40614020775810,11:16:54.020,92.9300,4
40614020837529,11:16:54.020,92.9700,95
40614021112062,11:16:54.021,92.9700,5
40614021271392,11:16:54.021,92.9700,5
40614021316837,11:16:54.021,92.9700,5
40614021908104,11:16:54.021,93.0000,100
40616156142155,11:16:56.156,93.0100,60
40618829314086,11:16:58.829,93.0200,100
40618829593696,11:16:58.829,93.0300,100
40618830825319,11:16:58.830,93.0500,65
40618831346670,11:16:58.831,93.0400,100
40633105259634,11:17:13.105,93.0500,35
40633105259634,11:17:13.105,93.0500,100
40633425320667,11:17:13.425,93.0600,100
40633425329900,11:17:13.425,93.1100,100
40633426796658,11:17:13.426,93.1300,100
40633427265034,11:17:13.427,93.1400,100
40633429885209,11:17:13.429,93.1500,100
40633430079808,11:17:13.430,93.1500,100
40633430514623,11:17:13.430,93.1600,88
40633430543376,11:17:13.430,93.1600,12
40663090447024,11:17:43.090,93.2100,40
40663093114601,11:17:43.093,93.1800,1
40681727102011,11:18:01.727,93.2500,100
40681727778895,11:18:01.727,93.2500,100
40681840831883,11:18:01.840,93.2800,60
40681841183036,11:18:01.841,93.2700,50
40757849691734,11:19:17.849,93.3200,100
40757849805157,11:19:17.849,93.3200,100
40757850721489,11:19:17.850,93.2400,5
40757850749806,11:19:17.850,93.2500,100
40757851110040,11:19:17.851,93.2400,100
40757851341565,11:19:17.851,93.2300,9
40757906793129,11:19:17.906,93.2600,1
40758806766116,11:19:18.806,93.3200,100
40768538780436,11:19:28.538,93.3300,100
40974270224442,11:22:54.270,93.0300,11
40980744721128,11:23:00.744,92.9800,7
40987894486920,11:23:07.894,92.8900,100
41027727291034,11:23:47.727,92.9300,1
41027727291034,11:23:47.727,92.9300,10
41027727291034,11:23:47.727,92.9300,100
41027727584637,11:23:47.727,92.9300,100
41027727755478,11:23:47.727,92.9400,16
41027727760026,11:23:47.727,92.9400,55
41027727781791,11:23:47.727,92.9400,29
41027727781791,11:23:47.727,92.9400,16
41027728058489,11:23:47.728,92.9400,6
41027728059152,11:23:47.728,92.9400,78
41027728138716,11:23:47.728,92.9500,42
41027728168558,11:23:47.728,92.9500,58
41047618492066,11:24:07.618,92.9400,100
41047618492066,11:24:07.618,92.9300,12
41047632567687,11:24:07.632,92.9300,100
41047633626011,11:24:07.633,92.8900,100
41331277336165,11:28:51.277,92.7500,62
41363170862650,11:29:23.170,92.8200,100
41363170862650,11:29:23.170,92.8600,1
41363171294127,11:29:23.171,92.8700,1
41363171294127,11:29:23.171,92.8700,100
41363172355086,11:29:23.172,92.8700,3
41363172355086,11:29:23.172,92.8700,3
41364724048732,11:29:24.724,92.8400,100
41364724048732,11:29:24.724,92.8300,27
41364724048732,11:29:24.724,92.8300,14
41368226978537,11:29:28.226,92.8300,86
41368226978537,11:29:28.226,92.8300,14
41368227597857,11:29:28.227,92.8200,13
41368227597857,11:29:28.227,92.8200,10
41384790985965,11:29:44.790,92.7300,100
41384790985965,11:29:44.790,92.7300,100
41384791088103,11:29:44.791,92.7300,100
41401021375236,11:30:01.021,92.6800,100
41401022927443,11:30:01.022,92.6300,54
41430170961903,11:30:30.170,92.7100,100
41430171408811,11:30:30.171,92.7100,100
41430171413219,11:30:30.171,92.6900,10
41432963470333,11:30:32.963,92.6600,30
41432963538673,11:30:32.963,92.6500,19
41432963593416,11:30:32.963,92.6100,14
41432964220589,11:30:32.964,92.6000,21
41432964650762,11:30:32.964,92.5900,18
41439814750668,11:30:39.814,92.5100,3
41439830218071,11:30:39.830,92.5100,26
41441135873921,11:30:41.135,92.5100,1
41441135911651,11:30:41.135,92.5100,70
41441751788029,11:30:41.751,92.5500,100
41496359753325,11:31:36.359,92.4700,1
41496364575892,11:31:36.364,92.4600,55
41496364638183,11:31:36.364,92.4600,100
41496365504488,11:31:36.365,92.4600,3
41498598978816,11:31:38.598,92.4400,100
41498935989560,11:31:38.935,92.3800,100
41499499264166,11:31:39.499,92.3800,100
41504763077174,11:31:44.763,92.3900,1
41510589189888,11:31:50.589,92.4500,100
41532129299431,11:32:12.129,92.3800,15
41532129369194,11:32:12.129,92.3800,99
41532129790691,11:32:12.129,92.3800,1
41532129827092,11:32:12.129,92.3300,3
41532129851452,11:32:12.129,92.3300,46
41592223533750,11:33:12.223,92.2800,189
41592223609685,11:33:12.223,92.2800,111
41592223609685,11:33:12.223,92.2700,78
41592223637313,11:33:12.223,92.2700,22
41592223637313,11:33:12.223,92.2700,48
41592223637313,11:33:12.223,92.2700,41
41592223690010,11:33:12.223,92.2700,3
41592223994450,11:33:12.223,92.2700,100
41592224675594,11:33:12.224,92.2700,100
41592224682150,11:33:12.224,92.2700,100
41621307665910,11:33:41.307,92.3400,1
41651416682337,11:34:11.416,92.3300,55
41661029580830,11:34:21.029,92.3400,55
41667405224730,11:34:27.405,92.3300,21
41682453637458,11:34:42.453,92.2500,1
41682454579243,11:34:42.454,92.2900,100
41682454658782,11:34:42.454,92.2900,100
41682455763153,11:34:42.455,92.2900,100
41704867709848,11:35:04.867,92.3000,100
41704868062273,11:35:04.868,92.3300,100
41711057227051,11:35:11.057,92.2500,183
41711057253983,11:35:11.057,92.2400,4
41711057335749,11:35:11.057,92.2400,100
41711057338183,11:35:11.057,92.2400,24
41711057338183,11:35:11.057,92.2400,55
41711057338183,11:35:11.057,92.2400,21
41711058848517,11:35:11.058,92.2400,100
41712838700827,11:35:12.838,92.2200,28
41712838700827,11:35:12.838,92.2200,15
41712838997250,11:35:12.838,92.2200,10
41727750804625,11:35:27.750,92.1800,9
41727750851271,11:35:27.750,92.1800,1
41727751068702,11:35:27.751,92.1800,1
41727751143796,11:35:27.751,92.1800,1
41727751153436,11:35:27.751,92.1950,100
41727751187618,11:35:27.751,92.1800,21
41729523256786,11:35:29.523,92.2000,16
41729523362090,11:35:29.523,92.2100,16
41729523961516,11:35:29.523,92.2100,100
41729524383349,11:35:29.524,92.1800,55
41729524410769,11:35:29.524,92.1800,5
41729527809854,11:35:29.527,92.1800,100
41729527831146,11:35:29.527,92.1900,100
41742919129135,11:35:42.919,92.2900,100
41742920864125,11:35:42.920,92.2800,100
41742931961790,11:35:42.931,92.3000,100
41743118112423,11:35:43.118,92.2500,100
41743119378932,11:35:43.119,92.2500,100
41757705114188,11:35:57.705,92.2500,41
41771988450284,11:36:11.988,92.2900,100
41771988478731,11:36:11.988,92.2900,100
41795499840014,11:36:35.499,92.2600,82
41812638971868,11:36:52.638,92.2500,82
41812639001658,11:36:52.639,92.2400,100
41871445127504,11:37:51.445,92.1200,1
41871447406273,11:37:51.447,92.1600,62
41871447406273,11:37:51.447,92.1600,100
41884909954101,11:38:04.909,92.1400,1
41884909954101,11:38:04.909,92.1400,1
41887092888064,11:38:07.092,92.1100,55
41887092888064,11:38:07.092,92.1100,15
41887092977898,11:38:07.092,92.1100,100
41887093349805,11:38:07.093,92.1000,55
41887098659226,11:38:07.098,92.1100,300
41887123823395,11:38:07.123,92.1000,100
41887123917507,11:38:07.123,92.0500,10
41890262460945,11:38:10.262,92.0400,100
41903151745772,11:38:23.151,92.0200,6
41903151848697,11:38:23.151,92.0300,100
41903152139931,11:38:23.152,92.0200,9
41903152283207,11:38:23.152,92.0200,47
41945286768539,11:39:05.286,92.0100,100
41945286768539,11:39:05.286,92.0100,97
41945286768539,11:39:05.286,92.0100,6
41945288109005,11:39:05.288,91.9800,100
41945290752819,11:39:05.290,91.9800,100
41945290790336,11:39:05.290,91.9700,6
41945290809276,11:39:05.290,91.9700,94
41945290809276,11:39:05.290,91.9700,6
41945291250504,11:39:05.291,91.9700,94
41972737904526,11:39:32.737,91.9700,20
41995110466369,11:39:55.110,92.0250,1
42004049393581,11:40:04.049,92.0900,10
42004049393581,11:40:04.049,92.0900,100
42004049393581,11:40:04.049,92.0900,90
42004049430094,11:40:04.049,92.0900,10
42004049851397,11:40:04.049,92.1100,58
42004049862571,11:40:04.049,92.1100,2
42004054525478,11:40:04.054,92.0900,56
42004057866280,11:40:04.057,92.1200,10
42004057959958,11:40:04.057,92.0900,10
42016622349119,11:40:16.622,92.1100,100
42021994241462,11:40:21.994,92.1200,100
42021994270179,11:40:21.994,92.1300,100
42057292309420,11:40:57.292,92.1500,50
42063331626321,11:41:03.331,92.1400,1
42133210078960,11:42:13.210,92.1600,50
42133210398642,11:42:13.210,92.1700,50
42133210398642,11:42:13.210,92.1900,50
42133210702519,11:42:13.210,92.1900,50
42197209419971,11:43:17.209,92.2800,100
42249379301537,11:44:09.379,92.2600,15
42249379360024,11:44:09.379,92.2600,100
42249379406076,11:44:09.379,92.2700,97
42249379485316,11:44:09.379,92.2700,3
42249379736637,11:44:09.379,92.2600,10
42249379840719,11:44:09.379,92.2700,5
42249379900553,11:44:09.379,92.2700,5
42249379945974,11:44:09.379,92.2600,10
42249380105920,11:44:09.380,92.2600,12
42249380185213,11:44:09.380,92.2600,78
42249380185213,11:44:09.380,92.2500,36
42249380185213,11:44:09.380,92.2500,22
42249380212789,11:44:09.380,92.2500,78
42249382861732,11:44:09.382,92.2300,100
42249391313001,11:44:09.391,92.2300,100
42270227907422,11:44:30.227,92.2600,10
42270227907422,11:44:30.227,92.2600,1
42270228117274,11:44:30.228,92.2600,100
42322646943119,11:45:22.646,92.1700,26
42366125056275,11:46:06.125,92.1600,26
42366125056275,11:46:06.125,92.1600,15
42366125221494,11:46:06.125,92.1100,100
42366125261244,11:46:06.125,92.1100,100
42366125640813,11:46:06.125,92.1000,1
42366125671114,11:46:06.125,92.1000,99
42366126060967,11:46:06.126,92.0400,1
42366126257919,11:46:06.126,92.0400,1
42366132290460,11:46:06.132,92.0600,100
42379599333967,11:46:19.599,92.0500,100
42387294708301,11:46:27.294,92.0500,100
42387315045207,11:46:27.315,92.0100,100
42387315045207,11:46:27.315,92.0100,25
42387315045207,11:46:27.315,92.0100,55
42387315390045,11:46:27.315,92.0100,100
42452213937520,11:47:32.213,92.0900,1
42452214505309,11:47:32.214,92.1100,100
42487617291526,11:48:07.617,92.1100,100
42487617291526,11:48:07.617,92.1000,100
42555488104343,11:49:15.488,92.1600,100
42555488104343,11:49:15.488,92.2000,100
42557978603483,11:49:17.978,92.2100,100
42558577494732,11:49:18.577,92.2100,15
42558577494732,11:49:18.577,92.2100,100
42558577625542,11:49:18.577,92.2000,100
42595567960281,11:49:55.567,92.2500,100
42656115861250,11:50:56.115,92.2100,1
42656115885114,11:50:56.115,92.2100,1
42656115885114,11:50:56.115,92.2000,99
42656116510984,11:50:56.116,92.2000,1
42656116665879,11:50:56.116,92.2000,26
42656116691945,11:50:56.116,92.2000,74
42656117029747,11:50:56.117,92.1900,1
42656117066031,11:50:56.117,92.1900,25
42682583195646,11:51:22.583,92.1400,15
42682583226375,11:51:22.583,92.1700,100
42682583842020,11:51:22.583,92.1200,1
42682584192994,11:51:22.584,92.1200,99
42742918740065,11:52:22.918,92.0900,15
42790824014386,11:53:10.824,92.0600,100
42840279823501,11:54:00.279,92.1400,50
42840279823501,11:54:00.279,92.1500,50
42849082574616,11:54:09.082,92.1100,1
42849082574616,11:54:09.082,92.1200,71
42849082608288,11:54:09.082,92.1200,29
42853476235947,11:54:13.476,92.0800,46
42862728573171,11:54:22.728,92.1600,56
42891956370991,11:54:51.956,92.1400,100
42891957041129,11:54:51.957,92.1500,100
42891957812932,11:54:51.957,92.1400,10
42891957876993,11:54:51.957,92.1400,90
42891958148889,11:54:51.958,92.1300,38
42891958345622,11:54:51.958,92.1400,10
42891958345622,11:54:51.958,92.1500,90
42891958423562,11:54:51.958,92.1500,6
42891958456136,11:54:51.958,92.1500,4
42891958527151,11:54:51.958,92.1300,10
42891970190574,11:54:51.970,92.1300,56
42905752390992,11:55:05.752,92.1600,100
42912473292402,11:55:12.473,92.1400,1
42912643933043,11:55:12.643,92.2000,50
42941420447984,11:55:41.420,92.1900,50
42988378372227,11:56:28.378,92.1800,100
42988378372227,11:56:28.378,92.1700,100
42988378372227,11:56:28.378,92.1600,100
42988378372227,11:56:28.378,92.1600,1
42988378372227,11:56:28.378,92.1600,27
42988378452490,11:56:28.378,92.1600,28
42988378452490,11:56:28.378,92.1600,53
42988378452490,11:56:28.378,92.1600,15
42988378452490,11:56:28.378,92.1600,100
42988378452490,11:56:28.378,92.1600,4
42988382565235,11:56:28.382,92.1400,100
42988382617487,11:56:28.382,92.1200,100
42988383027990,11:56:28.383,92.1100,100
42988385034175,11:56:28.385,92.1600,100
42988386822589,11:56:28.386,92.1700,100
42988764223208,11:56:28.764,92.1600,100
42993036233001,11:56:33.036,92.1400,5
43007881493805,11:56:47.881,92.2000,100
43052555594183,11:57:32.555,92.1600,1
43080146139240,11:58:00.146,92.2300,100
43080146978408,11:58:00.146,92.2400,3
43080146978408,11:58:00.146,92.2400,100
43111056068954,11:58:31.056,92.2300,100
43111056068954,11:58:31.056,92.2300,3
43111058689587,11:58:31.058,92.2300,100
43111059599473,11:58:31.059,92.2300,3
43111068678866,11:58:31.068,92.2600,30
43111069877516,11:58:31.069,92.2300,100
43184005070989,11:59:44.005,92.1700,3
43200895096952,12:00:00.895,92.2400,100
43200895096952,12:00:00.895,92.2400,69
43200895101851,12:00:00.895,92.2400,97
43200895143516,12:00:00.895,92.2400,3
43217405848555,12:00:17.405,92.2800,50
43270875340552,12:01:10.875,92.3200,7
43270875411112,12:01:10.875,92.3200,7
43296544483194,12:01:36.544,92.2400,1
43296544484435,12:01:36.544,92.2400,1
43296544487503,12:01:36.544,92.2400,1
43296544489314,12:01:36.544,92.2400,1
43296544490833,12:01:36.544,92.2400,1
43296544491382,12:01:36.544,92.2400,1
43296544494540,12:01:36.544,92.2400,1
43296544496515,12:01:36.544,92.2400,1
43296544499387,12:01:36.544,92.2400,1
43296544501372,12:01:36.544,92.2400,1
43296544530829,12:01:36.544,92.2400,1
43296544541517,12:01:36.544,92.2400,89
43296544541517,12:01:36.544,92.2400,11
43296544567387,12:01:36.544,92.2400,89
43296544567387,12:01:36.544,92.2400,11
43296544581007,12:01:36.544,92.2400,15
43296544581007,12:01:36.544,92.2400,85
43296544679873,12:01:36.544,92.2400,15
43296544679873,12:01:36.544,92.2400,15
43296544679873,12:01:36.544,92.2400,24
43296544878822,12:01:36.544,92.2400,76
43296548829699,12:01:36.548,92.1800,100
43324017268965,12:02:04.017,92.2000,2
43356667605178,12:02:36.667,92.2400,5
43356667668629,12:02:36.667,92.2400,95
43356667668629,12:02:36.667,92.2400,5
43356667965643,12:02:36.667,92.2400,95
43356776991493,12:02:36.776,92.2500,11
43356777731655,12:02:36.777,92.2500,11
43361817252777,12:02:41.817,92.2500,28
43361817252777,12:02:41.817,92.2500,72
43361817282838,12:02:41.817,92.2500,28
43446470139373,12:04:06.470,92.2500,100
43446470200319,12:04:06.470,92.2500,100
43446470216546,12:04:06.470,92.2500,15
43446470781660,12:04:06.470,92.2400,100
43446471211249,12:04:06.471,92.2300,1
43446471262126,12:04:06.471,92.2200,1
43446471676966,12:04:06.471,92.2100,2
43446472575655,12:04:06.472,92.2000,1
43474817798232,12:04:34.817,92.1800,1
43497381907925,12:04:57.381,92.1800,1
43502317912160,12:05:02.317,92.1700,1
43502317912160,12:05:02.317,92.1700,5
43547092975793,12:05:47.092,92.1600,1
43547093583580,12:05:47.093,92.1500,3
43553316873603,12:05:53.316,92.1900,100
43553316940468,12:05:53.316,92.2000,100
43553316962349,12:05:53.316,92.1900,100
43624199622671,12:07:04.199,92.2300,1
43624199622671,12:07:04.199,92.2300,1
43694911678337,12:08:14.911,92.3000,50
43694911678337,12:08:14.911,92.3000,50
43735432439248,12:08:55.432,92.2800,1
43743360616421,12:09:03.360,92.3200,100
43743360616421,12:09:03.360,92.3200,100
43743360616421,12:09:03.360,92.3200,100
43743362776655,12:09:03.362,92.3300,7
43772427867240,12:09:32.427,92.3500,19
43841111723550,12:10:41.111,92.4500,47
43841125068096,12:10:41.125,92.4500,53
43841125068096,12:10:41.125,92.4500,100
43844899047936,12:10:44.899,92.4900,100
43851121795354,12:10:51.121,92.5000,100
43862439740783,12:11:02.439,92.5300,100
43862439764452,12:11:02.439,92.5300,19
43862707538920,12:11:02.707,92.5700,100
43862708033198,12:11:02.708,92.5800,100
43862708033198,12:11:02.708,92.5800,100
43862708033198,12:11:02.708,92.5800,100
43893248551785,12:11:33.248,92.6000,100
43946189385844,12:12:26.189,92.5300,100
43946189465156,12:12:26.189,92.5300,15
43946189775029,12:12:26.189,92.5200,2
43946189803768,12:12:26.189,92.5200,98
43946189974441,12:12:26.189,92.5300,100
43946189974441,12:12:26.189,92.5300,100
43946190972203,12:12:26.190,92.5400,100
43946206750312,12:12:26.206,92.6000,100
43946207461111,12:12:26.207,92.6200,100
43946212257902,12:12:26.212,92.6600,50
43946212257902,12:12:26.212,92.6600,50
43946218496954,12:12:26.218,92.6600,50
43946218496954,12:12:26.218,92.6600,50
43946224305766,12:12:26.224,92.6700,100
43963407105110,12:12:43.407,92.6400,1
43966460337487,12:12:46.460,92.6400,1
44014354736202,12:13:34.354,92.6800,100
44014354779832,12:13:34.354,92.6800,100
44030147277598,12:13:50.147,92.7000,6
44054503955277,12:14:14.503,92.7000,1
44054527998881,12:14:14.527,92.7000,1
44057713307062,12:14:17.713,92.7000,5
44060819142088,12:14:20.819,92.6700,1
44060819142620,12:14:20.819,92.6700,1
44063266261081,12:14:23.266,92.7600,100
44063327641751,12:14:23.327,92.8100,31
44142609131128,12:15:42.609,92.8500,1
44142609131128,12:15:42.609,92.8500,100
44142706800328,12:15:42.706,92.8700,100
44142836507984,12:15:42.836,92.8900,100
44142850156075,12:15:42.850,92.8900,100
44142850218555,12:15:42.850,92.9000,100
44142852459046,12:15:42.852,92.9000,100
44142925523265,12:15:42.925,92.9000,100
44142925585515,12:15:42.925,92.9000,100
44142928583020,12:15:42.928,92.9100,17
44165020918481,12:16:05.020,92.9800,100
44203933567587,12:16:43.933,93.0200,1
44213782068657,12:16:53.782,93.1500,53
44213782068657,12:16:53.782,93.1800,47
44213886645765,12:16:53.886,93.1800,3
44213889975485,12:16:53.889,93.2400,100
44220608346819,12:17:00.608,93.3300,100
44224269123396,12:17:04.269,93.2400,61
44277220114421,12:17:57.220,93.2800,19
44277220114421,12:17:57.220,93.2800,100
44277220476255,12:17:57.220,93.2700,100
44277220734891,12:17:57.220,93.2600,100
44277220734891,12:17:57.220,93.2600,100
44277221052599,12:17:57.221,93.2200,2
44277221377773,12:17:57.221,93.2400,100
44277221387956,12:17:57.221,93.2200,98
44277221618964,12:17:57.221,93.2200,10
44277221722042,12:17:57.221,93.2400,100
44286726640615,12:18:06.726,93.1900,1
44287499367846,12:18:07.499,93.1900,99
44287499367846,12:18:07.499,93.1900,13
44287500177601,12:18:07.500,93.1800,39
44287500847114,12:18:07.500,93.1800,60
44287502124503,12:18:07.502,93.1800,1
44287503459142,12:18:07.503,93.1300,100
44287503459142,12:18:07.503,93.1300,100
44327280645532,12:18:47.280,93.0900,50
44331418208723,12:18:51.418,93.0800,1
44331418209265,12:18:51.418,93.0800,1
44333010463964,12:18:53.010,93.0800,76
44333010463964,12:18:53.010,93.0800,24
44333010465710,12:18:53.010,93.0800,76
44333011525740,12:18:53.011,93.0700,100
44333011525740,12:18:53.011,93.0700,100
44346451198914,12:19:06.451,92.9600,1
44461713080640,12:21:01.713,93.0200,1
44501918103514,12:21:41.918,93.0400,100
44504388905140,12:21:44.388,93.0700,100
44507537211145,12:21:47.537,93.0800,1
44507537235975,12:21:47.537,93.0800,99
44507537567932,12:21:47.537,93.0900,100
44507537926717,12:21:47.537,93.1000,13
44507554147989,12:21:47.554,93.1000,15
44507554147989,12:21:47.554,93.1000,85
44518445513191,12:21:58.445,93.2300,1
44567697083548,12:22:47.697,93.2300,100
44567697109566,12:22:47.697,93.2400,50
44567697109566,12:22:47.697,93.2400,71
44567697109566,12:22:47.697,93.2400,61
44567720098243,12:22:47.720,93.2200,19
44567720515087,12:22:47.720,93.2200,10
44570349530224,12:22:50.349,93.1900,100
44575088801517,12:22:55.088,93.1900,33
44575088906570,12:22:55.088,93.1800,12
44575089989394,12:22:55.089,93.1500,100
44575090756778,12:22:55.090,93.1400,100
44575091162695,12:22:55.091,93.1200,100
44575091213876,12:22:55.091,93.1000,100
44575093529205,12:22:55.093,93.1000,100
44578658817296,12:22:58.658,93.1400,100
44609417738286,12:23:29.417,93.1000,58
44624323723460,12:23:44.323,93.1000,5
44624323723460,12:23:44.323,93.1000,95
44624324056028,12:23:44.324,93.1000,5
44688678147293,12:24:48.678,93.0700,1
44688678984186,12:24:48.678,93.1300,100
44688679158144,12:24:48.679,93.1300,100
44688688719027,12:24:48.688,93.1300,19
44689140852965,12:24:49.140,93.1300,100
44707341177950,12:25:07.341,93.1300,100
44736553036764,12:25:36.553,93.0300,100
44736553116094,12:25:36.553,93.0200,13
44736553180687,12:25:36.553,93.0300,100
44736557970310,12:25:36.557,92.9900,100
44736558038849,12:25:36.558,92.9900,100
44736558058724,12:25:36.558,92.9800,15
44736558614189,12:25:36.558,92.9800,100
44736559827837,12:25:36.559,92.9600,100
44736559829135,12:25:36.559,92.9600,100
44833567489622,12:27:13.567,92.9300,100
44833567489622,12:27:13.567,92.9300,15
44833567616131,12:27:13.567,92.9200,12
44833567628127,12:27:13.567,92.9200,88
44834904313176,12:27:14.904,92.9000,100
44894755254615,12:28:14.755,92.9000,14
44894755718028,12:28:14.755,92.9100,1
44894755833658,12:28:14.755,92.9100,99
44894755833658,12:28:14.755,92.9100,1
44894755978406,12:28:14.755,92.9100,99
44894785981785,12:28:14.785,92.9100,1
44963930452903,12:29:23.930,92.8900,1
44963936091341,12:29:23.936,92.9400,100
44963936188090,12:29:23.936,92.9400,100
44991927158025,12:29:51.927,92.9400,26
44991936492346,12:29:51.936,92.8600,14
44991936847728,12:29:51.936,92.8600,6
44991936880806,12:29:51.936,92.8600,6
44999092203473,12:29:59.092,92.9100,14
45067098102973,12:31:07.098,92.8600,100
45067672320272,12:31:07.672,92.8900,100
45144786689655,12:32:24.786,92.8600,100
45144786715253,12:32:24.786,92.8600,100
45144786715253,12:32:24.786,92.8600,14
45144787067200,12:32:24.787,92.8500,15
45144787905081,12:32:24.787,92.8500,56
45144787931704,12:32:24.787,92.8500,29
45161798404810,12:32:41.798,92.8000,100
45161798894501,12:32:41.798,92.7900,100
45184171286952,12:33:04.171,92.7100,100
45196716204116,12:33:16.716,92.6700,13
45212340185030,12:33:32.340,92.6500,1
45248674817114,12:34:08.674,92.6800,6
45248674817114,12:34:08.674,92.6800,2
45248675930141,12:34:08.675,92.6900,4
45248676240809,12:34:08.676,92.7100,100
45248678695481,12:34:08.678,92.6900,100
45248680482569,12:34:08.680,92.7000,24
45252840065428,12:34:12.840,92.7000,76
45308649393577,12:35:08.649,92.7200,100
45311230574683,12:35:11.230,92.7500,100
45314777358086,12:35:14.777,92.7600,100
45361270453399,12:36:01.270,92.7500,1
45374416251903,12:36:14.416,92.7000,14
45374416664136,12:36:14.416,92.6900,14
45374417048556,12:36:14.417,92.6900,32
45374417737425,12:36:14.417,92.6900,54
45374417737425,12:36:14.417,92.6900,46
45374417814706,12:36:14.417,92.6900,22
45374417859394,12:36:14.417,92.6900,32
45374437734884,12:36:14.437,92.6800,9
45374597227055,12:36:14.597,92.6400,34
45384217169474,12:36:24.217,92.6000,100
45409002878900,12:36:49.002,92.5900,100
45465307778376,12:37:45.307,92.5200,100
45465307803466,12:37:45.307,92.5200,100
45465307885746,12:37:45.307,92.5100,100
45465309111053,12:37:45.309,92.5000,100
45465309111053,12:37:45.309,92.5200,100
45472616346864,12:37:52.616,92.4100,100
45476351998175,12:37:56.351,92.4100,1
45580002660834,12:39:40.002,92.4700,100
45580002734241,12:39:40.002,92.4800,100
45580002748304,12:39:40.002,92.4800,100
45580002802579,12:39:40.002,92.4800,100
45580003238835,12:39:40.003,92.5000,6
45580003257617,12:39:40.003,92.5000,94
45580003542271,12:39:40.003,92.5200,100
45580005165799,12:39:40.005,92.5300,5
45580005204877,12:39:40.005,92.5300,45
45585534083093,12:39:45.534,92.4800,79
45585534117136,12:39:45.534,92.4800,21
45701227230501,12:41:41.227,92.3900,100
45701227230501,12:41:41.227,92.3900,14
45701227230501,12:41:41.227,92.3900,100
45701227599388,12:41:41.227,92.3800,50
45701227613313,12:41:41.227,92.3800,50
45701227613313,12:41:41.227,92.3800,100
45728708909961,12:42:08.708,92.2600,100
45728708909961,12:42:08.708,92.2600,14
45822994054768,12:43:42.994,92.1800,100
45912275799051,12:45:12.275,92.1900,100
45912285599025,12:45:12.285,92.2000,83
45912285599025,12:45:12.285,92.2000,50
45912285650613,12:45:12.285,92.2000,100
45968945692406,12:46:08.945,92.2900,100
45968945692406,12:46:08.945,92.2900,100
46022792570279,12:47:02.792,92.2200,1
46099499835657,12:48:19.499,92.2300,14
46099500362766,12:48:19.500,92.2200,18
46100026883003,12:48:20.026,92.2400,100
46111043041545,12:48:31.043,92.2800,65
46111102379022,12:48:31.102,92.2400,100
46111102379022,12:48:31.102,92.2400,10
46111111664968,12:48:31.111,92.2200,90
46254265818297,12:50:54.265,92.2300,100
46297541252694,12:51:37.541,92.2400,1
46328932555391,12:52:08.932,92.2400,50
46376291209389,12:52:56.291,92.2300,4
46376291232329,12:52:56.291,92.2300,9
46376291232329,12:52:56.291,92.2300,14
46388174138012,12:53:08.174,92.2100,66
46388174163840,12:53:08.174,92.2100,34
46454384508181,12:54:14.384,92.1800,4
46454384508181,12:54:14.384,92.1800,14
46519149667004,12:55:19.149,92.1200,7
46519149667004,12:55:19.149,92.1000,93
46519149754854,12:55:19.149,92.1000,7
46519151368471,12:55:19.151,92.0800,4
46519471965069,12:55:19.471,92.1500,24
46549976356876,12:55:49.976,92.1200,100
46549976356876,12:55:49.976,92.0900,62
46549976393829,12:55:49.976,92.0900,38
46549976477383,12:55:49.976,92.0800,96
46550049277156,12:55:50.049,92.0700,800
46550049306027,12:55:50.049,92.0700,400
46550050343512,12:55:50.050,92.0300,100
46550051533741,12:55:50.051,92.0100,100
46550052513947,12:55:50.052,92.0300,100
46568665211585,12:56:08.665,92.0000,50
46568700131055,12:56:08.700,91.9900,100
46570021605932,12:56:10.021,92.0500,100
46588909786754,12:56:28.909,92.0300,1
46588910599475,12:56:28.910,92.0600,65
46588911192623,12:56:28.911,92.0700,100
46685026785070,12:58:05.026,92.0900,100
46715573188277,12:58:35.573,92.0200,14
46715573188277,12:58:35.573,92.0200,86
46715573218416,12:58:35.573,92.0200,14
46715573698073,12:58:35.573,92.0100,100
46715573990523,12:58:35.573,92.0000,100
46715574052739,12:58:35.574,91.9900,90
46715574073766,12:58:35.574,91.9900,10
46715574586164,12:58:35.574,91.9900,100
46715575638417,12:58:35.575,91.9700,100
46715576160560,12:58:35.576,91.9200,100
46715576160560,12:58:35.576,91.9200,100
46715576587686,12:58:35.576,91.9200,100
46715577048465,12:58:35.577,91.9000,100
46772742851963,12:59:32.742,92.0200,84
46772742908807,12:59:32.742,92.0200,84
46772742940287,12:59:32.742,92.0200,16
46772744217828,12:59:32.744,92.0300,50
46875462376675,13:01:15.462,91.9600,1
47001354639413,13:03:21.354,92.0600,50
47030024512719,13:03:50.024,92.0900,50
47030024512719,13:03:50.024,92.0900,50
47030024543792,13:03:50.024,92.0900,50
47030024543792,13:03:50.024,92.0900,3
47077179677888,13:04:37.179,92.1100,1
47077180007427,13:04:37.180,92.1200,100
47077180007427,13:04:37.180,92.1200,100
47077181189112,13:04:37.181,92.1200,100
47077181230221,13:04:37.181,92.1300,1
47090797775283,13:04:50.797,92.0900,3
47090797884372,13:04:50.797,92.0800,3
47090798455627,13:04:50.798,92.0700,90
47090798485234,13:04:50.798,92.0700,10
47090821266336,13:04:50.821,92.0800,3
47159689331030,13:05:59.689,92.1000,1
47159690755039,13:05:59.690,92.1000,1
47229940155872,13:07:09.940,92.0800,97
47252741420751,13:07:32.741,92.0900,5
47252741562320,13:07:32.741,92.0900,6
47252741754333,13:07:32.741,92.0900,5
47252741814254,13:07:32.741,92.0900,6
47268267171845,13:07:48.267,92.0900,78
47268267172615,13:07:48.267,92.0800,3
47295867637606,13:08:15.867,92.0700,2
47299807430385,13:08:19.807,92.0600,14
47300025863589,13:08:20.025,92.0800,100
47300025945762,13:08:20.025,92.0800,100
47300026192930,13:08:20.026,92.0600,10
47300026406758,13:08:20.026,92.0600,10
47300106108525,13:08:20.106,92.0500,100
47303341110695,13:08:23.341,92.0500,100
47310030785964,13:08:30.030,92.1000,100
47428088743593,13:10:28.088,92.1400,5
47428088778816,13:10:28.088,92.1400,45
47428091180594,13:10:28.091,92.1500,1
47428091684757,13:10:28.091,92.1600,1
47444781018084,13:10:44.781,92.1000,1
47630371267476,13:13:50.371,92.1000,7
47641914602826,13:14:01.914,92.1000,100
47641916064271,13:14:01.916,92.0900,3
47641916064271,13:14:01.916,92.0900,97
47641916920003,13:14:01.916,92.0900,3
47641916937614,13:14:01.916,92.0900,3
47641918767137,13:14:01.918,92.1300,10
47641918767137,13:14:01.918,92.1300,100
47642009384839,13:14:02.009,92.1500,5
47642009393890,13:14:02.009,92.1500,5
47642009672533,13:14:02.009,92.1500,5
47642009808688,13:14:02.009,92.1500,5
47642010829792,13:14:02.010,92.1500,5
47643352137894,13:14:03.352,92.1700,2
47706637762169,13:15:06.637,92.1500,1
47734450959615,13:15:34.450,92.1550,1
47734450959615,13:15:34.450,92.1550,1
47774042566124,13:16:14.042,92.1400,100
47774042566124,13:16:14.042,92.1300,100
47774042566124,13:16:14.042,92.1200,100
47774043520862,13:16:14.043,92.1200,100
47774043628153,13:16:14.043,92.1200,14
47774043628153,13:16:14.043,92.1200,86
47774043633671,13:16:14.043,92.1200,14
47774043708972,13:16:14.043,92.1200,100
47774044039586,13:16:14.044,92.1200,70
47774062740808,13:16:14.062,92.1100,47
47778959241386,13:16:18.959,92.1000,100
47850030300524,13:17:30.030,92.1000,4
47850114078093,13:17:30.114,92.1200,100
47979236203790,13:19:39.236,92.0800,25
47979236848833,13:19:39.236,92.0500,13
47979238772685,13:19:39.238,92.0100,100
47979238772685,13:19:39.238,92.0100,7
47979239213396,13:19:39.239,91.9800,100
47979239213396,13:19:39.239,91.9800,100
47979239213396,13:19:39.239,91.9800,100
47979243162540,13:19:39.243,91.9900,5
47979243162540,13:19:39.243,92.0100,95
47980726411932,13:19:40.726,91.9600,5
47980727099531,13:19:40.727,91.9900,100
47980727099531,13:19:40.727,92.0000,1
47980778922114,13:19:40.778,92.0100,60
48045867054736,13:20:45.867,91.9500,100
48045867082417,13:20:45.867,91.9500,13
48045867082417,13:20:45.867,91.9500,100
48045937491548,13:20:45.937,91.9100,100
48045937517616,13:20:45.937,91.9100,39
48045938695038,13:20:45.938,91.8900,15
48045939731157,13:20:45.939,91.8900,1
48048267625580,13:20:48.267,91.9200,70
48048267941929,13:20:48.267,91.9000,100
48066135720160,13:21:06.135,91.9500,100
48066136482515,13:21:06.136,91.9700,39
48066137248099,13:21:06.137,91.9800,100
48066138680758,13:21:06.138,91.9800,1
48066201227790,13:21:06.201,91.9400,100
48089074742290,13:21:29.074,91.9100,99
48164365817837,13:22:44.365,91.9000,8
48164365843964,13:22:44.365,91.9000,17
48164366138264,13:22:44.366,91.8900,13
48274841491925,13:24:34.841,91.8000,100
48274841493273,13:24:34.841,91.8000,13
48274841493273,13:24:34.841,91.8000,3
48284404754588,13:24:44.404,91.7900,6
48284404758526,13:24:44.404,91.8000,50
48284404894029,13:24:44.404,91.8000,100
48284405002523,13:24:44.405,91.8000,56
48284405060489,13:24:44.405,91.8000,44
48284405641687,13:24:44.405,91.8200,67
48284405694484,13:24:44.405,91.8200,33
48284405694484,13:24:44.405,91.8100,34
48284407263567,13:24:44.407,91.8400,100
48292010340890,13:24:52.010,91.7900,100
48292010340890,13:24:52.010,91.7900,63
48292010340890,13:24:52.010,91.7900,57
48302203792905,13:25:02.203,91.7800,1
48321615691373,13:25:21.615,91.7600,40
48321615691373,13:25:21.615,91.7800,3
48321616352622,13:25:21.616,91.8000,100
48321673079782,13:25:21.673,91.8000,100
48321676793578,13:25:21.676,91.7700,4
48321676819230,13:25:21.676,91.7700,3
48416189832331,13:26:56.189,91.7300,18
48416189832331,13:26:56.189,91.7200,13
48416189832331,13:26:56.189,91.7100,69
48416189943427,13:26:56.189,91.7100,31
48427812693859,13:27:07.812,91.6300,5
48427812806129,13:27:07.812,91.6200,100
48428346891126,13:27:08.346,91.6300,100
48518119625552,13:28:38.119,91.6300,56
48518119625552,13:28:38.119,91.6300,56
48518119625552,13:28:38.119,91.6300,13
48518119625552,13:28:38.119,91.6300,100
48518119688229,13:28:38.119,91.6300,100
48526272830546,13:28:46.272,91.6300,100
48534724114877,13:28:54.724,91.6600,100
48534726131866,13:28:54.726,91.6700,100
48534748081876,13:28:54.748,91.6500,10
48560896072269,13:29:20.896,91.6700,10
48560896072269,13:29:20.896,91.6700,1
48560896072269,13:29:20.896,91.6700,10
48560896072269,13:29:20.896,91.6700,1
48560896072269,13:29:20.896,91.6700,1
48560896072269,13:29:20.896,91.6800,77
48560896106761,13:29:20.896,91.6800,23
48560896134111,13:29:20.896,91.6800,23
48560896717280,13:29:20.896,91.6800,77
48560896717280,13:29:20.896,91.6800,23
48586557177541,13:29:46.557,91.7000,100
48586561786020,13:29:46.561,91.7200,100
48586561786020,13:29:46.561,91.7300,1
48586610693406,13:29:46.610,91.6900,4
48586610693406,13:29:46.610,91.6900,5
48632714827319,13:30:32.714,91.6400,12
48632714852945,13:30:32.714,91.6400,6
48632714852945,13:30:32.714,91.6400,13
48632714932209,13:30:32.714,91.6300,100
48632715313795,13:30:32.715,91.6000,100
48646275677197,13:30:46.275,91.6400,100
48646276079830,13:30:46.276,91.6500,100
48646355668421,13:30:46.355,91.6400,100
48667546865228,13:31:07.546,91.6700,5
48722109165528,13:32:02.109,91.6100,18
48722109242739,13:32:02.109,91.6100,100
48722692711793,13:32:02.692,91.6100,100
48722713695217,13:32:02.713,91.6300,200
48722971704113,13:32:02.971,91.6200,10
48722972710340,13:32:02.972,91.6100,10
48777575467907,13:32:57.575,91.6700,200
48777650143799,13:32:57.650,91.7000,9
48778323158927,13:32:58.323,91.7100,1
48778323158927,13:32:58.323,91.7100,199
48778323202150,13:32:58.323,91.7100,1
48778323577569,13:32:58.323,91.6900,10
48778323597231,13:32:58.323,91.7200,1
48778323631704,13:32:58.323,91.6900,100
48778323656507,13:32:58.323,91.7100,10
48778323724874,13:32:58.323,91.7100,10
48778323758356,13:32:58.323,91.7100,10
48778323781803,13:32:58.323,91.7100,10
48780026162740,13:33:00.026,91.7200,100
48786344755123,13:33:06.344,91.7300,1
48787414165266,13:33:07.414,91.7400,2
48841561511185,13:34:01.561,91.6800,3
48919819482161,13:35:19.819,91.6800,100
48919819482161,13:35:19.819,91.6800,100
48919819482161,13:35:19.819,91.6800,100
48919819482161,13:35:19.819,91.6800,13
48919819483313,13:35:19.819,91.6800,100
48919819987260,13:35:19.819,91.6700,10
48919819997292,13:35:19.819,91.6700,90
48920103165010,13:35:20.103,91.6000,13
48925783133043,13:35:25.783,91.6300,100
48937226164231,13:35:37.226,91.6000,87
48937226164231,13:35:37.226,91.6000,13
48937226164231,13:35:37.226,91.6000,100
48937227231800,13:35:37.227,91.5300,100
48955239702280,13:35:55.239,91.4900,60
48955239727048,13:35:55.239,91.4900,40
48955240069365,13:35:55.240,91.4900,100
48956235130153,13:35:56.235,91.4900,100
48956235130153,13:35:56.235,91.5200,50
48956235130153,13:35:56.235,91.5400,100
48956235130153,13:35:56.235,91.5400,100
48960277854778,13:36:00.277,91.5800,100
48964566721745,13:36:04.566,91.5700,100
48970071588072,13:36:10.071,91.5200,13
48970071588072,13:36:10.071,91.5200,87
48980978231862,13:36:20.978,91.4500,83
48980978730531,13:36:20.978,91.4400,17
48980978908624,13:36:20.978,91.4400,83
48990292976557,13:36:30.292,91.4800,100
48990294799746,13:36:30.294,91.5300,10
48990295017870,13:36:30.295,91.5300,100
48990295256855,13:36:30.295,91.5500,35
48990295256855,13:36:30.295,91.5500,1
48990295283987,13:36:30.295,91.5500,200
48997215938155,13:36:37.215,91.5800,1
48997215938155,13:36:37.215,91.5800,100
49103487527947,13:38:23.487,91.5400,13
49103487527947,13:38:23.487,91.5400,100
49105493702368,13:38:25.493,91.5300,100
49215698787578,13:40:15.698,91.4700,58
49250020586939,13:40:50.020,91.5000,100
49250021154451,13:40:50.021,91.5200,100
49250021154451,13:40:50.021,91.5200,100
49250021739336,13:40:50.021,91.5200,100
49250058147691,13:40:50.058,91.5200,10
49250058147691,13:40:50.058,91.5200,10
49250525070896,13:40:50.525,91.5000,100
49250525070896,13:40:50.525,91.5000,13
49322458391967,13:42:02.458,91.5600,100
49322458391967,13:42:02.458,91.5900,100
49338368321616,13:42:18.368,91.6000,100
49338368321616,13:42:18.368,91.6000,100
49338368390198,13:42:18.368,91.6000,100
49338368917101,13:42:18.368,91.6100,100
49338369269970,13:42:18.369,91.6100,41
49338370334837,13:42:18.370,91.6100,50
49338433153231,13:42:18.433,91.5900,21
49338874349327,13:42:18.874,91.5400,100
49338874612438,13:42:18.874,91.5200,4
49338895907342,13:42:18.895,91.5400,100
49339039868339,13:42:19.039,91.5400,100
49405025096047,13:43:25.025,91.5800,100
49405025498953,13:43:25.025,91.5500,10
49405025934214,13:43:25.025,91.5600,30
49405025934214,13:43:25.025,91.5600,10
49405025934214,13:43:25.025,91.5600,10
49405026107852,13:43:25.026,91.5500,10
49405026107852,13:43:25.026,91.5500,10
49405026107852,13:43:25.026,91.5500,30
49462899238907,13:44:22.899,91.5400,100
49462899239381,13:44:22.899,91.5400,100
49462899239381,13:44:22.899,91.5400,100
49462899239381,13:44:22.899,91.5400,13
49509851409865,13:45:09.851,91.4300,100
49509851488962,13:45:09.851,91.4200,100
49509854459346,13:45:09.854,91.4100,100
49543944423364,13:45:43.944,91.4800,200
49543946712134,13:45:43.946,91.4700,100
49543946712134,13:45:43.946,91.4700,100
49581985862332,13:46:21.985,91.5200,7
49581985862332,13:46:21.985,91.5200,100
49586276723751,13:46:26.276,91.5200,69
49586277213579,13:46:26.277,91.5200,31
49677118145414,13:47:57.118,91.5200,100
49677119642342,13:47:57.119,91.5200,50
49716559895205,13:48:36.559,91.4800,3
49716559895205,13:48:36.559,91.4800,100
49716559895205,13:48:36.559,91.4800,33
49716559895205,13:48:36.559,91.4800,12
49716559895205,13:48:36.559,91.4800,52
49716559926500,13:48:36.559,91.4800,48
49716560432234,13:48:36.560,91.4400,100
49716561956643,13:48:36.561,91.4200,100
49720039351857,13:48:40.039,91.4400,10
49740665351459,13:49:00.665,91.4000,100
49740665366964,13:49:00.665,91.4000,100
49740665870186,13:49:00.665,91.3800,100
49742663687846,13:49:02.663,91.4000,100
49758448934057,13:49:18.448,91.4100,100
49758449078403,13:49:18.449,91.4300,100
49758451628571,13:49:18.451,91.4600,100
49758451652528,13:49:18.451,91.4600,50
49758451652528,13:49:18.451,91.4600,100
49758452164499,13:49:18.452,91.4700,100
49758455767314,13:49:18.455,91.4900,1
49758455767314,13:49:18.455,91.4900,100
49758455767314,13:49:18.455,91.4900,100
49758455767314,13:49:18.455,91.4900,100
49758456085839,13:49:18.456,91.5000,1
49758456636380,13:49:18.456,91.5100,1
49794306817821,13:49:54.306,91.5400,1
49794306817821,13:49:54.306,91.5400,5
49795230358514,13:49:55.230,91.5500,1
49795230358514,13:49:55.230,91.5500,100
49795230838905,13:49:55.230,91.5700,1
49795230838905,13:49:55.230,91.5700,100
49795293389226,13:49:55.293,91.5700,19
49795293460955,13:49:55.293,91.5800,1
49795306582425,13:49:55.306,91.5900,2
49795306903233,13:49:55.306,91.6000,1
49795483532094,13:49:55.483,91.5500,55
49795483608616,13:49:55.483,91.5500,100
