timestamp,time,price,volume
32985733780405,09:09:45.733,21.6000,148
33120047861660,09:12:00.047,21.6000,1000
33120070761277,09:12:00.070,21.6000,100
33127869922575,09:12:07.869,21.6000,500
33169846337531,09:12:49.846,21.6000,200
33169849048962,09:12:49.849,21.6000,52
33208233802097,09:13:28.233,21.5800,5
33246897771874,09:14:06.897,21.5800,102
33246898377929,09:14:06.898,21.5800,500
33264176288714,09:14:24.176,21.5800,10
33266932793729,09:14:26.932,21.5800,10
33311588697490,09:15:11.588,21.5800,200
33311589290202,09:15:11.589,21.5800,173
33311589290202,09:15:11.589,21.5800,127
33322476445203,09:15:22.476,21.5800,10
34200946394086,09:30:00.946,0.0000,0
34201047985537,09:30:01.047,21.5500,100
34201047985537,09:30:01.047,21.5500,100
34201927511310,09:30:01.927,21.5500,100
34201929928054,09:30:01.929,21.5500,300
34202020716297,09:30:02.020,21.5500,100
34216779072968,09:30:16.779,21.6000,100
34216779153551,09:30:16.779,21.6100,100
34216779283744,09:30:16.779,21.6100,100
34216779283744,09:30:16.779,21.6100,100
34216779415001,09:30:16.779,21.6200,100
34216779444137,09:30:16.779,21.6200,100
34216779444137,09:30:16.779,21.6200,100
34216779444137,09:30:16.779,21.6200,10
34216779444137,09:30:16.779,21.6200,100
34216780471228,09:30:16.780,21.6200,100
34216780471228,09:30:16.780,21.6200,600
34216780471228,09:30:16.780,21.6200,100
34216781247638,09:30:16.781,21.6200,100
34216781247638,09:30:16.781,21.6200,15
34216781247638,09:30:16.781,21.6200,34
34216781247638,09:30:16.781,21.6200,1
34216796073835,09:30:16.796,21.6200,29
34217045901662,09:30:17.045,21.6300,100
34231120317242,09:30:31.120,21.7100,100
34231120317242,09:30:31.120,21.7000,300
34251079578783,09:30:51.079,21.7500,100
34251079578783,09:30:51.079,21.7500,100
34251079578783,09:30:51.079,21.7500,100
34251079578783,09:30:51.079,21.7500,100
34251079578783,09:30:51.079,21.7500,100
34251080349001,09:30:51.080,21.7500,100
34251080349001,09:30:51.080,21.7500,100
34251080537218,09:30:51.080,21.7500,100
34251080537218,09:30:51.080,21.7500,100
34251085606459,09:30:51.085,21.7400,100
34251948591486,09:30:51.948,21.7300,1287
34251951143844,09:30:51.951,21.7300,13
34251951755428,09:30:51.951,21.7300,100
34251952987712,09:30:51.952,21.7300,100
34251953013371,09:30:51.953,21.7300,100
34251953013371,09:30:51.953,21.7300,100
34251953013371,09:30:51.953,21.7300,100
34251953196699,09:30:51.953,21.7300,100
34251953287820,09:30:51.953,21.7300,100
34251953287820,09:30:51.953,21.7300,100
34251953287820,09:30:51.953,21.7300,100
34252118841347,09:30:52.118,21.7400,100
34254303989686,09:30:54.303,21.7600,100
34254303989686,09:30:54.303,21.7600,200
34262933687823,09:31:02.933,21.7600,448
34262933711071,09:31:02.933,21.7600,52
34262933711071,09:31:02.933,21.7600,300
34262933713824,09:31:02.933,21.7600,3
34262933716747,09:31:02.933,21.7600,97
34262933716747,09:31:02.933,21.7600,255
34262935212618,09:31:02.935,21.7600,100
34262935217079,09:31:02.935,21.7600,45
34263012673665,09:31:03.012,21.7500,55
34263110734667,09:31:03.110,21.7500,45
34263110734667,09:31:03.110,21.7500,55
34271137147374,09:31:11.137,21.7500,312
34271137739264,09:31:11.137,21.7500,288
34271233544703,09:31:11.233,21.7600,200
34271233544703,09:31:11.233,21.7600,145
34271233579215,09:31:11.233,21.7600,100
34273593667217,09:31:13.593,21.7800,200
34273593667217,09:31:13.593,21.7800,100
34276780938122,09:31:16.780,21.8200,100
34276780938122,09:31:16.780,21.8200,400
34277251749396,09:31:17.251,21.8200,1
34277252006895,09:31:17.252,21.8200,399
34277253406799,09:31:17.253,21.8100,1
34277253431314,09:31:17.253,21.8100,899
34277253754170,09:31:17.253,21.8100,145
34277253754170,09:31:17.253,21.8100,100
34277253787311,09:31:17.253,21.8100,100
34277253787311,09:31:17.253,21.8100,200
34277256483032,09:31:17.256,21.8100,100
34277256545473,09:31:17.256,21.8100,100
34277256545473,09:31:17.256,21.8100,100
34277256545473,09:31:17.256,21.8100,200
34277256545473,09:31:17.256,21.8100,51
34277257092508,09:31:17.257,21.8100,100
34277389215534,09:31:17.389,21.8200,145
34277389215534,09:31:17.389,21.8200,55
34281899243216,09:31:21.899,21.8500,400
34281899243216,09:31:21.899,21.8400,200
34281899270430,09:31:21.899,21.8400,500
34282009895853,09:31:22.009,21.8500,77
34282223743249,09:31:22.223,21.8500,23
34282223743249,09:31:22.223,21.8500,177
34282313082427,09:31:22.313,21.8500,23
34283029733415,09:31:23.029,21.8500,100
34283029758885,09:31:23.029,21.8500,100
34283029933358,09:31:23.029,21.8400,100
34283035609760,09:31:23.035,21.8400,100
34283035610371,09:31:23.035,21.8400,100
34283035623949,09:31:23.035,21.8400,100
34283035747044,09:31:23.035,21.8400,100
34283036712410,09:31:23.036,21.8400,100
34283037644288,09:31:23.037,21.8400,100
34283039359251,09:31:23.039,21.8200,100
34283039963082,09:31:23.039,21.8300,100
34283041529312,09:31:23.041,21.8300,100
34283041529312,09:31:23.041,21.8300,100
34283041529312,09:31:23.041,21.8300,200
34283041529312,09:31:23.041,21.8300,100
34283041529312,09:31:23.041,21.8300,100
34283056049227,09:31:23.056,21.8300,100
34283056049227,09:31:23.056,21.8300,100
34283056108970,09:31:23.056,21.8300,100
34283056108970,09:31:23.056,21.8200,100
34283056108970,09:31:23.056,21.8200,100
34283056108970,09:31:23.056,21.8200,100
34283056131436,09:31:23.056,21.8300,100
34283056824315,09:31:23.056,21.8300,100
34283063205087,09:31:23.063,21.8400,100
34283063266639,09:31:23.063,21.8400,100
34283063290558,09:31:23.063,21.8400,100
34283067853346,09:31:23.067,21.8500,100
34283306682751,09:31:23.306,21.8600,100
34283973808257,09:31:23.973,21.8600,100
34287600319181,09:31:27.600,21.9100,100
34287600319181,09:31:27.600,21.9000,100
34287808214289,09:31:27.808,21.9100,100
34287808726555,09:31:27.808,21.9000,100
34287810013090,09:31:27.810,21.9000,200
34287811495120,09:31:27.811,21.9000,100
34287811495120,09:31:27.811,21.9000,200
34287835306608,09:31:27.835,21.9000,100
34287835306608,09:31:27.835,21.9000,100
34287864382326,09:31:27.864,21.9000,100
34287864382326,09:31:27.864,21.9000,155
34287869367307,09:31:27.869,21.9100,155
34287869367307,09:31:27.869,21.9100,100
34287890409257,09:31:27.890,21.9300,100
34287905783913,09:31:27.905,21.9400,92
34287905846444,09:31:27.905,21.9400,100
34287905892098,09:31:27.905,21.9400,100
34287905892098,09:31:27.905,21.9400,100
34287910102623,09:31:27.910,21.9400,100
34287910468931,09:31:27.910,21.9400,100
34287910468931,09:31:27.910,21.9400,23
34287932292080,09:31:27.932,21.9400,177
34287932292080,09:31:27.932,21.9400,23
34287932347405,09:31:27.932,21.9400,77
34287933376485,09:31:27.933,21.9300,100
34287933704020,09:31:27.933,21.9300,100
34287933745763,09:31:27.933,21.9200,100
34287933745763,09:31:27.933,21.9200,100
34287933745763,09:31:27.933,21.9200,50
34288265842950,09:31:28.265,21.9300,100
34288274585742,09:31:28.274,21.9400,100
34288275690075,09:31:28.275,21.9400,100
34288279972413,09:31:28.279,21.9500,200
34289038444966,09:31:29.038,21.9700,100
34289038444966,09:31:29.038,21.9700,100
34289048982080,09:31:29.048,21.9500,100
34289210520604,09:31:29.210,21.9300,100
34289220203718,09:31:29.220,21.9400,100
34289220203718,09:31:29.220,21.9400,100
34289224671344,09:31:29.224,21.9500,100
34289229139438,09:31:29.229,21.9600,100
34289234128888,09:31:29.234,21.9700,1200
34289234128888,09:31:29.234,21.9700,92
34289234128888,09:31:29.234,21.9700,100
34289237332446,09:31:29.237,21.9700,29
34289237371855,09:31:29.237,21.9700,71
34289239367026,09:31:29.239,21.9700,300
34289442307594,09:31:29.442,21.9700,100
34291271017857,09:31:31.271,21.9700,100
34291271097621,09:31:31.271,21.9600,100
34291271177410,09:31:31.271,21.9600,100
34291271177410,09:31:31.271,21.9600,100
34291381096791,09:31:31.381,21.9600,100
34292781913531,09:31:32.781,21.9600,400
34292794252790,09:31:32.794,21.9500,400
34292794941732,09:31:32.794,21.9500,100
34292801289468,09:31:32.801,21.9500,100
34292801289468,09:31:32.801,21.9500,100
34292801289468,09:31:32.801,21.9500,100
34292946321048,09:31:32.946,21.9500,100
34292946370885,09:31:32.946,21.9300,100
34294793221192,09:31:34.793,21.9100,100
34294793647079,09:31:34.793,21.9100,100
34294793755695,09:31:34.793,21.9100,100
34294794159102,09:31:34.794,21.9100,300
34294799580259,09:31:34.799,21.9300,71
34294799762787,09:31:34.799,21.8900,1800
34294800198988,09:31:34.800,21.8900,15
34294800553051,09:31:34.800,21.8900,100
34294801656537,09:31:34.801,21.8800,100
34294831984463,09:31:34.831,21.8700,92
34294831984463,09:31:34.831,21.8700,208
34294832009641,09:31:34.832,21.8700,592
34294832645086,09:31:34.832,21.8700,30
34294832645086,09:31:34.832,21.8700,100
34294832987831,09:31:34.832,21.8700,100
34294832987831,09:31:34.832,21.8700,100
34294833021232,09:31:34.833,21.8700,100
34294837276795,09:31:34.837,21.8800,100
34294837276795,09:31:34.837,21.8800,100
34294843654747,09:31:34.843,21.8800,100
34294843654747,09:31:34.843,21.8800,100
34294995563782,09:31:34.995,21.8700,300
34294995563782,09:31:34.995,21.8600,100
34294996673955,09:31:34.996,21.8700,100
34294999197319,09:31:34.999,21.8700,100
34294999197319,09:31:34.999,21.8700,100
34298387876934,09:31:38.387,21.8700,100
34298387876934,09:31:38.387,21.8700,100
34309208553130,09:31:49.208,21.8100,100
34309213483683,09:31:49.213,21.7900,100
34309213561574,09:31:49.213,21.8000,100
34309213561574,09:31:49.213,21.8000,100
34309213561574,09:31:49.213,21.8000,100
34309214447804,09:31:49.214,21.7900,100
34309214472450,09:31:49.214,21.7900,300
34309214472450,09:31:49.214,21.7900,100
34309214472450,09:31:49.214,21.7900,100
34309214737091,09:31:49.214,21.8000,100
34309223721328,09:31:49.223,21.7900,100
34309223721328,09:31:49.223,21.7900,100
34309223721328,09:31:49.223,21.7900,100
34309223721328,09:31:49.223,21.7900,100
34309223721328,09:31:49.223,21.7900,10
34309223721328,09:31:49.223,21.7900,9
34309237519034,09:31:49.237,21.7900,100
34309245540491,09:31:49.245,21.7900,64
34309245540491,09:31:49.245,21.7900,85
34309245540491,09:31:49.245,21.7900,10
34309247903779,09:31:49.247,21.7900,74
34309247903779,09:31:49.247,21.7900,26
34320049756597,09:32:00.049,21.7900,200
34320049756597,09:32:00.049,21.7900,13
34320050114143,09:32:00.050,21.7900,704
34320050167046,09:32:00.050,21.7900,500
34320050177779,09:32:00.050,21.7900,896
34320051993772,09:32:00.051,21.7900,100
34320051993772,09:32:00.051,21.7900,100
34320052059969,09:32:00.052,21.7900,100
34320052059969,09:32:00.052,21.7900,100
34320052059969,09:32:00.052,21.7900,100
34320052059969,09:32:00.052,21.7900,130
34320052059969,09:32:00.052,21.7900,100
34320063175537,09:32:00.063,21.7700,900
34320063175537,09:32:00.063,21.7700,4
34320071424307,09:32:00.071,21.7600,100
34320071424307,09:32:00.071,21.7600,800
34320077707307,09:32:00.077,21.7500,1200
34320077707307,09:32:00.077,21.7500,92
34320193462841,09:32:00.193,21.7400,100
34320193462841,09:32:00.193,21.7300,1200
34320193462841,09:32:00.193,21.7300,100
34320193462841,09:32:00.193,21.7200,440
34320215039279,09:32:00.215,21.7600,100
34323163238823,09:32:03.163,21.8100,100
34323163238823,09:32:03.163,21.8100,100
34323163238823,09:32:03.163,21.8100,100
34323163329131,09:32:03.163,21.8100,135
34323164018876,09:32:03.164,21.8000,100
34323164365128,09:32:03.164,21.7900,114
34323164730339,09:32:03.164,21.7900,50
34326257499200,09:32:06.257,21.8000,100
34326258202411,09:32:06.258,21.8000,900
34326382349287,09:32:06.382,21.8100,100
34331673928465,09:32:11.673,21.8600,100
34336097584733,09:32:16.097,21.8600,7
34336097584733,09:32:16.097,21.8300,93
34336101457174,09:32:16.101,21.8300,7
34336101522516,09:32:16.101,21.8300,93
34336101557865,09:32:16.101,21.8300,7
34336101584824,09:32:16.101,21.8300,100
34336101593226,09:32:16.101,21.8300,93
34336102211761,09:32:16.102,21.8300,100
34342876634132,09:32:22.876,21.8100,100
34342876901865,09:32:22.876,21.8100,200
34342876923106,09:32:22.876,21.8100,200
34342876941478,09:32:22.876,21.8100,100
34342878922358,09:32:22.878,21.8000,100
34342932702109,09:32:22.932,21.8000,100
34342932702109,09:32:22.932,21.8000,100
34342932831743,09:32:22.932,21.8000,82
34342932878390,09:32:22.932,21.8000,18
34342963798479,09:32:22.963,21.8100,100
34342963798479,09:32:22.963,21.8000,100
34342963823533,09:32:22.963,21.8000,100
34342964206721,09:32:22.964,21.8000,200
34342964604636,09:32:22.964,21.7900,100
34342964604636,09:32:22.964,21.7900,100
34342965689554,09:32:22.965,21.7900,100
34342965689554,09:32:22.965,21.7900,100
34343024621801,09:32:23.024,21.7900,200
34343074781958,09:32:23.074,21.7800,92
34343239311636,09:32:23.239,21.7800,2009
34343239311636,09:32:23.239,21.7800,91
34343239343007,09:32:23.239,21.7800,9
34343323374240,09:32:23.323,21.7800,100
34343323398517,09:32:23.323,21.7800,100
34345382969943,09:32:25.382,21.7300,100
34350389395475,09:32:30.389,21.7700,100
34355383257131,09:32:35.383,21.7800,100
34356614578977,09:32:36.614,21.7900,100
34364453896233,09:32:44.453,21.8900,100
34364453896233,09:32:44.453,21.8800,100
34364453896233,09:32:44.453,21.8800,100
34366072123847,09:32:46.072,21.8600,100
34366072353755,09:32:46.072,21.8600,100
34366072389373,09:32:46.072,21.8500,100
34366074046919,09:32:46.074,21.8600,100
34373302667374,09:32:53.302,21.8400,200
34373302667374,09:32:53.302,21.8400,100
34392200124670,09:33:12.200,21.8500,100
34392200124670,09:33:12.200,21.8500,73
34392200419258,09:33:12.200,21.8500,427
34392200676026,09:33:12.200,21.8500,497
34392202346836,09:33:12.202,21.8500,100
34392202371505,09:33:12.202,21.8500,100
34392202399108,09:33:12.202,21.8500,100
34392319779225,09:33:12.319,21.8500,100
34392319779225,09:33:12.319,21.8500,100
34394733214435,09:33:14.733,21.8100,200
34399577028071,09:33:19.577,21.7800,300
34404331702970,09:33:24.331,21.7900,100
34404331702970,09:33:24.331,21.8000,100
34404331971738,09:33:24.331,21.8000,300
34413940216356,09:33:33.940,21.8100,200
34414183012660,09:33:34.183,21.8100,100
34416228560234,09:33:36.228,21.8100,100
34416228560234,09:33:36.228,21.8100,100
34416228560234,09:33:36.228,21.8100,100
34416228654137,09:33:36.228,21.8100,100
34416230611088,09:33:36.230,21.8100,100
34416230611088,09:33:36.230,21.8100,100
34416230611088,09:33:36.230,21.8100,100
34416230611088,09:33:36.230,21.8100,100
34416230611088,09:33:36.230,21.8100,100
34416230884650,09:33:36.230,21.8000,100
34416230884650,09:33:36.230,21.8000,100
34419439545167,09:33:39.439,21.8500,332
34419439545167,09:33:39.439,21.8500,168
34419439575737,09:33:39.439,21.8500,100
34419439840305,09:33:39.439,21.8400,100
34419491269871,09:33:39.491,21.8600,100
34419491269871,09:33:39.491,21.8600,200
34419491355190,09:33:39.491,21.8500,39
34419491355190,09:33:39.491,21.8500,100
34419491385837,09:33:39.491,21.8500,100
34419491677477,09:33:39.491,21.8500,100
34419491677477,09:33:39.491,21.8500,100
34419491677477,09:33:39.491,21.8500,100
34419542091827,09:33:39.542,21.8500,100
34419547443826,09:33:39.547,21.8500,100
34419547443826,09:33:39.547,21.8500,100
34421689885641,09:33:41.689,21.8600,71
34421689954374,09:33:41.689,21.8500,100
34421689954374,09:33:41.689,21.8500,100
34421689980792,09:33:41.689,21.8500,200
34421700586658,09:33:41.700,21.8500,100
34421709315166,09:33:41.709,21.8500,100
34422151372971,09:33:42.151,21.8600,100
34422151372971,09:33:42.151,21.8600,100
34422151654398,09:33:42.151,21.8500,100
34422307063369,09:33:42.307,21.8500,100
34423034145460,09:33:43.034,21.8600,100
34423034145460,09:33:43.034,21.8700,900
34423034145460,09:33:43.034,21.8700,37
34423036507850,09:33:43.036,21.8700,100
34423036891132,09:33:43.036,21.8700,100
34424566557728,09:33:44.566,21.8800,100
34424566582078,09:33:44.566,21.8800,100
34424751237554,09:33:44.751,21.8800,100
34424751521529,09:33:44.751,21.8800,100
34424782201250,09:33:44.782,21.8800,100
34424786298305,09:33:44.786,21.8800,100
34424786298305,09:33:44.786,21.8800,100
34424790545054,09:33:44.790,21.8800,100
34424791254046,09:33:44.791,21.8800,100
34424803594589,09:33:44.803,21.8900,100
34424803594589,09:33:44.803,21.8900,100
34424803672498,09:33:44.803,21.8900,100
34424803672498,09:33:44.803,21.8900,100
34424803686893,09:33:44.803,21.8900,100
34424803694085,09:33:44.803,21.8900,100
34424803711472,09:33:44.803,21.8900,350
34424803711472,09:33:44.803,21.8900,100
34424803711472,09:33:44.803,21.8900,100
34424803752567,09:33:44.803,21.8900,100
34424804467188,09:33:44.804,21.8900,12
34424807661179,09:33:44.807,21.9000,100
34424807661179,09:33:44.807,21.9000,100
34424809503346,09:33:44.809,21.9000,100
34424809503346,09:33:44.809,21.9000,194
34424809503346,09:33:44.809,21.9000,100
34424809503346,09:33:44.809,21.9000,100
34424815602547,09:33:44.815,21.9000,100
34424820834588,09:33:44.820,21.9100,100
34424820899250,09:33:44.820,21.9100,100
34424820899250,09:33:44.820,21.9100,100
34424838983970,09:33:44.838,21.9100,100
34424838983970,09:33:44.838,21.9100,100
34424841058209,09:33:44.841,21.9100,100
34424853336037,09:33:44.853,21.9100,300
34424853336037,09:33:44.853,21.9200,100
34424853336037,09:33:44.853,21.9200,92
34424853336037,09:33:44.853,21.9200,208
34424883930722,09:33:44.883,21.9000,100
34424966782260,09:33:44.966,21.9000,100
34427142376062,09:33:47.142,21.9000,100
34427142376062,09:33:47.142,21.9000,100
34427465732559,09:33:47.465,21.8900,100
34427465732559,09:33:47.465,21.8900,100
34427466201224,09:33:47.466,21.8900,100
34427466201224,09:33:47.466,21.9000,100
34427466247069,09:33:47.466,21.9000,100
34427466274025,09:33:47.466,21.9000,200
34427466274025,09:33:47.466,21.9000,99
34427466317868,09:33:47.466,21.9000,1
34427489246912,09:33:47.489,21.9000,100
34427489892481,09:33:47.489,21.9000,100
34427546937501,09:33:47.546,21.9100,100
34427546965808,09:33:47.546,21.9100,100
34427585177445,09:33:47.585,21.9200,100
34427585177445,09:33:47.585,21.9200,100
34427585177445,09:33:47.585,21.9200,100
34427656358783,09:33:47.656,21.9200,100
34427656358783,09:33:47.656,21.9200,100
34427656358783,09:33:47.656,21.9200,100
34427656992500,09:33:47.656,21.9200,100
34427657017641,09:33:47.657,21.9200,100
34427661477411,09:33:47.661,21.9200,100
34427661477411,09:33:47.661,21.9200,300
34427781154628,09:33:47.781,21.9200,100
34428048606773,09:33:48.048,21.9100,100
34428223461357,09:33:48.223,21.9100,100
34428223461357,09:33:48.223,21.9100,100
34428958059670,09:33:48.958,21.9100,100
34428960629910,09:33:48.960,21.9100,100
34428960629910,09:33:48.960,21.9100,100
34428960629910,09:33:48.960,21.9100,100
34429185439072,09:33:49.185,21.9100,96
34429185463817,09:33:49.185,21.9100,4
34430142399227,09:33:50.142,21.9100,100
34430143156919,09:33:50.143,21.9200,100
34430143156919,09:33:50.143,21.9200,100
34430143156919,09:33:50.143,21.9200,100
34430143879558,09:33:50.143,21.9200,100
34430143903653,09:33:50.143,21.9200,100
34431008177564,09:33:51.008,21.9200,35
34431066552709,09:33:51.066,21.9200,100
34431066833496,09:33:51.066,21.9200,100
34431067928276,09:33:51.067,21.9100,100
34431068310610,09:33:51.068,21.9100,100
34431090857328,09:33:51.090,21.9100,100
34431151507590,09:33:51.151,21.9200,100
34431504670119,09:33:51.504,21.9300,100
34431504670119,09:33:51.504,21.9300,200
34431504670119,09:33:51.504,21.9300,100
34431504948874,09:33:51.504,21.9300,100
34431627216505,09:33:51.627,21.9300,100
34431627216505,09:33:51.627,21.9300,100
34433772089328,09:33:53.772,21.9300,100
34433819788393,09:33:53.819,21.9300,100
34434210527082,09:33:54.210,21.9300,100
34434211294019,09:33:54.211,21.9400,200
34434211294019,09:33:54.211,21.9400,100
34435020158610,09:33:55.020,21.9500,100
34435213239353,09:33:55.213,21.9400,100
34435912365423,09:33:55.912,21.9300,100
34435912365423,09:33:55.912,21.9300,100
34435971888501,09:33:55.971,21.9300,100
34436144960341,09:33:56.144,21.9400,100
34436478619257,09:33:56.478,21.9400,100
34436510806819,09:33:56.510,21.9400,100
34436794771937,09:33:56.794,21.9500,100
34436871640097,09:33:56.871,21.9600,100
34436871665907,09:33:56.871,21.9600,100
34436871665907,09:33:56.871,21.9600,100
34436871665907,09:33:56.871,21.9600,100
34437047614087,09:33:57.047,21.9500,100
34437149888303,09:33:57.149,21.9500,12
34437169627905,09:33:57.169,21.9500,88
34437817595883,09:33:57.817,21.9500,100
34437847863193,09:33:57.847,21.9500,100
34441831772783,09:34:01.831,21.9500,200
34441831797837,09:34:01.831,21.9500,100
34441834726209,09:34:01.834,21.9500,100
34441834726209,09:34:01.834,21.9500,100
34441835140095,09:34:01.835,21.9500,100
34445948740121,09:34:05.948,21.9400,100
34445951737035,09:34:05.951,21.9300,100
34445951737035,09:34:05.951,21.9300,1100
34445951814539,09:34:05.951,21.9300,100
34446161196846,09:34:06.161,21.9300,67
34446161238392,09:34:06.161,21.9300,33
34447319952967,09:34:07.319,21.9300,100
34447877317239,09:34:07.877,21.9000,100
34448223259563,09:34:08.223,21.9000,67
34448801117388,09:34:08.801,21.9000,100
34448803793763,09:34:08.803,21.9000,67
34451401751133,09:34:11.401,21.8900,100
34451401751133,09:34:11.401,21.8900,100
34451607325817,09:34:11.607,21.8800,100
34451607906415,09:34:11.607,21.8800,100
34451607906415,09:34:11.607,21.8800,100
34451608188663,09:34:11.608,21.8800,100
34451608218443,09:34:11.608,21.8800,100
34451608218443,09:34:11.608,21.8800,100
34451608218443,09:34:11.608,21.8800,100
34451608218443,09:34:11.608,21.8800,100
34451860411485,09:34:11.860,21.8800,100
34452987018514,09:34:12.987,21.8900,55
34452987047394,09:34:12.987,21.8900,45
34454371372783,09:34:14.371,21.8900,100
34456643978907,09:34:16.643,21.8800,100
34456644392728,09:34:16.644,21.8800,100
34459178687082,09:34:19.178,21.8800,100
34459178687082,09:34:19.178,21.8800,100
34459178687082,09:34:19.178,21.8800,100
34461234581475,09:34:21.234,21.8800,100
34461234581475,09:34:21.234,21.8800,100
34461234581475,09:34:21.234,21.8800,100
34463247846557,09:34:23.247,21.8600,100
34463251902864,09:34:23.251,21.8500,900
34463251902864,09:34:23.251,21.8500,100
34463305564043,09:34:23.305,21.8500,100
34463318810012,09:34:23.318,21.8500,42
34465037570391,09:34:25.037,21.8300,100
34465059017586,09:34:25.059,21.8300,42
34466883546731,09:34:26.883,21.8300,1
34467070813824,09:34:27.070,21.8300,99
34467070813824,09:34:27.070,21.8300,100
34467070813824,09:34:27.070,21.8300,1
34467097389384,09:34:27.097,21.8300,100
34467097389384,09:34:27.097,21.8300,100
34467148233262,09:34:27.148,21.8400,100
34467148293823,09:34:27.148,21.8400,58
34467197795735,09:34:27.197,21.8400,100
34467197795735,09:34:27.197,21.8400,100
34467197795735,09:34:27.197,21.8400,200
34467197795735,09:34:27.197,21.8400,400
34468216213658,09:34:28.216,21.8300,100
34468222636576,09:34:28.222,21.8200,100
34468222856471,09:34:28.222,21.8200,100
34468222856471,09:34:28.222,21.8200,100
34468222912398,09:34:28.222,21.8200,100
34468222912398,09:34:28.222,21.8200,100
34468284269824,09:34:28.284,21.8300,100
34468284269824,09:34:28.284,21.8300,100
34468331845310,09:34:28.331,21.8400,100
34468377915641,09:34:28.377,21.8400,100
34468377915641,09:34:28.377,21.8400,100
34468377915641,09:34:28.377,21.8400,100
34468377996316,09:34:28.377,21.8400,100
34468377996316,09:34:28.377,21.8400,100
34468377996316,09:34:28.377,21.8400,400
34471232274658,09:34:31.232,21.8200,100
34471337285956,09:34:31.337,21.8300,100
34475639419907,09:34:35.639,21.8700,100
34475639419907,09:34:35.639,21.8700,300
34489249386493,09:34:49.249,21.9100,100
34489249386493,09:34:49.249,21.9100,100
34489249458411,09:34:49.249,21.9100,100
34489250920120,09:34:49.250,21.9000,100
34489251629075,09:34:49.251,21.9000,100
34489251629075,09:34:49.251,21.9000,100
34489251629075,09:34:49.251,21.9000,100
34489252409684,09:34:49.252,21.9100,100
34489252435336,09:34:49.252,21.9100,100
34489252435336,09:34:49.252,21.9100,100
34489252435336,09:34:49.252,21.9100,100
34489271869412,09:34:49.271,21.9100,200
34489271869412,09:34:49.271,21.9200,100
34489300810681,09:34:49.300,21.9200,99
34489300871509,09:34:49.300,21.9200,1
34489300871509,09:34:49.300,21.9200,100
34489300871509,09:34:49.300,21.9200,200
34489300871509,09:34:49.300,21.9200,100
34489850489710,09:34:49.850,21.9200,15
34489850489710,09:34:49.850,21.9200,85
34489974939931,09:34:49.974,21.9100,91
34489992992232,09:34:49.992,21.9100,100
34494758505615,09:34:54.758,21.9100,100
34494758505615,09:34:54.758,21.9100,100
34494758505615,09:34:54.758,21.9100,100
34494787066277,09:34:54.787,21.8900,100
34494787136980,09:34:54.787,21.8900,100
34496646604303,09:34:56.646,21.9200,100
34501066341637,09:35:01.066,21.9500,100
34501066365414,09:35:01.066,21.9500,3900
34501131121490,09:35:01.131,21.9800,200
34501161744646,09:35:01.161,21.9700,100
34501161744646,09:35:01.161,21.9700,100
34501161744646,09:35:01.161,21.9700,100
34501182540946,09:35:01.182,21.9700,100
34501215444110,09:35:01.215,21.9700,100
34501215444110,09:35:01.215,21.9700,100
34501262328249,09:35:01.262,21.9800,200
34501262605215,09:35:01.262,21.9800,100
34501262660177,09:35:01.262,21.9800,100
34501300438512,09:35:01.300,21.9800,100
34501300438512,09:35:01.300,21.9800,100
34501300438512,09:35:01.300,21.9800,100
34501308770085,09:35:01.308,21.9800,100
34501308770085,09:35:01.308,21.9800,100
34501308770085,09:35:01.308,21.9800,100
34502552968662,09:35:02.552,21.9800,100
34502552968662,09:35:02.552,21.9800,100
34502553436713,09:35:02.553,21.9800,100
34502553436713,09:35:02.553,21.9800,35
34502553512297,09:35:02.553,21.9800,65
34502553512297,09:35:02.553,21.9800,200
34502553650847,09:35:02.553,21.9700,100
34502554739323,09:35:02.554,21.9700,100
34503436659422,09:35:03.436,21.9700,100
34503436659422,09:35:03.436,21.9700,100
34503436685585,09:35:03.436,21.9700,99
34506406722180,09:35:06.406,21.9500,100
34506406722180,09:35:06.406,21.9500,100
34506406808553,09:35:06.406,21.9500,100
34506407206287,09:35:06.407,21.9500,100
34507677440362,09:35:07.677,21.9500,100
34512443642212,09:35:12.443,21.9500,100
34512443679488,09:35:12.443,21.9500,100
34512443683589,09:35:12.443,21.9500,100
34512444185042,09:35:12.444,21.9500,100
34514993106112,09:35:14.993,21.9800,100
34515022444184,09:35:15.022,21.9900,100
34515022444184,09:35:15.022,21.9900,100
34515022444184,09:35:15.022,21.9900,400
34515323800103,09:35:15.323,21.9800,100
34517247138281,09:35:17.247,21.9900,70
34517266934050,09:35:17.266,21.9900,2
34517459738781,09:35:17.459,22.0000,100
34517460108662,09:35:17.460,22.0000,100
34517461512157,09:35:17.461,22.0000,100
34517461512157,09:35:17.461,22.0000,100
34517461512157,09:35:17.461,22.0000,200
34517470251747,09:35:17.470,22.0000,100
34517470251747,09:35:17.470,22.0000,100
34517473012765,09:35:17.473,22.0000,100
34517473012765,09:35:17.473,22.0000,100
34517473604500,09:35:17.473,22.0000,100
34517585085143,09:35:17.585,22.0000,100
34517585085143,09:35:17.585,22.0000,100
34517585481560,09:35:17.585,22.0000,100
34518719522824,09:35:18.719,21.9700,200
34518719854926,09:35:18.719,21.9700,100
34518720010764,09:35:18.720,21.9700,100
34520851567813,09:35:20.851,21.9800,100
34525530112578,09:35:25.530,21.9900,92
34532025751340,09:35:32.025,21.9800,100
34532025751340,09:35:32.025,21.9800,100
34532025751340,09:35:32.025,21.9800,100
34532025846764,09:35:32.025,21.9800,100
34532025854614,09:35:32.025,21.9800,100
34532026247471,09:35:32.026,21.9800,100
34532504285111,09:35:32.504,21.9700,200
34532505168713,09:35:32.505,21.9700,100
34532535900846,09:35:32.535,21.9700,100
34532536112276,09:35:32.536,21.9600,100
34533296012476,09:35:33.296,21.9600,100
34533300381407,09:35:33.300,21.9500,100
34533300384642,09:35:33.300,21.9500,100
34534537650099,09:35:34.537,21.9500,100
34534769452795,09:35:34.769,21.9600,100
34535024040035,09:35:35.024,21.9800,100
34535616479857,09:35:35.616,21.9800,100
34535616479857,09:35:35.616,21.9800,100
34535616479857,09:35:35.616,21.9800,100
34535709399217,09:35:35.709,21.9800,100
34536556552152,09:35:36.556,21.9700,100
34536556552152,09:35:36.556,21.9700,100
34536781322715,09:35:36.781,21.9600,100
34537701726685,09:35:37.701,21.9500,100
34537701776112,09:35:37.701,21.9500,99
34538863593523,09:35:38.863,21.9500,1
34538863593523,09:35:38.863,21.9400,99
34540491323487,09:35:40.491,21.9500,100
34542079422311,09:35:42.079,21.9500,100
34542079422311,09:35:42.079,21.9500,100
34542079560959,09:35:42.079,21.9500,3
34542079746193,09:35:42.079,21.9500,96
34542079746193,09:35:42.079,21.9500,3
34542081781455,09:35:42.081,21.9500,3
34544724277894,09:35:44.724,21.9400,1
34544724277894,09:35:44.724,21.9400,100
34544724440523,09:35:44.724,21.9400,100
34544724868402,09:35:44.724,21.9400,46
34544724959874,09:35:44.724,21.9400,54
34544724959874,09:35:44.724,21.9400,13
34544725059906,09:35:44.725,21.9400,72
34544725152858,09:35:44.725,21.9400,3
34544725206987,09:35:44.725,21.9400,12
34544725206987,09:35:44.725,21.9400,2
34544725237387,09:35:44.725,21.9400,41
34544725258284,09:35:44.725,21.9400,57
34544725258284,09:35:44.725,21.9400,41
34544725765114,09:35:44.725,21.9400,5
34544725838296,09:35:44.725,21.9400,54
34544726332856,09:35:44.726,21.9300,46
34544726332856,09:35:44.726,21.9300,6
34544914670774,09:35:44.914,21.9200,100
34544926054655,09:35:44.926,21.9100,92
34545022815973,09:35:45.022,21.9000,11
34545024303548,09:35:45.024,21.9000,6
34545051268351,09:35:45.051,21.9000,100
34545051268351,09:35:45.051,21.9000,100
34545051268351,09:35:45.051,21.9000,100
34547193807149,09:35:47.193,21.8900,100
34547193807149,09:35:47.193,21.8900,100
34547194195525,09:35:47.194,21.8900,10
34547194211106,09:35:47.194,21.8900,100
34547194220912,09:35:47.194,21.8900,498
34547194283815,09:35:47.194,21.8900,100
34547194302117,09:35:47.194,21.8900,100
34547194410365,09:35:47.194,21.8900,100
34548159092623,09:35:48.159,21.8900,200
34549804565847,09:35:49.804,21.9000,100
34561532395584,09:36:01.532,21.9200,100
34564333050823,09:36:04.333,21.9300,100
34564333132397,09:36:04.333,21.9300,100
34574949836254,09:36:14.949,21.9300,200
34574950345157,09:36:14.950,21.9200,100
34574950345157,09:36:14.950,21.9200,100
34574950405697,09:36:14.950,21.9200,100
34574951320296,09:36:14.951,21.9200,200
34576255043448,09:36:16.255,21.9100,100
34577073318144,09:36:17.073,21.9000,100
34577577076338,09:36:17.577,21.8800,100
34577577076338,09:36:17.577,21.8800,100
34577577076338,09:36:17.577,21.8800,100
34577613480971,09:36:17.613,21.8800,88
34577613680400,09:36:17.613,21.8800,12
34577915707401,09:36:17.915,21.8850,100
34578301489597,09:36:18.301,21.8800,100
34580002138982,09:36:20.002,21.8700,100
34580101117424,09:36:20.101,21.8600,100
34590019661846,09:36:30.019,21.8700,200
34611675611653,09:36:51.675,21.9300,100
34613094541061,09:36:53.094,21.9400,100
34613806340193,09:36:53.806,21.9400,100
34614927319562,09:36:54.927,21.9500,100
34614927319562,09:36:54.927,21.9500,50
34614927346715,09:36:54.927,21.9500,50
34614933936166,09:36:54.933,21.9500,100
34614938017846,09:36:54.938,21.9500,100
34615493244007,09:36:55.493,21.9600,100
34617815113596,09:36:57.815,21.9600,100
34618104377735,09:36:58.104,21.9600,100
34618104377735,09:36:58.104,21.9600,100
34619820812878,09:36:59.820,21.9500,100
34619820812878,09:36:59.820,21.9500,100
34619831802409,09:36:59.831,21.9500,100
34619831802409,09:36:59.831,21.9500,100
34619831802409,09:36:59.831,21.9500,100
34619849552909,09:36:59.849,21.9500,100
34619849590668,09:36:59.849,21.9500,100
34620919841425,09:37:00.919,21.9300,200
34621916485850,09:37:01.916,21.9150,100
34621916485850,09:37:01.916,21.9200,100
34621916559246,09:37:01.916,21.9200,100
34624298226073,09:37:04.298,21.9300,9000
34624328565705,09:37:04.328,21.9600,92
34624929309909,09:37:04.929,21.9500,100
34624929505318,09:37:04.929,21.9500,100
34632771817906,09:37:12.771,21.9900,100
34633809303728,09:37:13.809,21.9900,200
34635295516112,09:37:15.295,21.9900,100
34635295516112,09:37:15.295,21.9900,100
34635408967346,09:37:15.408,21.9900,70
34640492040482,09:37:20.492,21.9900,75
34640492078257,09:37:20.492,21.9900,25
34640492078257,09:37:20.492,21.9900,127
34640492132793,09:37:20.492,21.9900,48
34640492874893,09:37:20.492,21.9900,100
34640492874893,09:37:20.492,21.9900,70
34640504339058,09:37:20.504,21.9900,100
34640593402892,09:37:20.593,21.9900,100
34640593402892,09:37:20.593,21.9900,100
34640808732006,09:37:20.808,21.9900,100
34640808732006,09:37:20.808,21.9900,100
34647899954942,09:37:27.899,21.9900,300
34648123660585,09:37:28.123,21.9900,100
34649210751187,09:37:29.210,21.9800,100
34649210751187,09:37:29.210,21.9800,300
34649210981199,09:37:29.210,21.9800,192
34649211000679,09:37:29.211,21.9800,108
34651892062702,09:37:31.892,21.9600,100
34652446459493,09:37:32.446,21.9500,6
34652446624654,09:37:32.446,21.9500,14
34655387751547,09:37:35.387,21.9500,80
34655387751547,09:37:35.387,21.9500,100
34655387751547,09:37:35.387,21.9400,620
34655390723735,09:37:35.390,21.9500,100
34655390723735,09:37:35.390,21.9500,100
34658642121484,09:37:38.642,21.9600,200
34663439926982,09:37:43.439,22.0000,2700
34663440063075,09:37:43.440,22.0000,100
34663442036921,09:37:43.442,22.0000,400
34663442036921,09:37:43.442,22.0000,100
34665363081310,09:37:45.363,22.0000,100
34665366068580,09:37:45.366,22.0000,100
34665366068580,09:37:45.366,22.0000,100
34665366068580,09:37:45.366,22.0000,100
34667912804512,09:37:47.912,21.9900,100
34667912804512,09:37:47.912,21.9900,100
34667912804512,09:37:47.912,21.9900,1300
34668011496719,09:37:48.011,21.9600,92
34668259017771,09:37:48.259,21.9500,100
34668259017771,09:37:48.259,21.9500,100
34669062300155,09:37:49.062,21.9400,100
34669062323951,09:37:49.062,21.9400,400
34680806732469,09:38:00.806,21.9400,100
34680809880170,09:38:00.809,21.9300,100
34680809880170,09:38:00.809,21.9300,100
34680810060473,09:38:00.810,21.9300,100
34680810060473,09:38:00.810,21.9300,100
34680810060473,09:38:00.810,21.9300,100
34681333236867,09:38:01.333,21.9300,100
34681333236867,09:38:01.333,21.9300,100
34681333617384,09:38:01.333,21.9300,100
34681357966137,09:38:01.357,21.9300,100
34681357966137,09:38:01.357,21.9300,100
34689135716952,09:38:09.135,21.9400,4
34689135716952,09:38:09.135,21.9400,96
34695255869396,09:38:15.255,21.9600,100
34696377669132,09:38:16.377,21.9700,200
34696377758374,09:38:16.377,21.9700,200
34696381526894,09:38:16.381,21.9800,100
34696390760912,09:38:16.390,21.9900,100
34696390807697,09:38:16.390,21.9900,100
34696391165174,09:38:16.391,21.9800,100
34696391165174,09:38:16.391,21.9800,100
34696391165174,09:38:16.391,21.9800,10
34696399247308,09:38:16.399,21.9800,100
34696403520367,09:38:16.403,21.9900,100
34696403520367,09:38:16.403,21.9900,100
34701143516914,09:38:21.143,22.0000,100
34701153213210,09:38:21.153,22.0000,100
34701153213210,09:38:21.153,22.0000,100
34701324983246,09:38:21.324,22.0000,100
34708704970651,09:38:28.704,22.0000,100
34708704970651,09:38:28.704,22.0000,100
34713258894739,09:38:33.258,22.0000,13
34713571534739,09:38:33.571,22.0000,100
34715902419225,09:38:35.902,22.0100,100
34715902419225,09:38:35.902,22.0100,100
34715902419225,09:38:35.902,22.0100,100
34715902512436,09:38:35.902,22.0100,100
34715902518019,09:38:35.902,22.0100,400
34715903333367,09:38:35.903,22.0100,100
34716069595909,09:38:36.069,22.0100,100
34723507127365,09:38:43.507,22.0100,100
34723533883445,09:38:43.533,22.0000,100
34723533883445,09:38:43.533,22.0000,100
34723534615839,09:38:43.534,21.9900,100
34723534615839,09:38:43.534,21.9900,200
34723534615839,09:38:43.534,21.9900,100
34725377580540,09:38:45.377,21.9800,100
34725379583724,09:38:45.379,21.9700,100
34727218067201,09:38:47.218,21.9700,100
34727218067201,09:38:47.218,21.9700,100
34727218067201,09:38:47.218,21.9700,100
34727218838999,09:38:47.218,21.9700,100
34727383949655,09:38:47.383,21.9700,100
34730531491513,09:38:50.531,21.9800,186
34730531514313,09:38:50.531,21.9800,14
34743626494660,09:39:03.626,22.0400,23
34746389848625,09:39:06.389,22.0400,100
34748054673478,09:39:08.054,22.0400,100
34748084560938,09:39:08.084,22.0600,39
34748084595656,09:39:08.084,22.0600,261
34748085049649,09:39:08.085,22.0600,100
34750640783302,09:39:10.640,22.0500,100
34751693628262,09:39:11.693,22.0300,100
34751693628262,09:39:11.693,22.0300,100
34751995021545,09:39:11.995,22.0300,100
34752225914501,09:39:12.225,22.0400,79
34752225935021,09:39:12.225,22.0400,21
34753235758899,09:39:13.235,22.0500,100
34761076065354,09:39:21.076,22.0600,100
34761943030948,09:39:21.943,22.0600,100
34764677822533,09:39:24.677,22.0700,200
34764677822533,09:39:24.677,22.0700,100
34773477870627,09:39:33.477,22.0700,39
34778926012110,09:39:38.926,22.0800,200
34778942135862,09:39:38.942,22.1000,100
34778959852412,09:39:38.959,22.1100,200
34778959892892,09:39:38.959,22.1100,92
34778959892892,09:39:38.959,22.1100,108
34778961061604,09:39:38.961,22.1000,100
34778961061604,09:39:38.961,22.1000,100
34778961061604,09:39:38.961,22.1000,100
34779240900686,09:39:39.240,22.0900,100
34780195924986,09:39:40.195,22.0700,100
34780195924986,09:39:40.195,22.0600,1000
34780195924986,09:39:40.195,22.0600,100
34780197095002,09:39:40.197,22.0600,100
34780197095002,09:39:40.197,22.0600,200
34780197095002,09:39:40.197,22.0600,500
34780197096234,09:39:40.197,22.0600,66
34780197096234,09:39:40.197,22.0600,34
34781605862125,09:39:41.605,22.0600,100
34785526787966,09:39:45.526,22.0600,200
34787171616646,09:39:47.171,22.0300,100
34788450765647,09:39:48.450,22.0200,38
34788450794068,09:39:48.450,22.0200,62
34798362866505,09:39:58.362,22.0300,100
34798368015339,09:39:58.368,22.0200,100
34798373157860,09:39:58.373,22.0100,100
34799121840325,09:39:59.121,22.0100,100
34799438704421,09:39:59.438,22.0100,200
34799443936073,09:39:59.443,22.0100,100
34799482101130,09:39:59.482,22.0100,100
34799482101130,09:39:59.482,22.0100,100
34799482101130,09:39:59.482,22.0100,100
34799505669993,09:39:59.505,22.0000,100
34799505669993,09:39:59.505,22.0000,100
34799509823674,09:39:59.509,22.0000,100
34799530338372,09:39:59.530,21.9900,100
34799583026068,09:39:59.583,21.9800,100
34799583610742,09:39:59.583,21.9800,100
34799607497969,09:39:59.607,21.9700,100
34799607497969,09:39:59.607,21.9700,92
34799607497969,09:39:59.607,21.9700,100
34799607497969,09:39:59.607,21.9700,100
34799607497969,09:39:59.607,21.9700,100
34799607497969,09:39:59.607,21.9700,100
34799607497969,09:39:59.607,21.9700,100
34799607497969,09:39:59.607,21.9700,8
34799607502605,09:39:59.607,21.9700,92
34799635241955,09:39:59.635,21.9600,100
34799635241955,09:39:59.635,21.9600,1200
34799635241955,09:39:59.635,21.9600,100
34799635241955,09:39:59.635,21.9600,100
34799635241955,09:39:59.635,21.9600,100
34799636401613,09:39:59.636,21.9600,100
34799660959591,09:39:59.660,21.9600,100
34799660959591,09:39:59.660,21.9600,100
34799660959591,09:39:59.660,21.9600,45
34799660959591,09:39:59.660,21.9600,100
34799660959591,09:39:59.660,21.9600,55
34799665215623,09:39:59.665,21.9600,100
34799687065570,09:39:59.687,21.9600,100
34799708826191,09:39:59.708,21.9600,100
34799728762153,09:39:59.728,21.9600,100
34799751029383,09:39:59.751,21.9600,100
34799752748613,09:39:59.752,21.9600,100
34799773069541,09:39:59.773,21.9600,100
34799785397892,09:39:59.785,21.9600,100
34799795034411,09:39:59.795,21.9600,100
34799817301072,09:39:59.817,21.9600,100
34799839016345,09:39:59.839,21.9600,100
34799861124262,09:39:59.861,21.9600,100
34799883129764,09:39:59.883,21.9600,100
34799904987856,09:39:59.904,21.9600,100
34799927573222,09:39:59.927,21.9600,100
34799949476725,09:39:59.949,21.9600,100
34799963080966,09:39:59.963,21.9600,100
34799963192480,09:39:59.963,21.9600,100
34799963192480,09:39:59.963,21.9600,1600
34799968692457,09:39:59.968,21.9700,100
34799968692457,09:39:59.968,21.9700,100
34799982302824,09:39:59.982,21.9700,100
34800004077868,09:40:00.004,21.9600,100
34800004077868,09:40:00.004,21.9600,100
34800026203446,09:40:00.026,21.9600,100
34800054428719,09:40:00.054,21.9600,100
34800054449730,09:40:00.054,21.9600,100
34800066754561,09:40:00.066,21.9600,100
34800083021422,09:40:00.083,21.9600,100
34800083021422,09:40:00.083,21.9600,100
34800106215229,09:40:00.106,21.9600,100
34800130151130,09:40:00.130,21.9600,100
34800143416440,09:40:00.143,21.9700,100
34800158605453,09:40:00.158,21.9700,200
34800158605453,09:40:00.158,21.9700,100
34800176364983,09:40:00.176,21.9600,100
34800176364983,09:40:00.176,21.9600,100
34800176364983,09:40:00.176,21.9600,200
34800176364983,09:40:00.176,21.9600,200
34800201903869,09:40:00.201,21.9600,100
34800206301302,09:40:00.206,21.9600,100
34800228249587,09:40:00.228,21.9600,100
34800248696804,09:40:00.248,21.9600,100
34800248696804,09:40:00.248,21.9600,100
34800272297413,09:40:00.272,21.9600,100
34800273995425,09:40:00.273,21.9600,100
34800294181124,09:40:00.294,21.9600,100
34800318445476,09:40:00.318,21.9600,100
34800340639832,09:40:00.340,21.9600,100
34800342134672,09:40:00.342,21.9600,100
34800349272195,09:40:00.349,21.9700,100
34800362166242,09:40:00.362,21.9700,200
34800362166242,09:40:00.362,21.9700,100
34800380410326,09:40:00.380,21.9600,100
34800380410326,09:40:00.380,21.9600,200
34800394936577,09:40:00.394,21.9600,100
34800395225296,09:40:00.395,21.9600,100
34800404701014,09:40:00.404,21.9600,100
34800428903950,09:40:00.428,21.9600,100
34800452432775,09:40:00.452,21.9600,100
34800476959682,09:40:00.476,21.9600,100
34800498799419,09:40:00.498,21.9600,100
34800520631707,09:40:00.520,21.9600,100
34800525113182,09:40:00.525,21.9700,100
34800542473453,09:40:00.542,21.9600,100
34800542473453,09:40:00.542,21.9600,100
34800542473453,09:40:00.542,21.9600,10
34800542473453,09:40:00.542,21.9600,90
34800566709958,09:40:00.566,21.9600,100
34800566709958,09:40:00.566,21.9600,100
34800576873380,09:40:00.576,21.9600,100
34800576873380,09:40:00.576,21.9600,100
34800590464152,09:40:00.590,21.9600,100
34800590464152,09:40:00.590,21.9600,100
34800612763758,09:40:00.612,21.9600,100
34800638437677,09:40:00.638,21.9600,100
34800638437677,09:40:00.638,21.9600,100
34800660951192,09:40:00.660,21.9600,100
34800682796529,09:40:00.682,21.9600,100
34800693142174,09:40:00.693,21.9600,200
34800693142174,09:40:00.693,21.9700,90
34800693142174,09:40:00.693,21.9700,10
34800711903931,09:40:00.711,21.9800,100
34800711903931,09:40:00.711,21.9800,100
34800726141065,09:40:00.726,21.9900,100
34810074326633,09:40:10.074,21.9900,100
34810074326633,09:40:10.074,21.9900,300
34810074354577,09:40:10.074,21.9900,100
34810075263560,09:40:10.075,21.9900,200
34810075263560,09:40:10.075,21.9900,200
34810075263560,09:40:10.075,21.9900,300
34815426328481,09:40:15.426,22.0000,43
34815426354962,09:40:15.426,22.0000,57
34815426354962,09:40:15.426,22.0000,100
34815426354962,09:40:15.426,22.0000,100
34815426442294,09:40:15.426,22.0000,100
34817980079675,09:40:17.980,22.0100,200
34828512216187,09:40:28.512,22.0400,200
34838484394862,09:40:38.484,22.0600,400
34838484568240,09:40:38.484,22.0600,400
34838484808862,09:40:38.484,22.0600,100
34840639281075,09:40:40.639,22.0700,100
34840639322467,09:40:40.639,22.0700,100
34840647156808,09:40:40.647,22.0800,84
34842012620803,09:40:42.012,22.0900,300
34842012620803,09:40:42.012,22.0900,100
34842012901615,09:40:42.012,22.0900,100
34842012930419,09:40:42.012,22.0900,200
34842012930419,09:40:42.012,22.0900,100
34847196392211,09:40:47.196,22.0900,82
34847196392211,09:40:47.196,22.0900,100
34847196392211,09:40:47.196,22.0900,100
34847196393146,09:40:47.196,22.0900,282
34847197071419,09:40:47.197,22.0900,100
34847197256353,09:40:47.197,22.0900,100
34847197577238,09:40:47.197,22.0900,100
34847492456108,09:40:47.492,22.0900,100
34848699467736,09:40:48.699,22.0900,118
34848699467736,09:40:48.699,22.0800,82
34848700482856,09:40:48.700,22.0900,100
34848700694093,09:40:48.700,22.0900,100
34848700694093,09:40:48.700,22.0900,100
34852042172216,09:40:52.042,22.1100,100
34852042196883,09:40:52.042,22.1100,100
34852042196883,09:40:52.042,22.1100,100
34852042196883,09:40:52.042,22.1100,100
34852330407588,09:40:52.330,22.1100,100
34852330407588,09:40:52.330,22.1100,75
34852361000878,09:40:52.361,22.1100,100
34852361000878,09:40:52.361,22.1100,100
34852361065866,09:40:52.361,22.1100,300
34853223743419,09:40:53.223,22.1100,100
34853224023669,09:40:53.224,22.1100,100
34856407101067,09:40:56.407,22.1400,100
34856407285485,09:40:56.407,22.1400,100
34857413277207,09:40:57.413,22.1300,100
34857413585388,09:40:57.413,22.1300,100
34857413585388,09:40:57.413,22.1300,100
34857413767072,09:40:57.413,22.1300,100
34857413961603,09:40:57.413,22.1300,200
34857413961603,09:40:57.413,22.1300,100
34857413961603,09:40:57.413,22.1300,400
34857444534627,09:40:57.444,22.1300,100
34857444534627,09:40:57.444,22.1300,100
34857444892263,09:40:57.444,22.1300,100
34859172968319,09:40:59.172,22.1300,100
34859784641167,09:40:59.784,22.1200,100
34860137077087,09:41:00.137,22.1300,100
34860287273810,09:41:00.287,22.1300,200
34863497066728,09:41:03.497,22.1400,100
34863497066728,09:41:03.497,22.1400,100
34865146184061,09:41:05.146,22.1400,100
34865257477147,09:41:05.257,22.1400,100
34865460756160,09:41:05.460,22.1400,100
34865460756160,09:41:05.460,22.1400,200
34866502112541,09:41:06.502,22.1300,100
34866502112541,09:41:06.502,22.1300,100
34871391361224,09:41:11.391,22.1200,100
34871391361224,09:41:11.391,22.1200,900
34871396059447,09:41:11.396,22.1100,100
34872112303388,09:41:12.112,22.0900,100
34872112303388,09:41:12.112,22.0900,100
34879109058863,09:41:19.109,22.1000,100
34879613441859,09:41:19.613,22.0900,100
34879629505574,09:41:19.629,22.0800,100
34879629505574,09:41:19.629,22.0800,100
34879629505574,09:41:19.629,22.0800,100
34881303874198,09:41:21.303,22.0900,200
34881303874198,09:41:21.303,22.0900,100
34881303874198,09:41:21.303,22.0900,100
34881303874198,09:41:21.303,22.0900,100
34883044642038,09:41:23.044,22.0900,200
34883044642038,09:41:23.044,22.0900,100
34883044642038,09:41:23.044,22.0900,100
34883044642038,09:41:23.044,22.0900,300
34885669468871,09:41:25.669,22.0800,100
34885676559073,09:41:25.676,22.0800,70
34885854541639,09:41:25.854,22.0700,42
34885854585376,09:41:25.854,22.0700,28
34885967977077,09:41:25.967,22.0600,200
34885967977077,09:41:25.967,22.0600,100
34886638965231,09:41:26.638,22.0500,100
34886638965231,09:41:26.638,22.0500,100
34888319177059,09:41:28.319,22.0300,200
34893565817703,09:41:33.565,22.0500,100
34899061306122,09:41:39.061,22.0600,200
34900355202431,09:41:40.355,22.0600,100
34900355202431,09:41:40.355,22.0600,100
34910458148351,09:41:50.458,22.0400,200
34910458148351,09:41:50.458,22.0400,100
34910461031061,09:41:50.461,22.0300,100
34911008775356,09:41:51.008,22.0200,100
34911241690028,09:41:51.241,22.0000,10
34911510216134,09:41:51.510,21.9900,100
34922494979632,09:42:02.494,22.0200,100
34922494979632,09:42:02.494,22.0200,100
34922494979632,09:42:02.494,22.0200,100
34922495006121,09:42:02.495,22.0200,310
34922495006121,09:42:02.495,22.0200,100
34930415703544,09:42:10.415,22.0200,100
34932177742819,09:42:12.177,22.0500,100
34935206075274,09:42:15.206,22.0500,100
34939834382076,09:42:19.834,22.0600,100
34939834382076,09:42:19.834,22.0600,100
34941453513126,09:42:21.453,22.0600,100
34941453513126,09:42:21.453,22.0600,100
34941453513126,09:42:21.453,22.0600,100
34941455901138,09:42:21.455,22.0500,200
34944163966635,09:42:24.163,22.0400,100
34944411372634,09:42:24.411,22.0300,59
34957454506344,09:42:37.454,22.0200,100
34957455394082,09:42:37.455,22.0200,100
34957455711388,09:42:37.455,22.0200,59
34957456351871,09:42:37.456,22.0200,100
34957456420093,09:42:37.456,22.0200,100
34957456424777,09:42:37.456,22.0200,41
34957462736609,09:42:37.462,22.0100,100
34957462736609,09:42:37.462,22.0100,100
34957478247774,09:42:37.478,22.0100,100
34957478247774,09:42:37.478,22.0100,100
34957478247774,09:42:37.478,22.0100,100
34957519034344,09:42:37.519,22.0000,100
34957519034344,09:42:37.519,22.0000,100
34957612828684,09:42:37.612,21.9800,92
34957612828684,09:42:37.612,21.9800,100
34957612977073,09:42:37.612,21.9800,100
34957767121330,09:42:37.767,21.9800,100
34957767121330,09:42:37.767,21.9800,100
34957788711865,09:42:37.788,21.9900,100
34960929887359,09:42:40.929,22.0100,100
34960929887359,09:42:40.929,22.0100,100
34960929887359,09:42:40.929,22.0100,100
34960929887359,09:42:40.929,22.0100,100
34960929887359,09:42:40.929,22.0100,100
34977618995358,09:42:57.618,22.0100,100
34977618995358,09:42:57.618,22.0100,100
34982928407926,09:43:02.928,22.0400,200
34983964033916,09:43:03.964,22.0500,100
34994062810908,09:43:14.062,22.0600,100
34994062810908,09:43:14.062,22.0600,200
34994062810908,09:43:14.062,22.0600,100
34994069913655,09:43:14.069,22.0700,200
34994069913655,09:43:14.069,22.0700,900
34994070064024,09:43:14.070,22.0700,100
34994126916045,09:43:14.126,22.0700,100
34994131999693,09:43:14.131,22.0600,100
34994131999693,09:43:14.131,22.0600,100
34994212786490,09:43:14.212,22.0600,100
34994919303098,09:43:14.919,22.0600,200
35007082388297,09:43:27.082,22.0500,200
35007083630236,09:43:27.083,22.0500,45
35007083630236,09:43:27.083,22.0500,100
35014232246618,09:43:34.232,22.0500,200
35015926500195,09:43:35.926,22.0500,100
35015926500195,09:43:35.926,22.0500,100
35016805051877,09:43:36.805,22.0500,100
35016805051877,09:43:36.805,22.0500,200
35025060104341,09:43:45.060,22.0500,100
35025060104341,09:43:45.060,22.0500,200
35029945973474,09:43:49.945,22.0500,100
35029945973474,09:43:49.945,22.0500,112
35029945973474,09:43:49.945,22.0500,300
35029952482535,09:43:49.952,22.0400,300
35029952482535,09:43:49.952,22.0400,100
35029953093910,09:43:49.953,22.0400,100
35036449382641,09:43:56.449,22.0300,61
35036449408567,09:43:56.449,22.0300,39
35036449408567,09:43:56.449,22.0300,100
35036459945922,09:43:56.459,22.0200,300
35044490715089,09:44:04.490,22.0200,200
35049362808199,09:44:09.362,21.9900,60
35049362808199,09:44:09.362,21.9900,100
35049365284138,09:44:09.365,21.9800,100
35049365284138,09:44:09.365,21.9800,90
35050412389675,09:44:10.412,21.9800,100
35050412389675,09:44:10.412,21.9800,200
35053335815807,09:44:13.335,21.9900,200
35058009267304,09:44:18.009,21.9900,100
35062357718099,09:44:22.357,21.9700,20
35062357743223,09:44:22.357,21.9700,4
35063825312951,09:44:23.825,21.9700,200
35063825341328,09:44:23.825,21.9700,100
35063891014134,09:44:23.891,21.9700,79
35071414742706,09:44:31.414,21.9800,95
35071414783418,09:44:31.414,21.9800,105
35073618975705,09:44:33.618,21.9700,100
35073619383857,09:44:33.619,21.9700,100
35077004985304,09:44:37.004,21.9600,100
35077004985304,09:44:37.004,21.9600,100
35077005011886,09:44:37.005,21.9600,100
35077005024290,09:44:37.005,21.9600,100
35077009259452,09:44:37.009,21.9600,100
35077009259452,09:44:37.009,21.9600,100
35077009259452,09:44:37.009,21.9600,100
35077009259452,09:44:37.009,21.9600,200
35077016748385,09:44:37.016,21.9600,200
35077028237914,09:44:37.028,21.9700,100
35077028237914,09:44:37.028,21.9700,100
35077162773863,09:44:37.162,21.9700,100
35077162773863,09:44:37.162,21.9700,100
35077192728532,09:44:37.192,21.9600,100
35077192728532,09:44:37.192,21.9600,100
35077193031988,09:44:37.193,21.9600,100
35077193031988,09:44:37.193,21.9600,100
35077193031988,09:44:37.193,21.9600,100
35077193159975,09:44:37.193,21.9600,200
35077214089294,09:44:37.214,21.9600,200
35077237192799,09:44:37.237,21.9600,100
35077237192799,09:44:37.237,21.9600,100
35083407016391,09:44:43.407,21.9600,100
35083407113948,09:44:43.407,21.9600,12
35083407198597,09:44:43.407,21.9600,88
35083409341569,09:44:43.409,21.9500,100
35083409341569,09:44:43.409,21.9600,100
35083409341569,09:44:43.409,21.9600,100
35083409341569,09:44:43.409,21.9600,100
35083409341569,09:44:43.409,21.9600,100
35083409372797,09:44:43.409,21.9600,100
35083410566620,09:44:43.410,21.9600,100
35083410566620,09:44:43.410,21.9600,100
35083410566620,09:44:43.410,21.9600,100
35083410566620,09:44:43.410,21.9600,100
35083410566620,09:44:43.410,21.9600,100
35083410619608,09:44:43.410,21.9600,100
35083620615456,09:44:43.620,21.9600,4
35083621614043,09:44:43.621,21.9600,96
35083621614043,09:44:43.621,21.9600,100
35083652908994,09:44:43.652,21.9600,100
35083652908994,09:44:43.652,21.9600,100
35091541297608,09:44:51.541,21.9700,100
35091541297608,09:44:51.541,21.9700,100
35091541297608,09:44:51.541,21.9700,200
35093735226373,09:44:53.735,21.9800,100
35093735226373,09:44:53.735,21.9800,451
35093735251040,09:44:53.735,21.9800,4808
35093735289058,09:44:53.735,21.9800,1741
35093736018607,09:44:53.736,21.9900,100
35094532852959,09:44:54.532,22.0200,200
35094532852959,09:44:54.532,22.0200,100
35102089311300,09:45:02.089,22.0100,100
35102089336376,09:45:02.089,22.0100,100
35102089435778,09:45:02.089,22.0100,100
35102089648437,09:45:02.089,22.0100,100
35102089648437,09:45:02.089,22.0100,100
35102089739554,09:45:02.089,22.0100,100
35102089853848,09:45:02.089,22.0100,100
35102089945231,09:45:02.089,22.0100,100
35102090027059,09:45:02.090,22.0100,100
35102090027059,09:45:02.090,22.0100,100
35102170964208,09:45:02.170,22.0100,100
35102171390313,09:45:02.171,22.0200,100
35102171390313,09:45:02.171,22.0200,100
35102172103953,09:45:02.172,22.0300,100
35102172371225,09:45:02.172,22.0300,100
35102174464161,09:45:02.174,22.0300,98
35102175998369,09:45:02.175,22.0300,100
35102176056613,09:45:02.176,22.0300,100
35102176056613,09:45:02.176,22.0300,300
35102176056613,09:45:02.176,22.0300,200
35102176056613,09:45:02.176,22.0300,100
35102199706564,09:45:02.199,22.0300,100
35102199706564,09:45:02.199,22.0300,2100
35102199706564,09:45:02.199,22.0300,100
35102199706564,09:45:02.199,22.0300,100
35102199706564,09:45:02.199,22.0300,100
35102199706564,09:45:02.199,22.0300,200
35102251041878,09:45:02.251,22.0300,100
35102251041878,09:45:02.251,22.0300,100
35102251461921,09:45:02.251,22.0300,100
35102251461921,09:45:02.251,22.0300,271
35102251517908,09:45:02.251,22.0300,129
35102251517908,09:45:02.251,22.0300,79
35102252403999,09:45:02.252,22.0400,100
35102252403999,09:45:02.252,22.0400,81
35102252436521,09:45:02.252,22.0400,19
35102252436521,09:45:02.252,22.0400,88
35102254535749,09:45:02.254,22.0300,100
35102254535749,09:45:02.254,22.0300,100
35102254535749,09:45:02.254,22.0300,100
35106513083086,09:45:06.513,22.0300,200
35119632902037,09:45:19.632,22.0400,300
35119632902037,09:45:19.632,22.0400,200
35119632902037,09:45:19.632,22.0400,100
35119632902037,09:45:19.632,22.0400,100
35119634201416,09:45:19.634,22.0400,100
35119634201416,09:45:19.634,22.0400,100
35119634201416,09:45:19.634,22.0400,100
35119634201416,09:45:19.634,22.0400,300
35119641071212,09:45:19.641,22.0400,100
35119658922533,09:45:19.658,22.0400,100
35119666969834,09:45:19.666,22.0400,100
35119666969834,09:45:19.666,22.0400,200
35119666985257,09:45:19.666,22.0400,200
35119698032842,09:45:19.698,22.0400,100
35119698032842,09:45:19.698,22.0400,200
35120085628757,09:45:20.085,22.0400,100
35126305024396,09:45:26.305,22.0400,100
35126305113006,09:45:26.305,22.0400,100
35126307310574,09:45:26.307,22.0300,200
35126307310574,09:45:26.307,22.0300,200
35126307310574,09:45:26.307,22.0300,100
35126328316143,09:45:26.328,22.0300,600
35128199417810,09:45:28.199,22.0300,585
35128199603562,09:45:28.199,22.0300,815
35129601452070,09:45:29.601,22.0400,40
35129601501166,09:45:29.601,22.0400,360
35129601501166,09:45:29.601,22.0400,200
35129601501166,09:45:29.601,22.0400,100
35131987924386,09:45:31.987,22.0400,200
35132330328513,09:45:32.330,22.0400,100
35132330328513,09:45:32.330,22.0400,200
35146224692896,09:45:46.224,22.0300,200
35147151027125,09:45:47.151,22.0300,100
35147182269045,09:45:47.182,22.0300,100
35147182269045,09:45:47.182,22.0300,100
35151773275071,09:45:51.773,22.0600,100
35152411988072,09:45:52.411,22.0700,100
35152411988072,09:45:52.411,22.0700,100
35152411988072,09:45:52.411,22.0700,200
35152414070540,09:45:52.414,22.0500,200
35152414269094,09:45:52.414,22.0500,100
35152414393055,09:45:52.414,22.0500,200
35152414498332,09:45:52.414,22.0500,200
35152414701000,09:45:52.414,22.0500,1400
35152414701000,09:45:52.414,22.0500,200
35152414701000,09:45:52.414,22.0500,200
35152415959427,09:45:52.415,22.0400,1000
35152415959427,09:45:52.415,22.0400,100
35152415959427,09:45:52.415,22.0400,100
35152415959427,09:45:52.415,22.0400,200
35152415959427,09:45:52.415,22.0400,100
35152415959427,09:45:52.415,22.0400,100
35152416011591,09:45:52.416,22.0400,100
35152416248429,09:45:52.416,22.0400,100
35152419954463,09:45:52.419,22.0400,100
35152419954463,09:45:52.419,22.0400,100
35152849445397,09:45:52.849,22.0400,100
35152849445397,09:45:52.849,22.0400,100
35152849445397,09:45:52.849,22.0400,100
35152849445397,09:45:52.849,22.0400,100
35152849445397,09:45:52.849,22.0400,200
35153952324068,09:45:53.952,22.0300,200
35153952712938,09:45:53.952,22.0300,100
35153952828770,09:45:53.952,22.0300,100
35155464039837,09:45:55.464,22.0300,68
35156599400510,09:45:56.599,22.0350,100
35156599400510,09:45:56.599,22.0300,200
35157496261753,09:45:57.496,22.0300,100
35159455198774,09:45:59.455,22.0400,100
35160423700128,09:46:00.423,22.0400,200
35160423740586,09:46:00.423,22.0400,100
35164341582691,09:46:04.341,22.0400,100
35164341582691,09:46:04.341,22.0400,100
35166226438768,09:46:06.226,22.0500,100
35166236681586,09:46:06.236,22.0500,200
35166236681586,09:46:06.236,22.0500,500
35166236681586,09:46:06.236,22.0500,100
35166236681586,09:46:06.236,22.0500,1900
35166236681586,09:46:06.236,22.0400,100
35166236681586,09:46:06.236,22.0400,200
35166236681586,09:46:06.236,22.0400,100
35166236681586,09:46:06.236,22.0400,100
35166236681586,09:46:06.236,22.0400,1200
35166237138818,09:46:06.237,22.0400,45
35166240011201,09:46:06.240,22.0400,45
35166240011201,09:46:06.240,22.0400,100
35166240011201,09:46:06.240,22.0400,100
35166240011201,09:46:06.240,22.0400,350
35166240011201,09:46:06.240,22.0400,200
35166253813236,09:46:06.253,22.0400,100
35166253813236,09:46:06.253,22.0400,200
35166253813236,09:46:06.253,22.0400,100
35166253813236,09:46:06.253,22.0400,500
35167025143427,09:46:07.025,22.0400,100
35167442773278,09:46:07.442,22.0400,100
35167442851705,09:46:07.442,22.0400,100
35168482189342,09:46:08.482,22.0400,100
35170458692097,09:46:10.458,22.0400,100
35171957728080,09:46:11.957,22.0400,200
35171957728080,09:46:11.957,22.0400,100
35171957728080,09:46:11.957,22.0400,200
35171958259336,09:46:11.958,22.0400,100
35171958259336,09:46:11.958,22.0400,100
35171958285635,09:46:11.958,22.0400,200
35171958285635,09:46:11.958,22.0400,300
35171958285635,09:46:11.958,22.0400,32
35171958285635,09:46:11.958,22.0400,100
35171959315852,09:46:11.959,22.0400,100
35171959315852,09:46:11.959,22.0400,34
35171959315852,09:46:11.959,22.0400,100
35171959315852,09:46:11.959,22.0400,200
35171959315852,09:46:11.959,22.0400,100
35171959315852,09:46:11.959,22.0300,100
35171959315852,09:46:11.959,22.0300,200
35171959315852,09:46:11.959,22.0300,66
35175628398479,09:46:15.628,22.0400,5
35175628398479,09:46:15.628,22.0400,100
35175628398479,09:46:15.628,22.0400,100
35175628398479,09:46:15.628,22.0400,100
35175628398479,09:46:15.628,22.0400,143
35175628595131,09:46:15.628,22.0400,57
35175628595131,09:46:15.628,22.0400,100
35175628595131,09:46:15.628,22.0400,100
35175628595131,09:46:15.628,22.0400,100
35175628595131,09:46:15.628,22.0400,100
35175628595131,09:46:15.628,22.0400,100
35175628815452,09:46:15.628,22.0400,300
35179477449285,09:46:19.477,22.0400,100
35179477449285,09:46:19.477,22.0400,200
35179583325143,09:46:19.583,22.0300,100
35179583325143,09:46:19.583,22.0300,200
35179583325143,09:46:19.583,22.0300,200
35179583325143,09:46:19.583,22.0300,100
35179583325143,09:46:19.583,22.0300,100
35179583804664,09:46:19.583,22.0300,100
35179584162682,09:46:19.584,22.0300,200
35179584162682,09:46:19.584,22.0300,39
35179584162682,09:46:19.584,22.0300,800
35179585244293,09:46:19.585,22.0300,100
35179585244293,09:46:19.585,22.0300,600
35179585601213,09:46:19.585,22.0300,45
35179585601213,09:46:19.585,22.0300,100
35185209295582,09:46:25.209,22.0300,200
35185242850346,09:46:25.242,22.0300,100
35185242850346,09:46:25.242,22.0300,217
35185243170505,09:46:25.243,22.0300,83
35203064286750,09:46:43.064,22.0400,200
35210176789521,09:46:50.176,22.0300,200
35210186980206,09:46:50.186,22.0300,100
35210187412320,09:46:50.187,22.0300,54
35212475932456,09:46:52.475,22.0300,100
35212476010659,09:46:52.476,22.0300,100
35212476012215,09:46:52.476,22.0300,46
35219961415507,09:46:59.961,22.0200,100
35219961415507,09:46:59.961,22.0200,100
35219964175084,09:46:59.964,22.0100,100
35219964199733,09:46:59.964,22.0100,200
35219964199733,09:46:59.964,22.0100,100
35219964536340,09:46:59.964,22.0100,100
35219964767207,09:46:59.964,22.0100,60
35219964767207,09:46:59.964,22.0100,80
35219964818518,09:46:59.964,22.0100,20
35225096468074,09:47:05.096,22.0100,100
35225096468074,09:47:05.096,22.0100,100
35225096468074,09:47:05.096,22.0100,100
35225096468074,09:47:05.096,22.0100,100
35227971198144,09:47:07.971,22.0200,200
35227971198144,09:47:07.971,22.0200,55
35227971198144,09:47:07.971,22.0200,100
35227971198144,09:47:07.971,22.0200,100
35227971250339,09:47:07.971,22.0200,100
35228024013026,09:47:08.024,22.0200,100
35228024013026,09:47:08.024,22.0200,100
35235639671965,09:47:15.639,22.0400,100
35244168929619,09:47:24.168,22.0400,300
35244168929619,09:47:24.168,22.0400,100
35250125219772,09:47:30.125,22.0300,100
35256125114894,09:47:36.125,22.0100,100
35256298286240,09:47:36.298,22.0100,58
35256298286240,09:47:36.298,22.0100,42
35256300300668,09:47:36.300,22.0100,60
35256300300668,09:47:36.300,22.0100,100
35268500170008,09:47:48.500,21.9700,62
35275813544191,09:47:55.813,21.9800,100
35278025165120,09:47:58.025,21.9600,100
35278025165120,09:47:58.025,21.9600,100
35278025165120,09:47:58.025,21.9600,100
35283823505874,09:48:03.823,21.9800,100
35287802981262,09:48:07.802,21.9600,100
35287802981262,09:48:07.802,21.9600,100
35288546309218,09:48:08.546,21.9500,100
35288546788954,09:48:08.546,21.9500,100
35292504993750,09:48:12.504,21.9300,58
35298236866006,09:48:18.236,21.9400,100
35298905158339,09:48:18.905,21.9400,100
35303260842009,09:48:23.260,21.9400,100
35303260842009,09:48:23.260,21.9400,100
35303260842009,09:48:23.260,21.9400,246
35303260964070,09:48:23.260,21.9400,100
35303261094109,09:48:23.261,21.9400,100
35303261346910,09:48:23.261,21.9400,300
35304097873136,09:48:24.097,21.9400,100
35310905954597,09:48:30.905,21.9500,100
35320026656949,09:48:40.026,21.9600,100
35330635588341,09:48:50.635,21.9600,100
35330647873542,09:48:50.647,21.9500,170
35330650667819,09:48:50.650,21.9500,15
35330713551634,09:48:50.713,21.9500,100
35330714968155,09:48:50.714,21.9500,100
35333113491694,09:48:53.113,21.9500,100
35333113556822,09:48:53.113,21.9500,100
35346235317684,09:49:06.235,21.9800,100
35356450137606,09:49:16.450,21.9800,200
35356451404737,09:49:16.451,21.9700,100
35356451475471,09:49:16.451,21.9700,100
35356558045598,09:49:16.558,21.9700,100
35361014043345,09:49:21.014,21.9700,100
35364660856279,09:49:24.660,21.9600,100
35364660856279,09:49:24.660,21.9600,200
35364811844194,09:49:24.811,21.9600,100
35365020871174,09:49:25.020,21.9600,100
35365020917748,09:49:25.020,21.9600,100
35365020928964,09:49:25.020,21.9600,446
35365020942293,09:49:25.020,21.9600,100
35365313364498,09:49:25.313,21.9600,54
35365313389645,09:49:25.313,21.9550,100
35373764637385,09:49:33.764,21.9500,100
35373764637385,09:49:33.764,21.9500,400
35373764637385,09:49:33.764,21.9500,100
35376698673331,09:49:36.698,21.9450,100
35387786736711,09:49:47.786,21.9400,100
35392199190220,09:49:52.199,21.9300,100
35394219406640,09:49:54.219,21.9200,100
35398482112379,09:49:58.482,21.9300,39
35402073743008,09:50:02.073,21.9300,100
35402073743008,09:50:02.073,21.9300,100
35404577599330,09:50:04.577,21.9200,25
35404577624250,09:50:04.577,21.9200,175
35406095256484,09:50:06.095,21.9200,100
35424182755764,09:50:24.182,21.9200,100
35424183251444,09:50:24.183,21.9200,100
35424183251444,09:50:24.183,21.9200,100
35424183251444,09:50:24.183,21.9200,100
35428217372401,09:50:28.217,21.9250,6
35428217944309,09:50:28.217,21.9300,6
35437022517152,09:50:37.022,21.9200,100
35439298932132,09:50:39.298,21.9000,100
35445508075120,09:50:45.508,21.8900,100
35449507056213,09:50:49.507,21.8900,60
35449507074737,09:50:49.507,21.8900,40
35462495579129,09:51:02.495,21.9000,100
35464376282443,09:51:04.376,21.9000,100
35464376282443,09:51:04.376,21.9000,100
35464376282443,09:51:04.376,21.9000,100
35464376282443,09:51:04.376,21.9000,100
35466351104284,09:51:06.351,21.9100,100
35466351185872,09:51:06.351,21.9100,100
35466351185872,09:51:06.351,21.9100,100
35466351185872,09:51:06.351,21.9100,100
35466351248298,09:51:06.351,21.9100,100
35466351248298,09:51:06.351,21.9100,200
35466401279990,09:51:06.401,21.9100,100
35466401279990,09:51:06.401,21.9100,100
35466401279990,09:51:06.401,21.9100,100
35467231297567,09:51:07.231,21.9200,100
35467280464786,09:51:07.280,21.9200,100
35467281016610,09:51:07.281,21.9200,100
35467281016610,09:51:07.281,21.9200,100
35467281016610,09:51:07.281,21.9200,100
35467281016610,09:51:07.281,21.9200,100
35468875502139,09:51:08.875,21.9200,100
35468875502139,09:51:08.875,21.9200,100
35468875502139,09:51:08.875,21.9200,100
35476057165568,09:51:16.057,21.9300,100
35476057165568,09:51:16.057,21.9300,200
35476740133152,09:51:16.740,21.9300,100
35476740133152,09:51:16.740,21.9300,100
35482831733872,09:51:22.831,21.9200,100
35482831733872,09:51:22.831,21.9200,200
35482888563146,09:51:22.888,21.9100,100
35484633833152,09:51:24.633,21.9000,100
35484633833152,09:51:24.633,21.9000,100
35484633833152,09:51:24.633,21.9000,100
35485052718938,09:51:25.052,21.9000,100
35487240717286,09:51:27.240,21.8950,100
35495726368077,09:51:35.726,21.8900,100
35495727116070,09:51:35.727,21.8900,100
35495727116070,09:51:35.727,21.8900,100
35498869191032,09:51:38.869,21.8900,400
35498869331906,09:51:38.869,21.8900,100
35498869333356,09:51:38.869,21.8900,100
35498869348855,09:51:38.869,21.8900,100
35501420583064,09:51:41.420,21.8900,100
35501420583064,09:51:41.420,21.8900,100
35501420583064,09:51:41.420,21.8900,100
35501420583064,09:51:41.420,21.8900,50
35501420622130,09:51:41.420,21.8900,50
35501760070425,09:51:41.760,21.8800,100
35504107266022,09:51:44.107,21.8850,1
35504107565685,09:51:44.107,21.8850,87
35504107865807,09:51:44.107,21.8850,12
35504107865807,09:51:44.107,21.8900,1
35504108973220,09:51:44.108,21.8900,1
35505972019805,09:51:45.972,21.8900,98
35510910888927,09:51:50.910,21.8900,100
35510910888927,09:51:50.910,21.8900,100
35510910888927,09:51:50.910,21.8900,100
35510910973596,09:51:50.910,21.8900,100
35510911206337,09:51:50.911,21.8900,100
35510911337085,09:51:50.911,21.8900,100
35510911337085,09:51:50.911,21.8900,100
35510911337085,09:51:50.911,21.8900,100
35510911381921,09:51:50.911,21.8900,300
35510911506776,09:51:50.911,21.8900,800
35510911506776,09:51:50.911,21.8900,100
35511219246085,09:51:51.219,21.8900,100
35514226224438,09:51:54.226,21.9100,100
35514226224438,09:51:54.226,21.9100,100
35514226224438,09:51:54.226,21.9100,100
35517962167303,09:51:57.962,21.9100,70
35517962191339,09:51:57.962,21.9100,30
35533761742606,09:52:13.761,21.9300,100
35540269143550,09:52:20.269,21.9200,100
35540269143550,09:52:20.269,21.9200,100
35545049605096,09:52:25.049,21.9100,100
35546328299173,09:52:26.328,21.9100,500
35554130156110,09:52:34.130,21.9200,100
35554210751140,09:52:34.210,21.9250,100
35554216010429,09:52:34.216,21.9200,100
35554221483158,09:52:34.221,21.9100,100
35554221483158,09:52:34.221,21.9100,100
35554221483158,09:52:34.221,21.9100,100
35554221483158,09:52:34.221,21.9100,200
35554221539363,09:52:34.221,21.9100,100
35556006119217,09:52:36.006,21.9050,100
35559534884283,09:52:39.534,21.9000,100
35563275679720,09:52:43.275,21.8800,100
35563847021399,09:52:43.847,21.8800,100
35564549899247,09:52:44.549,21.8800,100
35564549924826,09:52:44.549,21.8800,100
35566602025136,09:52:46.602,21.8800,300
35572708073961,09:52:52.708,21.8850,100
35578904649891,09:52:58.904,21.8900,100
35579143170830,09:52:59.143,21.8900,100
35580608746429,09:53:00.608,21.8800,100
35580709960498,09:53:00.709,21.8800,100
35588248036357,09:53:08.248,21.9000,200
35588248738449,09:53:08.248,21.9000,1448
35600364799787,09:53:20.364,21.9200,100
35600364799787,09:53:20.364,21.9200,100
35600365750712,09:53:20.365,21.9200,95
35600365750712,09:53:20.365,21.9200,5
35600372538006,09:53:20.372,21.9200,95
35607981658249,09:53:27.981,21.9300,1500
35608728356095,09:53:28.728,21.9400,100
35608728356095,09:53:28.728,21.9400,100
35608740448096,09:53:28.740,21.9400,95
35608740448096,09:53:28.740,21.9400,53
35608740448096,09:53:28.740,21.9400,100
35608740448096,09:53:28.740,21.9400,200
35608973043923,09:53:28.973,21.9400,50
35608973043923,09:53:28.973,21.9400,100
35608973043923,09:53:28.973,21.9400,50
35608973128052,09:53:28.973,21.9400,42
35608974188045,09:53:28.974,21.9400,100
35608974188045,09:53:28.974,21.9400,200
35608974188045,09:53:28.974,21.9400,200
35608974188045,09:53:28.974,21.9400,100
35615730390339,09:53:35.730,21.9500,100
35621214040345,09:53:41.214,21.9600,100
35621262411206,09:53:41.262,21.9700,100
35623314118187,09:53:43.314,21.9600,100
35623314118187,09:53:43.314,21.9600,1
35624439305477,09:53:44.439,21.9600,101
35624439363685,09:53:44.439,21.9600,98
35624491362164,09:53:44.491,21.9700,100
35624492202440,09:53:44.492,21.9700,100
35624492202440,09:53:44.492,21.9700,51
35624492202440,09:53:44.492,21.9700,100
35624492202440,09:53:44.492,21.9700,200
35624492325805,09:53:44.492,21.9700,46
35624542535048,09:53:44.542,21.9700,50
35624549920013,09:53:44.549,21.9700,154
35624549920013,09:53:44.549,21.9700,52
35624550035655,09:53:44.550,21.9700,100
35624550035655,09:53:44.550,21.9700,100
35624550035655,09:53:44.550,21.9700,51
35624553145983,09:53:44.553,21.9700,100
35624553145983,09:53:44.553,21.9700,52
35624553145983,09:53:44.553,21.9700,100
35624553145983,09:53:44.553,21.9700,42
35624553762763,09:53:44.553,21.9700,100
35624616646699,09:53:44.616,21.9800,100
35624622282461,09:53:44.622,21.9800,100
35624622282461,09:53:44.622,21.9800,100
35624622282461,09:53:44.622,21.9800,100
35630664401958,09:53:50.664,21.9800,100
35630664485834,09:53:50.664,21.9800,100
35630664485834,09:53:50.664,21.9800,100
35632736547827,09:53:52.736,21.9900,300
35632736547827,09:53:52.736,21.9900,100
35634549006888,09:53:54.549,21.9950,100
35635220000169,09:53:55.220,21.9950,100
35635749014215,09:53:55.749,21.9950,100
35636349997466,09:53:56.349,21.9950,100
35636878999483,09:53:56.878,21.9950,100
35638184998671,09:53:58.184,21.9950,100
35638862004969,09:53:58.862,21.9950,100
35641104407112,09:54:01.104,22.0000,8
35641105987296,09:54:01.105,22.0000,103
35644077284257,09:54:04.077,22.0000,89
35644077284257,09:54:04.077,22.0000,100
35644077284257,09:54:04.077,22.0000,195
35644077317200,09:54:04.077,22.0000,5
35644077317200,09:54:04.077,22.0000,100
35644077340560,09:54:04.077,22.0000,105
35644077668148,09:54:04.077,22.0000,100
35644077686277,09:54:04.077,22.0000,100
35644077686277,09:54:04.077,22.0000,95
35644088668204,09:54:04.088,22.0100,100
35644088668204,09:54:04.088,22.0100,100
35644088668204,09:54:04.088,22.0100,100
35644088668204,09:54:04.088,22.0100,100
35648407886954,09:54:08.407,22.0100,100
35648407886954,09:54:08.407,22.0100,100
35648409631408,09:54:08.409,22.0000,100
35648409631408,09:54:08.409,22.0000,54
35648409631408,09:54:08.409,22.0000,100
35648409631408,09:54:08.409,22.0000,100
35648519814252,09:54:08.519,22.0100,100
35649142329415,09:54:09.142,22.0100,44
35649142329415,09:54:09.142,22.0100,56
35649142393274,09:54:09.142,22.0100,56
35649173153521,09:54:09.173,22.0100,100
35661129506918,09:54:21.129,22.0200,100
35661129553773,09:54:21.129,22.0200,68
35661129588302,09:54:21.129,22.0200,32
35661181034843,09:54:21.181,22.0200,100
35661181034843,09:54:21.181,22.0200,100
35661184176227,09:54:21.184,22.0200,53
35661184176227,09:54:21.184,22.0200,47
35662228834753,09:54:22.228,22.0200,53
35662228834753,09:54:22.228,22.0200,47
35663737832705,09:54:23.737,22.0200,49
35666138349298,09:54:26.138,22.0200,1
35669869833582,09:54:29.869,22.0200,100
35669869867646,09:54:29.869,22.0200,100
35669870138680,09:54:29.870,22.0200,100
35669870169986,09:54:29.870,22.0200,200
35669870169986,09:54:29.870,22.0200,100
35669870172040,09:54:29.870,22.0200,100
35669870199769,09:54:29.870,22.0200,100
35674551019394,09:54:34.551,22.0450,100
35674765496307,09:54:34.765,22.0500,136
35675384164957,09:54:35.384,22.0400,72
35681633005827,09:54:41.633,22.0450,100
35686646606703,09:54:46.646,22.0500,300
35686646616010,09:54:46.646,22.0500,100
35686646651833,09:54:46.646,22.0500,464
35686646651833,09:54:46.646,22.0500,200
35686757854735,09:54:46.757,22.0800,600
35687096426902,09:54:47.096,22.0700,100
35687096426902,09:54:47.096,22.0700,200
35687096426902,09:54:47.096,22.0700,29
35690723199091,09:54:50.723,22.0750,36
35690723199091,09:54:50.723,22.0750,64
35690723199091,09:54:50.723,22.0700,228
35690731281904,09:54:50.731,22.0600,100
35690731281904,09:54:50.731,22.0600,100
35690731281904,09:54:50.731,22.0600,100
35690731281904,09:54:50.731,22.0600,100
35690731462193,09:54:50.731,22.0600,100
35690731462193,09:54:50.731,22.0600,100
35691024758882,09:54:51.024,22.0700,100
35691364321415,09:54:51.364,22.0750,100
35694995638404,09:54:54.995,22.0700,300
35694995638404,09:54:54.995,22.0700,200
35694995638404,09:54:54.995,22.0700,68
35694995638404,09:54:54.995,22.0700,100
35694995638404,09:54:54.995,22.0700,100
35694995918701,09:54:54.995,22.0700,100
35695640847720,09:54:55.640,22.0700,100
35696023827668,09:54:56.023,22.0700,61
35696023827668,09:54:56.023,22.0700,200
35696024139582,09:54:56.024,22.0700,200
35696024227208,09:54:56.024,22.0700,100
35696024518806,09:54:56.024,22.0700,100
35696024767650,09:54:56.024,22.0700,100
35696024930899,09:54:56.024,22.0700,100
35696033479775,09:54:56.033,22.0800,700
35696033479775,09:54:56.033,22.0800,100
35696033479775,09:54:56.033,22.0800,130
35696789392434,09:54:56.789,22.0900,200
35696789418088,09:54:56.789,22.0900,200
35696789418088,09:54:56.789,22.0900,62
35696789418088,09:54:56.789,22.0900,100
35696961136935,09:54:56.961,22.0800,100
35699823528153,09:54:59.823,22.0700,100
35699823528153,09:54:59.823,22.0700,100
35699823816860,09:54:59.823,22.0700,100
35699824074795,09:54:59.824,22.0700,200
35699824137697,09:54:59.824,22.0700,300
35700025436639,09:55:00.025,22.0700,100
35700026427083,09:55:00.026,22.0800,100
35700026427083,09:55:00.026,22.0800,100
35700326258896,09:55:00.326,22.0800,100
35700407318124,09:55:00.407,22.0800,100
35700653730752,09:55:00.653,22.0800,10
35707822330333,09:55:07.822,22.0800,100
35707822330333,09:55:07.822,22.0800,100
35709596435029,09:55:09.596,22.0700,200
35709596435029,09:55:09.596,22.0700,200
35709600968992,09:55:09.600,22.0600,100
35709601153912,09:55:09.601,22.0600,100
35709601153912,09:55:09.601,22.0600,100
35709601210950,09:55:09.601,22.0600,45
35709698015004,09:55:09.698,22.0600,55
35709698015004,09:55:09.698,22.0600,45
35709698420496,09:55:09.698,22.0600,55
35709698420496,09:55:09.698,22.0600,100
35709700560299,09:55:09.700,22.0600,55
35709902201028,09:55:09.902,22.0600,45
35709902201028,09:55:09.902,22.0600,100
35709902201028,09:55:09.902,22.0600,100
35709902201028,09:55:09.902,22.0600,55
35709902268468,09:55:09.902,22.0600,45
35712783358423,09:55:12.783,22.0600,100
35721515566676,09:55:21.515,22.0800,112
35721515635528,09:55:21.515,22.0800,88
35721628624712,09:55:21.628,22.0800,100
35723654614413,09:55:23.654,22.0900,100
35723654614413,09:55:23.654,22.0900,100
35723654614413,09:55:23.654,22.0900,100
35726110017320,09:55:26.110,22.0850,100
35732001430179,09:55:32.001,22.0800,100
35732015806046,09:55:32.015,22.0800,100
35736013983922,09:55:36.013,22.0700,100
35736039178987,09:55:36.039,22.0700,100
35736147684454,09:55:36.147,22.0700,100
35736147725975,09:55:36.147,22.0700,43
35736147761404,09:55:36.147,22.0700,112
35736147797784,09:55:36.147,22.0700,33
35736147828772,09:55:36.147,22.0700,112
35737603205517,09:55:37.603,22.0800,100
35737603205517,09:55:37.603,22.0800,100
35740260100099,09:55:40.260,22.0900,100
35740260100099,09:55:40.260,22.0900,100
35740260100099,09:55:40.260,22.0900,100
35741876092706,09:55:41.876,22.0900,100
35741876092706,09:55:41.876,22.0900,100
35741876092706,09:55:41.876,22.0900,100
35745477668114,09:55:45.477,22.0800,300
35745695869779,09:55:45.695,22.0700,100
35745990262185,09:55:45.990,22.0600,100
35745990641815,09:55:45.990,22.0500,15
35745990733400,09:55:45.990,22.0500,85
35745990733400,09:55:45.990,22.0500,100
35745990733400,09:55:45.990,22.0500,800
35746108163044,09:55:46.108,22.0500,100
35749356177537,09:55:49.356,22.0400,100
35749356201832,09:55:49.356,22.0400,100
35751690762051,09:55:51.690,22.0300,100
35751690762051,09:55:51.690,22.0300,100
35751690762051,09:55:51.690,22.0300,100
35762256118049,09:56:02.256,21.9800,100
35762256118049,09:56:02.256,21.9800,1400
35762256143685,09:56:02.256,21.9800,9
35762256146544,09:56:02.256,21.9800,591
35762256146544,09:56:02.256,21.9800,9
35762256206244,09:56:02.256,21.9800,600
35762256315395,09:56:02.256,21.9800,1400
35762256509841,09:56:02.256,21.9800,100
35762256509841,09:56:02.256,21.9800,100
35762256509841,09:56:02.256,21.9800,400
35762256835504,09:56:02.256,21.9800,200
35762256951170,09:56:02.256,21.9800,791
35762432773104,09:56:02.432,21.9700,100
35763592688229,09:56:03.592,21.9600,300
35771433753800,09:56:11.433,21.9500,200
35771433753800,09:56:11.433,21.9500,100
35775747496276,09:56:15.747,21.9600,164
35775747504278,09:56:15.747,21.9600,144
35775747513027,09:56:15.747,21.9600,43
35775747548892,09:56:15.747,21.9600,49
35782072860287,09:56:22.072,21.9300,100
35785222630906,09:56:25.222,21.9250,100
35788212013954,09:56:28.212,21.9300,100
35788212013954,09:56:28.212,21.9300,500
35788561645166,09:56:28.561,21.9400,100
35801683714237,09:56:41.683,21.9400,249
35801684122148,09:56:41.684,21.9400,151
35807576151025,09:56:47.576,21.9300,100
35812246470629,09:56:52.246,21.9300,100
35812246470629,09:56:52.246,21.9300,100
35812246470629,09:56:52.246,21.9300,100
35819670224852,09:56:59.670,21.9400,57
35819670251748,09:56:59.670,21.9400,43
35834918191421,09:57:14.918,21.9500,100
35834922721901,09:57:14.922,21.9600,67
35834922805402,09:57:14.922,21.9600,33
35834922805402,09:57:14.922,21.9600,12
35835477813161,09:57:15.477,21.9700,72
35843018069848,09:57:23.018,21.9900,100
35844642508023,09:57:24.642,22.0000,100
35846428179779,09:57:26.428,21.9900,100
35846933300410,09:57:26.933,21.9800,100
35848359756663,09:57:28.359,21.9700,9
35853153506328,09:57:33.153,21.9700,100
35853153506328,09:57:33.153,21.9700,100
35853153506328,09:57:33.153,21.9700,100
35861489567459,09:57:41.489,21.9800,100
35863051942161,09:57:43.051,21.9800,100
35863052052480,09:57:43.052,21.9800,100
35871464109434,09:57:51.464,21.9900,100
35871464148498,09:57:51.464,21.9900,100
35871467939709,09:57:51.467,21.9900,100
35871471836810,09:57:51.471,22.0000,100
35871488373468,09:57:51.488,22.0000,100
35871488373468,09:57:51.488,22.0000,100
35871488436078,09:57:51.488,22.0000,100
35881404845276,09:58:01.404,22.0300,100
35881404845276,09:58:01.404,22.0300,100
35881404845276,09:58:01.404,22.0300,100
35881405575679,09:58:01.405,22.0400,100
35881405575679,09:58:01.405,22.0400,800
35881405575679,09:58:01.405,22.0400,200
35881406279969,09:58:01.406,22.0400,100
35881406279969,09:58:01.406,22.0400,100
35881406279969,09:58:01.406,22.0400,100
35881421728145,09:58:01.421,22.0400,100
35881421728145,09:58:01.421,22.0400,100
35881421728145,09:58:01.421,22.0400,100
35881434867713,09:58:01.434,22.0400,100
35881434867713,09:58:01.434,22.0400,100
35881434867713,09:58:01.434,22.0400,100
35881611625176,09:58:01.611,22.0400,100
35881611625176,09:58:01.611,22.0400,100
35881612182450,09:58:01.612,22.0500,100
35883404435738,09:58:03.404,22.0600,100
35883415121224,09:58:03.415,22.0600,100
35883434071953,09:58:03.434,22.0600,100
35883434323242,09:58:03.434,22.0600,100
35883434323242,09:58:03.434,22.0600,93
35883434328836,09:58:03.434,22.0600,7
35883434353599,09:58:03.434,22.0600,100
35883434361738,09:58:03.434,22.0600,100
35885148114138,09:58:05.148,22.0600,100
35885148114138,09:58:05.148,22.0600,100
35885375624971,09:58:05.375,22.0600,100
35889434139752,09:58:09.434,22.0600,100
35890377434334,09:58:10.377,22.0600,100
35890377434334,09:58:10.377,22.0600,100
35890406569319,09:58:10.406,22.0600,100
35890406569319,09:58:10.406,22.0600,94
35890406598189,09:58:10.406,22.0600,6
35890406598189,09:58:10.406,22.0600,100
35891004720978,09:58:11.004,22.0500,100
35891004720978,09:58:11.004,22.0500,100
35891004720978,09:58:11.004,22.0500,100
35891004720978,09:58:11.004,22.0500,100
35891004955491,09:58:11.004,22.0500,100
35891004955491,09:58:11.004,22.0500,300
35891005287126,09:58:11.005,22.0500,100
35891005387683,09:58:11.005,22.0500,100
35891005966945,09:58:11.005,22.0500,100
35891005966945,09:58:11.005,22.0500,500
35891024643711,09:58:11.024,22.0500,100
35892132954062,09:58:12.132,22.0400,40
35892133156107,09:58:12.133,22.0400,260
35893698010790,09:58:13.698,22.0450,100
35894020649257,09:58:14.020,22.0400,12
35894147602197,09:58:14.147,22.0300,100
35894147602197,09:58:14.147,22.0300,100
35894147602197,09:58:14.147,22.0300,100
35895027499145,09:58:15.027,22.0200,100
35895027499145,09:58:15.027,22.0200,100
35895029870189,09:58:15.029,22.0200,100
35895029870189,09:58:15.029,22.0200,100
35895029870189,09:58:15.029,22.0200,70
35895029870189,09:58:15.029,22.0200,100
35895030141352,09:58:15.030,22.0300,100
35895030141352,09:58:15.030,22.0300,200
35898148066308,09:58:18.148,22.0400,61
35900140604948,09:58:20.140,22.0400,27
35903037757372,09:58:23.037,22.0500,100
35910108528045,09:58:30.108,22.0500,100
35910108528045,09:58:30.108,22.0500,100
35910108624894,09:58:30.108,22.0500,5
35910108813137,09:58:30.108,22.0500,195
35910108813137,09:58:30.108,22.0500,5
35910108980643,09:58:30.108,22.0500,100
35910108980643,09:58:30.108,22.0500,100
35910108980643,09:58:30.108,22.0500,100
35910108980643,09:58:30.108,22.0500,100
35910109005476,09:58:30.109,22.0500,95
35910150401639,09:58:30.150,22.0500,5
35910150401639,09:58:30.150,22.0500,5
35910841757348,09:58:30.841,22.0500,100
35910841757348,09:58:30.841,22.0500,200
35910842011708,09:58:30.842,22.0500,100
35910842011708,09:58:30.842,22.0500,100
35914480324517,09:58:34.480,22.0800,100
35914480362264,09:58:34.480,22.0800,300
35914480405636,09:58:34.480,22.0800,4
35914480448489,09:58:34.480,22.0800,96
35915061272556,09:58:35.061,22.0900,200
35918038246246,09:58:38.038,22.0900,100
35918038246246,09:58:38.038,22.0900,100
35918038246246,09:58:38.038,22.0900,82
35918147140953,09:58:38.147,22.0900,70
35918147140953,09:58:38.147,22.0900,100
35918147140953,09:58:38.147,22.0900,30
35918428849595,09:58:38.428,22.0900,70
35918619751366,09:58:38.619,22.0900,200
35918835341617,09:58:38.835,22.0900,100
35918835341617,09:58:38.835,22.0900,67
35918835341617,09:58:38.835,22.0900,39
35918835341617,09:58:38.835,22.0900,100
35918835341617,09:58:38.835,22.0900,400
35921073594956,09:58:41.073,22.1000,4
35921073594956,09:58:41.073,22.1000,1
35921073594956,09:58:41.073,22.1000,250
35921073594956,09:58:41.073,22.1000,110
35921086357391,09:58:41.086,22.1200,100
35921086357391,09:58:41.086,22.1200,100
35921086357391,09:58:41.086,22.1200,100
35921087712430,09:58:41.087,22.1200,100
35921087756378,09:58:41.087,22.1200,23
35921087776257,09:58:41.087,22.1200,178
35921087776257,09:58:41.087,22.1200,72
35921087776257,09:58:41.087,22.1200,43
35921088005742,09:58:41.088,22.1200,57
35921088005742,09:58:41.088,22.1200,100
35921101245106,09:58:41.101,22.1200,68
35921101245106,09:58:41.101,22.1200,100
35921101245106,09:58:41.101,22.1200,132
35921102390217,09:58:41.102,22.1200,23
35921103027069,09:58:41.103,22.1200,68
35921103027069,09:58:41.103,22.1200,100
35921152290341,09:58:41.152,22.1200,100
35921152290341,09:58:41.152,22.1200,100
35921152340108,09:58:41.152,22.1200,68
35921161698135,09:58:41.161,22.1200,100
35921161698135,09:58:41.161,22.1200,100
35921179147910,09:58:41.179,22.1200,100
35922024573637,09:58:42.024,22.1300,200
35922024573637,09:58:42.024,22.1300,100
35922082838623,09:58:42.082,22.1300,78
35922082838623,09:58:42.082,22.1300,100
35922153643250,09:58:42.153,22.1300,100
35922153643250,09:58:42.153,22.1300,100
35922153643250,09:58:42.153,22.1300,100
35922171909538,09:58:42.171,22.1400,700
35922171909538,09:58:42.171,22.1400,200
35922171958324,09:58:42.171,22.1400,100
35922184256572,09:58:42.184,22.1400,200
35922184256572,09:58:42.184,22.1400,100
35922184256572,09:58:42.184,22.1400,71
35922184256572,09:58:42.184,22.1400,100
35922194078303,09:58:42.194,22.1400,68
35922194078303,09:58:42.194,22.1400,32
35922428608402,09:58:42.428,22.1300,100
35922435250199,09:58:42.435,22.1200,300
35922435250199,09:58:42.435,22.1200,500
35922845690503,09:58:42.845,22.1200,100
35923038542366,09:58:43.038,22.1200,68
35923038542366,09:58:43.038,22.1200,100
35923067132906,09:58:43.067,22.1200,100
35923067132906,09:58:43.067,22.1200,189
35923146557530,09:58:43.146,22.1200,68
35923146557530,09:58:43.146,22.1200,32
35923242871267,09:58:43.242,22.1300,100
35923252104288,09:58:43.252,22.1300,74
35923252104288,09:58:43.252,22.1300,100
35923252104288,09:58:43.252,22.1300,400
35923252104288,09:58:43.252,22.1300,100
35923252104288,09:58:43.252,22.1300,26
35924193626526,09:58:44.193,22.1400,69
35924193626526,09:58:44.193,22.1400,100
35924193626526,09:58:44.193,22.1400,100
35924193626526,09:58:44.193,22.1400,31
35924193783891,09:58:44.193,22.1400,69
35924208393837,09:58:44.208,22.1400,400
35924208939716,09:58:44.208,22.1400,100
35924208939716,09:58:44.208,22.1400,100
35924208939716,09:58:44.208,22.1400,69
35924208939716,09:58:44.208,22.1400,61
35924208939716,09:58:44.208,22.1400,100
35924227518426,09:58:44.227,22.1400,68
35924227518426,09:58:44.227,22.1400,100
35924227518426,09:58:44.227,22.1400,32
35924228069228,09:58:44.228,22.1400,100
35924228069228,09:58:44.228,22.1400,100
35924228069228,09:58:44.228,22.1400,70
35924228069228,09:58:44.228,22.1400,100
35924434022189,09:58:44.434,22.1400,100
35924434022189,09:58:44.434,22.1400,400
35924706473888,09:58:44.706,22.1500,200
35924706473888,09:58:44.706,22.1500,300
35924706473888,09:58:44.706,22.1500,200
35924707105604,09:58:44.707,22.1500,100
35924707714083,09:58:44.707,22.1500,70
35924707714083,09:58:44.707,22.1500,100
35924707714083,09:58:44.707,22.1500,100
35924714916990,09:58:44.714,22.1500,100
35924714916990,09:58:44.714,22.1500,69
35924714916990,09:58:44.714,22.1500,100
35924714916990,09:58:44.714,22.1500,100
35924714916990,09:58:44.714,22.1500,100
35924714916990,09:58:44.714,22.1500,31
35924759425546,09:58:44.759,22.1500,69
35924759425546,09:58:44.759,22.1600,100
35924759425546,09:58:44.759,22.1600,100
35924759425546,09:58:44.759,22.1600,100
35924759425546,09:58:44.759,22.1600,100
35924759425546,09:58:44.759,22.1600,100
35924759425546,09:58:44.759,22.1600,100
35924759425546,09:58:44.759,22.1600,100
35924759425546,09:58:44.759,22.1600,100
35924759425546,09:58:44.759,22.1600,31
35924760878486,09:58:44.760,22.1600,200
35924760916715,09:58:44.760,22.1600,14
35924761151473,09:58:44.761,22.1600,186
35924761151473,09:58:44.761,22.1600,69
35924808350740,09:58:44.808,22.1600,100
35925120406437,09:58:45.120,22.1600,100
35925121548787,09:58:45.121,22.1600,100
35925121548787,09:58:45.121,22.1600,68
35925152914228,09:58:45.152,22.1600,200
35925152914228,09:58:45.152,22.1600,70
35925152914228,09:58:45.152,22.1600,100
35925152914228,09:58:45.152,22.1600,100
35925192617026,09:58:45.192,22.1600,100
35925192617026,09:58:45.192,22.1600,100
35925192617026,09:58:45.192,22.1600,68
35925192617026,09:58:45.192,22.1600,100
35925315344373,09:58:45.315,22.1600,100
35925315344373,09:58:45.315,22.1600,70
35925315344373,09:58:45.315,22.1600,100
35925315344373,09:58:45.315,22.1600,219
35925845941286,09:58:45.845,22.1700,100
35925845941286,09:58:45.845,22.1700,100
35925845941286,09:58:45.845,22.1700,100
35925845941286,09:58:45.845,22.1700,100
35925847384788,09:58:45.847,22.1700,100
35925864451486,09:58:45.864,22.1700,100
35925864451486,09:58:45.864,22.1700,72
35925864451486,09:58:45.864,22.1700,100
35925864451486,09:58:45.864,22.1700,28
35925879757214,09:58:45.879,22.1700,72
35925879757214,09:58:45.879,22.1700,70
35925879757214,09:58:45.879,22.1700,58
35925909607752,09:58:45.909,22.1700,100
35925909607752,09:58:45.909,22.1700,200
35925909607752,09:58:45.909,22.1700,68
35925934056551,09:58:45.934,22.1600,100
35926080383258,09:58:46.080,22.1600,100
35926080383258,09:58:46.080,22.1600,77
35926080383258,09:58:46.080,22.1600,100
35926082750006,09:58:46.082,22.1600,100
35926082750006,09:58:46.082,22.1600,100
35926147564285,09:58:46.147,22.1700,100
35926147564285,09:58:46.147,22.1700,100
35926178794960,09:58:46.178,22.1700,100
35926178794960,09:58:46.178,22.1700,200
35926178794960,09:58:46.178,22.1700,72
35926178794960,09:58:46.178,22.1700,100
35926178794960,09:58:46.178,22.1700,28
35926178830940,09:58:46.178,22.1700,72
35926788849440,09:58:46.788,22.1800,100
35926788849440,09:58:46.788,22.1800,100
35926788849440,09:58:46.788,22.1800,100
35926933667302,09:58:46.933,22.1900,100
35926997249909,09:58:46.997,22.1900,200
35926997249909,09:58:46.997,22.1900,700
35926997249909,09:58:46.997,22.1900,200
35926997297388,09:58:46.997,22.1900,100
35927014653977,09:58:47.014,22.1900,100
35927014653977,09:58:47.014,22.1900,100
35927014653977,09:58:47.014,22.1900,100
35927014653977,09:58:47.014,22.1900,100
35927014653977,09:58:47.014,22.1900,100
35927014653977,09:58:47.014,22.1900,100
35927152907991,09:58:47.152,22.2000,100
35927152907991,09:58:47.152,22.2000,100
35927152920167,09:58:47.152,22.2000,100
35927153680889,09:58:47.153,22.2000,100
35927153680889,09:58:47.153,22.2000,200
35927153680889,09:58:47.153,22.2000,68
35927153680889,09:58:47.153,22.2000,100
35927153680889,09:58:47.153,22.2000,100
35927153680889,09:58:47.153,22.2000,100
35927454159094,09:58:47.454,22.2000,100
35927454187409,09:58:47.454,22.2000,100
35927588261629,09:58:47.588,22.2000,71
35927588261629,09:58:47.588,22.2000,100
35927588261629,09:58:47.588,22.2000,100
35927588261629,09:58:47.588,22.2000,48
35927602346712,09:58:47.602,22.2100,200
35927604642430,09:58:47.604,22.2100,15
35927605082249,09:58:47.605,22.2100,72
35927605082249,09:58:47.605,22.2100,100
35927605082249,09:58:47.605,22.2100,100
35927610320000,09:58:47.610,22.2000,68
35927610320000,09:58:47.610,22.2000,100
35927610320000,09:58:47.610,22.2000,400
35927792611493,09:58:47.792,22.2000,68
35927792611493,09:58:47.792,22.2000,100
35927792611493,09:58:47.792,22.2000,21
35927793477007,09:58:47.793,22.2000,100
35927848435717,09:58:47.848,22.2000,100
35927848435717,09:58:47.848,22.2000,70
35927848435717,09:58:47.848,22.2000,100
35927848435717,09:58:47.848,22.2000,100
35927848639162,09:58:47.848,22.2000,100
35927854624864,09:58:47.854,22.2000,15
35927857749075,09:58:47.857,22.2000,11
35927859196646,09:58:47.859,22.2000,11
35927861824856,09:58:47.861,22.2000,9
35927898990810,09:58:47.898,22.2000,68
35927952925697,09:58:47.952,22.2000,100
35927952925697,09:58:47.952,22.2000,200
35927952925697,09:58:47.952,22.2000,68
35927952925697,09:58:47.952,22.2000,32
35927953744478,09:58:47.953,22.2000,100
35927953744478,09:58:47.953,22.2000,100
35927953744478,09:58:47.953,22.2000,100
35927964001117,09:58:47.964,22.2000,100
35927964001117,09:58:47.964,22.2000,68
35927964001117,09:58:47.964,22.2000,746
35927964001117,09:58:47.964,22.2000,86
35927996155232,09:58:47.996,22.2000,14
35927996155232,09:58:47.996,22.2000,100
35927996155232,09:58:47.996,22.2000,100
35927996155232,09:58:47.996,22.2000,100
35928003755485,09:58:48.003,22.2100,100
35928003755485,09:58:48.003,22.2100,223
35928078815655,09:58:48.078,22.2000,7
35928078852155,09:58:48.078,22.2000,93
35928078852155,09:58:48.078,22.2000,73
35928090379435,09:58:48.090,22.2000,100
35928090379435,09:58:48.090,22.2000,100
35928154273789,09:58:48.154,22.2100,68
35928154273789,09:58:48.154,22.2100,1100
35928423951112,09:58:48.423,22.2100,9
35928423981207,09:58:48.423,22.2100,191
35928423981207,09:58:48.423,22.2100,100
35928423981207,09:58:48.423,22.2100,72
35928560546485,09:58:48.560,22.2100,68
35928560546485,09:58:48.560,22.2100,32
35928568840469,09:58:48.568,22.2100,68
35928573592067,09:58:48.573,22.2100,100
35928573592067,09:58:48.573,22.2100,100
35928573873472,09:58:48.573,22.2100,100
35928573913816,09:58:48.573,22.2100,7
35928573940769,09:58:48.573,22.2100,93
35928573940769,09:58:48.573,22.2100,68
35928589507010,09:58:48.589,22.2100,68
35928589507010,09:58:48.589,22.2100,100
35928589507010,09:58:48.589,22.2100,32
35928590049179,09:58:48.590,22.2100,68
35928590049179,09:58:48.590,22.2100,100
35928795674229,09:58:48.795,22.2000,71
35928795674229,09:58:48.795,22.2000,100
35928795674229,09:58:48.795,22.2000,29
35928829339933,09:58:48.829,22.2100,100
35928829339933,09:58:48.829,22.2100,200
35928829339933,09:58:48.829,22.2100,100
35928829928419,09:58:48.829,22.2100,100
35928829928419,09:58:48.829,22.2100,68
35928829928419,09:58:48.829,22.2100,100
35928829928419,09:58:48.829,22.2100,100
35929155806725,09:58:49.155,22.2000,100
35929155806725,09:58:49.155,22.2000,200
35929155806725,09:58:49.155,22.2000,70
35929155806725,09:58:49.155,22.2000,100
35929155806725,09:58:49.155,22.2000,100
35929161308605,09:58:49.161,22.2100,100
35929161308605,09:58:49.161,22.2100,100
35929161861670,09:58:49.161,22.2100,100
35929161861670,09:58:49.161,22.2100,72
35929161861670,09:58:49.161,22.2100,100
35929161861670,09:58:49.161,22.2100,100
35929171549553,09:58:49.171,22.2100,68
35929171549553,09:58:49.171,22.2100,100
35929171549553,09:58:49.171,22.2100,232
35929172077037,09:58:49.172,22.2100,68
35929172077037,09:58:49.172,22.2100,100
35929172077037,09:58:49.172,22.2100,100
35929186053087,09:58:49.186,22.2100,100
35929186053087,09:58:49.186,22.2100,68
35929186053087,09:58:49.186,22.2100,32
35929193882314,09:58:49.193,22.2100,68
35929193882314,09:58:49.193,22.2100,100
35929193882314,09:58:49.193,22.2100,32
35929194445380,09:58:49.194,22.2100,68
35929194445380,09:58:49.194,22.2100,100
35929194445380,09:58:49.194,22.2100,100
35929202703904,09:58:49.202,22.2100,68
35929202703904,09:58:49.202,22.2100,32
35930115368530,09:58:50.115,22.2100,68
35930115368530,09:58:50.115,22.2100,68
35930115577769,09:58:50.115,22.2100,7
35930115630172,09:58:50.115,22.2100,93
35930115630172,09:58:50.115,22.2100,200
35930118830905,09:58:50.118,22.2100,68
35930118830905,09:58:50.118,22.2100,100
35930118830905,09:58:50.118,22.2100,32
35930122092307,09:58:50.122,22.2100,68
35930122168572,09:58:50.122,22.2100,300
35930122587803,09:58:50.122,22.2100,5
35930123502030,09:58:50.123,22.2100,100
35930123502030,09:58:50.123,22.2100,71
35930123502030,09:58:50.123,22.2100,100
35930126363681,09:58:50.126,22.2100,100
35930126363681,09:58:50.126,22.2100,68
35930126363681,09:58:50.126,22.2100,100
35930126363681,09:58:50.126,22.2100,200
35930126363681,09:58:50.126,22.2100,100
35930126478036,09:58:50.126,22.2100,200
35930126910849,09:58:50.126,22.2100,100
35930126910849,09:58:50.126,22.2100,68
35930126910849,09:58:50.126,22.2100,100
35930126910849,09:58:50.126,22.2100,100
35930129263962,09:58:50.129,22.2100,100
35930146559765,09:58:50.146,22.2100,100
35930146559765,09:58:50.146,22.2100,68
35930146559765,09:58:50.146,22.2100,100
35930147269160,09:58:50.147,22.2100,100
35930147269160,09:58:50.147,22.2100,200
35930147269160,09:58:50.147,22.2100,68
35930147269160,09:58:50.147,22.2100,100
35930147269160,09:58:50.147,22.2100,100
35930148775266,09:58:50.148,22.2100,68
35930148775266,09:58:50.148,22.2100,100
35930148775266,09:58:50.148,22.2100,100
35930148775266,09:58:50.148,22.2100,32
35930149322599,09:58:50.149,22.2100,68
35930149322599,09:58:50.149,22.2100,100
35930152111780,09:58:50.152,22.2100,68
35930152111780,09:58:50.152,22.2100,32
35930152151432,09:58:50.152,22.2100,68
35930152277813,09:58:50.152,22.2100,200
35930152277813,09:58:50.152,22.2200,100
35930152277813,09:58:50.152,22.2200,100
35930152277813,09:58:50.152,22.2200,100
35930152277813,09:58:50.152,22.2200,100
35930152277813,09:58:50.152,22.2200,100
35930152277813,09:58:50.152,22.2200,100
35930152277813,09:58:50.152,22.2200,100
35930152277813,09:58:50.152,22.2200,100
35930152277813,09:58:50.152,22.2200,100
35930152496040,09:58:50.152,22.2200,36
35930152497697,09:58:50.152,22.2200,32
35930166030617,09:58:50.166,22.2200,73
35930166030617,09:58:50.166,22.2200,27
35930360093157,09:58:50.360,22.2200,73
35930360619416,09:58:50.360,22.2200,100
35930360619416,09:58:50.360,22.2200,200
35930360619416,09:58:50.360,22.2200,32
35930360619416,09:58:50.360,22.2200,100
35930360619416,09:58:50.360,22.2200,100
35930360619416,09:58:50.360,22.2200,100
35930360980167,09:58:50.360,22.2200,400
35930360980167,09:58:50.360,22.2200,100
35930363160220,09:58:50.363,22.2100,100
35930368111894,09:58:50.368,22.2100,100
35930368111894,09:58:50.368,22.2100,200
35930368111894,09:58:50.368,22.2100,100
35930368111894,09:58:50.368,22.2100,100
35930376043530,09:58:50.376,22.2100,44
35930376043530,09:58:50.376,22.2100,100
35930380734616,09:58:50.380,22.2100,100
35930380734616,09:58:50.380,22.2100,100
35930380734616,09:58:50.380,22.2100,100
35930382119364,09:58:50.382,22.2100,100
35930382119364,09:58:50.382,22.2100,100
35930382119364,09:58:50.382,22.2100,100
35930393102607,09:58:50.393,22.2100,100
35930394260270,09:58:50.394,22.2100,100
35930394260270,09:58:50.394,22.2100,100
35930394260270,09:58:50.394,22.2100,100
35930835069070,09:58:50.835,22.2100,96
35930835321415,09:58:50.835,22.2100,4
35930835321415,09:58:50.835,22.2100,100
35930840352502,09:58:50.840,22.2200,100
35930840352502,09:58:50.840,22.2200,100
35930840352502,09:58:50.840,22.2200,100
35930840352502,09:58:50.840,22.2200,100
35930840352502,09:58:50.840,22.2200,200
35930864826626,09:58:50.864,22.2200,100
35930865766602,09:58:50.865,22.2200,100
35930872529439,09:58:50.872,22.2200,100
35930872529439,09:58:50.872,22.2200,100
35931063845702,09:58:51.063,22.2200,100
35931063845702,09:58:51.063,22.2200,200
35931063845702,09:58:51.063,22.2200,100
35931063845702,09:58:51.063,22.2200,100
35931152889910,09:58:51.152,22.2300,700
35931163362169,09:58:51.163,22.2200,200
35931217941553,09:58:51.217,22.2200,100
35931218758187,09:58:51.218,22.2200,77
35931218890524,09:58:51.218,22.2200,23
35931270644567,09:58:51.270,22.2200,100
35931280881164,09:58:51.280,22.2200,100
35931281016353,09:58:51.281,22.2200,100
35931281016353,09:58:51.281,22.2200,300
35931285111022,09:58:51.285,22.2100,1000
35931285111022,09:58:51.285,22.2100,100
35931286226603,09:58:51.286,22.2000,100
35931286226603,09:58:51.286,22.2000,100
35931286226603,09:58:51.286,22.2000,100
35931288062415,09:58:51.288,22.2000,100
35931288062415,09:58:51.288,22.2000,100
35931289844339,09:58:51.289,22.2000,100
35931289844339,09:58:51.289,22.2000,100
35931290798914,09:58:51.290,22.2000,100
35931290798914,09:58:51.290,22.2000,100
35931290798914,09:58:51.290,22.2000,100
35931293346677,09:58:51.293,22.2000,100
35931304766687,09:58:51.304,22.2000,100
35931305313933,09:58:51.305,22.2000,200
35931305313933,09:58:51.305,22.2000,45
35931327770228,09:58:51.327,22.2000,55
35931801555062,09:58:51.801,22.1900,294
35931802734729,09:58:51.802,22.1900,6
35932147845990,09:58:52.147,22.2000,100
35932153442959,09:58:52.153,22.2100,100
35932153442959,09:58:52.153,22.2100,100
35933148892778,09:58:53.148,22.2100,200
35933630043830,09:58:53.630,22.2100,100
35933635338007,09:58:53.635,22.2200,100
35933635891822,09:58:53.635,22.2200,34
35933637369531,09:58:53.637,22.2200,66
35933637369531,09:58:53.637,22.2200,100
35933643145220,09:58:53.643,22.2200,100
35933643145220,09:58:53.643,22.2200,400
35933643145220,09:58:53.643,22.2200,100
35933768388863,09:58:53.768,22.2200,100
35933768388863,09:58:53.768,22.2200,100
35933898165829,09:58:53.898,22.2200,100
35933898165829,09:58:53.898,22.2200,100
35934148057585,09:58:54.148,22.2200,100
35934650824617,09:58:54.650,22.2300,35
35935148765972,09:58:55.148,22.2300,65
35935148765972,09:58:55.148,22.2300,34
35935972359543,09:58:55.972,22.2200,100
35935972359543,09:58:55.972,22.2200,100
35935972359543,09:58:55.972,22.2200,100
35935974644412,09:58:55.974,22.2200,100
35935974644412,09:58:55.974,22.2200,100
35935974644412,09:58:55.974,22.2200,100
35935974644412,09:58:55.974,22.2200,100
35935994285522,09:58:55.994,22.2200,100
35935994285522,09:58:55.994,22.2200,400
35935998504823,09:58:55.998,22.2200,100
35936025230274,09:58:56.025,22.2300,100
35936042189383,09:58:56.042,22.2300,200
35936042189383,09:58:56.042,22.2300,100
35936042189383,09:58:56.042,22.2300,100
35936042189383,09:58:56.042,22.2300,100
35936042189383,09:58:56.042,22.2300,400
35936053618560,09:58:56.053,22.2300,100
35936053618560,09:58:56.053,22.2300,100
35936065587370,09:58:56.065,22.2300,100
35936065587370,09:58:56.065,22.2300,200
35936065587370,09:58:56.065,22.2300,100
35936071218832,09:58:56.071,22.2300,100
35936147473049,09:58:56.147,22.2300,100
35936147473049,09:58:56.147,22.2300,100
35936197989745,09:58:56.197,22.2300,20
35937057750909,09:58:57.057,22.2300,100
