timestamp,time,price,volume
30244969992536,08:24:04.969,34.5400,50
30310343742468,08:25:10.343,34.5000,50
30312951988929,08:25:12.951,34.4000,50
30325348883217,08:25:25.348,34.5000,50
30348096326527,08:25:48.096,34.5000,50
30359933140197,08:25:59.933,34.5000,50
30760682274072,08:32:40.682,34.5200,100
30760682274072,08:32:40.682,34.5000,50
32509865586311,09:01:49.865,34.3000,3
32569955195346,09:02:49.955,34.5000,3
32734058183395,09:05:34.058,34.5000,2
34200342025141,09:30:00.342,34.5200,8827
34200475942382,09:30:00.475,34.5200,57
34200475970251,09:30:00.475,34.5000,24
34200475970251,09:30:00.475,34.5000,76
34200966744222,09:30:00.966,34.5500,10
34200966744222,09:30:00.966,34.5500,8
34201093713229,09:30:01.093,34.5500,900
34201093746845,09:30:01.093,34.5500,82
34213225256640,09:30:13.225,34.6000,47
34213225649748,09:30:13.225,34.6000,200
34213225703427,09:30:13.225,34.6000,200
34213225755965,09:30:13.225,34.6000,100
34213226158310,09:30:13.226,34.6000,453
34228499657968,09:30:28.499,34.6600,100
34322744607556,09:32:02.744,34.6300,100
34366734448006,09:32:46.734,34.6200,100
34382109751106,09:33:02.109,34.6600,3
34393628086831,09:33:13.628,34.6700,3
34405158056374,09:33:25.158,34.6200,2
34405158056374,09:33:25.158,34.6200,9
34423978963729,09:33:43.978,34.6200,200
34439072095812,09:33:59.072,34.5600,100
34439111556619,09:33:59.111,34.5600,3
34439111601058,09:33:59.111,34.5600,197
34439111601058,09:33:59.111,34.5600,100
34439115939469,09:33:59.115,34.5300,50
34439116355067,09:33:59.116,34.5300,100
34439116380456,09:33:59.116,34.5300,100
34439295682309,09:33:59.295,34.5100,73
34439295685474,09:33:59.295,34.5100,73
34439295690472,09:33:59.295,34.5100,54
34439295700905,09:33:59.295,34.5350,200
34439295717566,09:33:59.295,34.5000,24
34439295717566,09:33:59.295,34.5000,46
34441773502777,09:34:01.773,34.5100,94
34441773531600,09:34:01.773,34.5100,106
34441773531600,09:34:01.773,34.5100,65
34441773531600,09:34:01.773,34.5100,200
34441774843164,09:34:01.774,34.5000,54
34441774843164,09:34:01.774,34.5000,20
34441774843164,09:34:01.774,34.5000,14
34441774873234,09:34:01.774,34.5000,86
34530329576240,09:35:30.329,34.5800,12
34530329625456,09:35:30.329,34.5800,9
34530329767608,09:35:30.329,34.5800,79
34530329767608,09:35:30.329,34.6000,5
34530329767608,09:35:30.329,34.6000,4
34530329767608,09:35:30.329,34.6000,12
34530343172690,09:35:30.343,34.6200,50
34553197193317,09:35:53.197,34.5800,100
34553197625491,09:35:53.197,34.5800,200
34629249168449,09:37:09.249,34.6800,9
34629249200163,09:37:09.249,34.7000,15
34629249200163,09:37:09.249,34.7000,500
34668598932384,09:37:48.598,34.7400,100
34672491687092,09:37:52.491,34.7400,100
34672491687092,09:37:52.491,34.7500,16
34672515898486,09:37:52.515,34.7700,160
34747341000003,09:39:07.341,34.8200,3
34749193753062,09:39:09.193,34.8800,100
34749193770549,09:39:09.193,34.8900,100
34749194301789,09:39:09.194,34.8900,100
34749194303689,09:39:09.194,34.8900,100
34757297746432,09:39:17.297,34.9100,200
34816279687350,09:40:16.279,34.9900,89
34816290935515,09:40:16.290,35.0000,300
34816290935515,09:40:16.290,35.0000,100
34816290935515,09:40:16.290,35.0000,10
34816290935515,09:40:16.290,35.0000,200
34816290935515,09:40:16.290,35.0000,152
34816290935515,09:40:16.290,35.0000,100
34816290935515,09:40:16.290,35.0000,6
34816290935515,09:40:16.290,35.0000,43
34816290971026,09:40:16.290,35.0000,257
34816290971026,09:40:16.290,35.0000,50
34816290971026,09:40:16.290,35.0000,1
34816290971026,09:40:16.290,35.0000,34
34816290971026,09:40:16.290,35.0000,100
34816290971026,09:40:16.290,35.0000,1
34816290971026,09:40:16.290,35.0000,40
34816290971026,09:40:16.290,35.0000,2
34816290971026,09:40:16.290,35.0000,1
34816290971026,09:40:16.290,35.0000,10
34816290971026,09:40:16.290,35.0000,400
34816290971026,09:40:16.290,35.0000,14
34816290971026,09:40:16.290,35.0000,300
34816290999618,09:40:16.290,35.0000,200
34816291022530,09:40:16.291,35.0000,100
34816291033094,09:40:16.291,35.0000,1521
34816291038412,09:40:16.291,35.0000,910
34816291497681,09:40:16.291,35.0000,100
34816297337233,09:40:16.297,35.0000,100
34819799302386,09:40:19.799,34.9800,100
34819799645093,09:40:19.799,34.9600,100
34819799648024,09:40:19.799,34.9600,100
34819799664758,09:40:19.799,34.9600,100
34819799671623,09:40:19.799,34.9600,70
34819800213397,09:40:19.800,34.9700,100
34819800230525,09:40:19.800,34.9700,94
34819800555153,09:40:19.800,34.9700,6
34819800555153,09:40:19.800,34.9700,100
34819800555153,09:40:19.800,34.9700,94
34819800591879,09:40:19.800,34.9700,6
34827867315320,09:40:27.867,34.9600,100
34834679011968,09:40:34.679,34.9600,200
34842054138277,09:40:42.054,34.9300,68
34842054143811,09:40:42.054,34.9300,32
34842054984933,09:40:42.054,34.9100,200
34842055330464,09:40:42.055,34.9000,300
34854846266020,09:40:54.846,34.8500,94
34854846294670,09:40:54.846,34.8500,106
34855116571012,09:40:55.116,34.8500,9
34855116603040,09:40:55.116,34.8500,91
34855116603040,09:40:55.116,34.8500,100
34894094046721,09:41:34.094,34.6900,100
34894094046721,09:41:34.094,34.6900,40
34894094623162,09:41:34.094,34.6900,200
34914059301188,09:41:54.059,34.6500,60
34914059328472,09:41:54.059,34.6950,200
34914059328472,09:41:54.059,34.6500,40
34914069464267,09:41:54.069,34.6500,1
34926937160515,09:42:06.937,34.6500,99
34926937160515,09:42:06.937,34.6500,100
34953183809721,09:42:33.183,34.6500,150
34953184291713,09:42:33.184,34.6500,100
34953184350354,09:42:33.184,34.6500,100
34991181590417,09:43:11.181,34.7400,1
35040764845276,09:44:00.764,34.6900,200
35040764845276,09:44:00.764,34.6600,100
35040764872220,09:44:00.764,34.6600,200
35040765100918,09:44:00.765,34.6500,100
35040765176467,09:44:00.765,34.6500,100
35040765310571,09:44:00.765,34.6500,93
35040767467739,09:44:00.767,34.6500,107
35046880848554,09:44:06.880,34.6100,2
35046880856319,09:44:06.880,34.6100,98
35046988713125,09:44:06.988,34.6400,100
35068614810048,09:44:28.614,34.6500,2
35068614810048,09:44:28.614,34.6500,3
35068614810048,09:44:28.614,34.6500,95
35106294054753,09:45:06.294,34.7200,100
35106294054753,09:45:06.294,34.7200,1
35106294054753,09:45:06.294,34.7200,1
35106294058164,09:45:06.294,34.7200,100
35106294058164,09:45:06.294,34.7300,100
35124688569192,09:45:24.688,34.6900,22
35124688595616,09:45:24.688,34.6900,78
35124688595616,09:45:24.688,34.6900,100
35156237111427,09:45:56.237,34.6800,94
35156237137837,09:45:56.237,34.7000,106
35156237150939,09:45:56.237,34.7000,106
35156237449694,09:45:56.237,34.6950,88
35156237449694,09:45:56.237,34.6800,18
35156237524978,09:45:56.237,34.6800,50
35156237716586,09:45:56.237,34.6800,38
35168777931053,09:46:08.777,34.6850,200
35168807987576,09:46:08.807,34.6600,76
35168808216510,09:46:08.808,34.6600,24
35168808216510,09:46:08.808,34.6600,100
35180141933672,09:46:20.141,34.6500,100
35184594555127,09:46:24.594,34.6800,200
35201097943044,09:46:41.097,34.6800,200
35201628376196,09:46:41.628,34.6500,10
35201628387548,09:46:41.628,34.6650,200
35201628387548,09:46:41.628,34.6500,18
35201628391948,09:46:41.628,34.6500,72
35201628402361,09:46:41.628,34.6500,100
35201628402361,09:46:41.628,34.6500,100
35207217582918,09:46:47.217,34.6300,100
35211982489761,09:46:51.982,34.6500,2
35211982492602,09:46:51.982,34.6500,72
35211982519712,09:46:51.982,34.6500,76
35242001145993,09:47:22.001,34.6100,100
35242002783852,09:47:22.002,34.6100,3
35242002950930,09:47:22.002,34.6100,3
35251711718694,09:47:31.711,34.6100,100
35262471439670,09:47:42.471,34.6200,100
35262471466709,09:47:42.471,34.6200,100
35280496820786,09:48:00.496,34.5700,100
35287272932151,09:48:07.272,34.5850,200
35287272932151,09:48:07.272,34.5500,100
35287272958614,09:48:07.272,34.5500,100
35287272958614,09:48:07.272,34.5500,100
35298843322881,09:48:18.843,34.5250,200
35298843322881,09:48:18.843,34.5100,100
35298846793431,09:48:18.846,34.5100,1
35307666520473,09:48:27.666,34.5250,200
35316877743346,09:48:36.877,34.5000,100
35333489896478,09:48:53.489,34.4800,100
35333489921925,09:48:53.489,34.4800,4
35380890032447,09:49:40.890,34.4700,57
35413625952885,09:50:13.625,34.5000,40
35413627068095,09:50:13.627,34.5300,100
35422205401909,09:50:22.205,34.5100,200
35425461093228,09:50:25.461,34.4900,100
35425563340455,09:50:25.563,34.5100,200
35425563340455,09:50:25.563,34.4900,200
35460159356890,09:51:00.159,34.5100,51
35460159393218,09:51:00.159,34.5100,49
35460159393218,09:51:00.159,34.5100,200
35461858656232,09:51:01.858,34.4800,100
35462458387864,09:51:02.458,34.4800,100
35462458387864,09:51:02.458,34.4800,100
35462458892173,09:51:02.458,34.4700,84
35462458899321,09:51:02.458,34.4700,16
35476096314676,09:51:16.096,34.4900,100
35476096314676,09:51:16.096,34.4900,100
35476096314676,09:51:16.096,34.4900,30
35476096314676,09:51:16.096,34.4900,5
35476096317512,09:51:16.096,34.4900,65
35476096317512,09:51:16.096,34.4900,81
35476096349468,09:51:16.096,34.4900,19
35476096349468,09:51:16.096,34.4900,146
35476096359412,09:51:16.096,34.4900,19
35476096416290,09:51:16.096,34.4900,94
35476096521645,09:51:16.096,34.4900,6
35476096521645,09:51:16.096,34.4900,100
35476096521645,09:51:16.096,34.4900,59
35476096620675,09:51:16.096,34.4900,41
35476096620675,09:51:16.096,34.4900,35
35476096620675,09:51:16.096,34.4900,24
35486011305657,09:51:26.011,34.4600,100
35486011570339,09:51:26.011,34.4500,85
35489259610669,09:51:29.259,34.4500,15
35489260264379,09:51:29.260,34.4400,100
35518190504321,09:51:58.190,34.4400,100
35518191025460,09:51:58.191,34.4300,200
35518191650248,09:51:58.191,34.4200,45
35518191659664,09:51:58.191,34.4200,55
35518590750898,09:51:58.590,34.4000,100
35518590750898,09:51:58.590,34.4000,100
35518591226827,09:51:58.591,34.3900,100
35518591237068,09:51:58.591,34.3800,100
35518591243717,09:51:58.591,34.3800,100
35519091693559,09:51:59.091,34.3800,100
35781289611984,09:56:21.289,34.3300,3
35857262049293,09:57:37.262,34.3400,100
35888919944795,09:58:08.919,34.3700,200
35888919944795,09:58:08.919,34.3800,100
35888919944795,09:58:08.919,34.3800,1
35888919944795,09:58:08.919,34.3800,1
35888919944795,09:58:08.919,34.3800,100
35888919944795,09:58:08.919,34.3800,98
35898660096473,09:58:18.660,34.4000,1
35898660096473,09:58:18.660,34.4000,96
35904331952581,09:58:24.331,34.4000,4
35915020333000,09:58:35.020,34.4300,94
35915020364200,09:58:35.020,34.4300,6
35920597623505,09:58:40.597,34.4000,100
35920597719134,09:58:40.597,34.4200,100
35920960773712,09:58:40.960,34.4300,100
35925694478651,09:58:45.694,34.4000,100
35925697685928,09:58:45.697,34.3900,100
35925755482865,09:58:45.755,34.3700,100
35933811664424,09:58:53.811,34.3400,30
35934842905258,09:58:54.842,34.3200,94
35934842930957,09:58:54.842,34.3200,906
35934857984604,09:58:54.857,34.3000,797
35934858020270,09:58:54.858,34.2900,83
35934858045979,09:58:54.858,34.2900,17
35934858232230,09:58:54.858,34.2800,1
35970049455035,09:59:30.049,34.3300,5
35970060680125,09:59:30.060,34.3400,95
35998186368391,09:59:58.186,34.3400,7
35998186428487,09:59:58.186,34.3400,7
35998186529720,09:59:58.186,34.3400,93
36055143519991,10:00:55.143,34.3800,94
36055143543988,10:00:55.143,34.3800,206
36074311401963,10:01:14.311,34.3900,6
36128122052543,10:02:08.122,34.4400,200
36128122083016,10:02:08.122,34.4400,100
36128122083016,10:02:08.122,34.4400,100
36128123098497,10:02:08.123,34.4400,3
36128123117905,10:02:08.123,34.4400,48
36128123167653,10:02:08.123,34.4500,100
36128123269811,10:02:08.123,34.4500,100
36134097287879,10:02:14.097,34.4300,100
36134097321208,10:02:14.097,34.4300,100
36134098337178,10:02:14.098,34.4200,100
36148578438829,10:02:28.578,34.4100,100
36148578464419,10:02:28.578,34.4100,100
36148578464419,10:02:28.578,34.4100,100
36156158267477,10:02:36.158,34.3500,100
36156159436713,10:02:36.159,34.3400,100
36162733144174,10:02:42.733,34.3400,100
36164023958180,10:02:44.023,34.3400,100
36164023984467,10:02:44.023,34.3400,100
36165689412024,10:02:45.689,34.3400,100
36166709362709,10:02:46.709,34.3400,100
36166732702662,10:02:46.732,34.3400,7
36166995688553,10:02:46.995,34.3400,100
36167796526496,10:02:47.796,34.3400,1
36204690146994,10:03:24.690,34.3500,12
36231609115568,10:03:51.609,34.3900,100
36231609180069,10:03:51.609,34.3900,14
36231609180069,10:03:51.609,34.3900,86
36231611196319,10:03:51.611,34.3900,14
36231611196319,10:03:51.611,34.3900,100
36231611294134,10:03:51.611,34.3900,100
36231611341749,10:03:51.611,34.3900,100
36257510981122,10:04:17.510,34.3500,40
36257510996912,10:04:17.510,34.3400,100
36257519742676,10:04:17.519,34.3300,30
36257519746348,10:04:17.519,34.3300,70
36257521905152,10:04:17.521,34.3000,100
36258633844370,10:04:18.633,34.2600,100
36291128807488,10:04:51.128,34.2900,100
36316492533608,10:05:16.492,34.2500,21
36316492538890,10:05:16.492,34.2500,70
36316492552189,10:05:16.492,34.2500,9
36316492552189,10:05:16.492,34.2400,61
36316492653925,10:05:16.492,34.2400,39
36316493296990,10:05:16.493,34.2300,56
36316493321270,10:05:16.493,34.2300,44
36321509031211,10:05:21.509,34.2000,100
36326403598146,10:05:26.403,34.2300,50
36326403598146,10:05:26.403,34.2500,50
36339440795059,10:05:39.440,34.2500,3
36346598367892,10:05:46.598,34.2700,6
36370353112513,10:06:10.353,34.3300,100
36387713091013,10:06:27.713,34.3100,94
36387713129298,10:06:27.713,34.3100,6
36387713129298,10:06:27.713,34.3100,100
36387713129298,10:06:27.713,34.3100,100
36387713129298,10:06:27.713,34.3100,100
36387713765029,10:06:27.713,34.3200,100
36387713765029,10:06:27.713,34.3200,100
36387713765029,10:06:27.713,34.3200,100
36406883281212,10:06:46.883,34.3200,100
36431647515220,10:07:11.647,34.3300,100
36449707129932,10:07:29.707,34.2700,67
36449707133525,10:07:29.707,34.2700,33
36449707133525,10:07:29.707,34.2700,100
36452872177007,10:07:32.872,34.2400,100
36452872212513,10:07:32.872,34.2400,100
36452872615938,10:07:32.872,34.2100,100
36453220107746,10:07:33.220,34.2400,100
36453220107746,10:07:33.220,34.2400,100
36538734215597,10:08:58.734,34.2600,125
36538734252880,10:08:58.734,34.2600,54
36538734753188,10:08:58.734,34.2600,100
36538735567705,10:08:58.735,34.2600,100
36538735567705,10:08:58.735,34.2600,100
36538735567705,10:08:58.735,34.2600,100
36538737169020,10:08:58.737,34.2600,100
36544510723468,10:09:04.510,34.2300,94
36544510750211,10:09:04.510,34.2300,6
36650714136919,10:10:50.714,34.3000,100
36681804316513,10:11:21.804,34.3100,1
36681804316513,10:11:21.804,34.3100,99
36681804712178,10:11:21.804,34.3100,1
36687397604463,10:11:27.397,34.3300,100
36687397604463,10:11:27.397,34.3300,100
36687397604463,10:11:27.397,34.3300,100
36689242986563,10:11:29.242,34.3500,200
36690390237982,10:11:30.390,34.3500,100
36691455616035,10:11:31.455,34.3500,94
36691455641591,10:11:31.455,34.3500,1206
36691455641591,10:11:31.455,34.3500,100
36691455641591,10:11:31.455,34.3500,100
36691455641591,10:11:31.455,34.3500,100
36691455642786,10:11:31.455,34.3500,1506
36691455646773,10:11:31.455,34.3500,736
36691455667027,10:11:31.455,34.3500,158
36691455918556,10:11:31.455,34.3700,100
36691456145164,10:11:31.456,34.3800,63
36691456147644,10:11:31.456,34.3800,37
36691456147644,10:11:31.456,34.3800,34
36691456174762,10:11:31.456,34.3800,66
36691457188615,10:11:31.457,34.3700,87
36691563772931,10:11:31.563,34.3500,100
36691571652865,10:11:31.571,34.3400,100
36691578750528,10:11:31.578,34.3300,100
36691590068928,10:11:31.590,34.3200,100
36691740782521,10:11:31.740,34.3400,100
36691740782521,10:11:31.740,34.3400,100
36701320970826,10:11:41.320,34.3900,100
36701320970826,10:11:41.320,34.3900,100
36701320970826,10:11:41.320,34.3900,100
36702905375167,10:11:42.905,34.4000,100
36702905761940,10:11:42.905,34.4000,150
36703212525262,10:11:43.212,34.4000,100
36704991477013,10:11:44.991,34.4000,100
36704991600367,10:11:44.991,34.4000,450
36704991600367,10:11:44.991,34.4000,100
36705992974983,10:11:45.992,34.4000,100
36707879648078,10:11:47.879,34.4000,100
36721557724908,10:12:01.557,34.4000,100
36723173897434,10:12:03.173,34.4000,100
36724389522709,10:12:04.389,34.4000,100
36725789408966,10:12:05.789,34.4000,100
36725789912655,10:12:05.789,34.4000,300
36726795782155,10:12:06.795,34.4000,100
36726796278748,10:12:06.796,34.4000,100
36742606019887,10:12:22.606,34.3800,100
36742606019887,10:12:22.606,34.3800,100
36742608847674,10:12:22.608,34.3700,94
36742608873311,10:12:22.608,34.3700,6
36742608876402,10:12:22.608,34.3700,6
36742608898669,10:12:22.608,34.3700,100
36796215190572,10:13:16.215,34.3700,200
36796215237217,10:13:16.215,34.3700,100
36796215237217,10:13:16.215,34.3500,130
36796215255027,10:13:16.215,34.3500,70
36796215281121,10:13:16.215,34.3500,200
36796215281121,10:13:16.215,34.3500,100
36796215281121,10:13:16.215,34.3500,70
36796215285683,10:13:16.215,34.3500,300
36796215449769,10:13:16.215,34.3500,30
36799981029147,10:13:19.981,34.3800,27
36799981112084,10:13:19.981,34.3900,100
36902664340021,10:15:02.664,34.4300,27
36902664378063,10:15:02.664,34.4300,6
36902669969750,10:15:02.669,34.4300,2
36904407404037,10:15:04.407,34.4300,65
36904407404037,10:15:04.407,34.4300,35
36904407436092,10:15:04.407,34.4300,65
36904407436092,10:15:04.407,34.4300,100
36904407436092,10:15:04.407,34.4300,200
36904407436092,10:15:04.407,34.4300,100
36904407436092,10:15:04.407,34.4300,100
36906727662328,10:15:06.727,34.4200,200
36906732207166,10:15:06.732,34.4100,100
36906732207166,10:15:06.732,34.4100,100
36906756775546,10:15:06.756,34.4000,100
36982176878456,10:16:22.176,34.3900,155
37092419870209,10:18:12.419,34.3200,100
37092420658127,10:18:12.420,34.3100,100
37096766074434,10:18:16.766,34.2900,100
37127479157599,10:18:47.479,34.2900,94
37127479197031,10:18:47.479,34.2900,206
37127479438627,10:18:47.479,34.3000,4
37127479438627,10:18:47.479,34.3000,100
37127479438627,10:18:47.479,34.3000,2
37127479647108,10:18:47.479,34.3000,170
37127479669467,10:18:47.479,34.3100,2
37127479669467,10:18:47.479,34.3100,1
37127479669467,10:18:47.479,34.3100,38
37127479670436,10:18:47.479,34.3100,62
37127479830444,10:18:47.479,34.3200,8
37127479947215,10:18:47.479,34.3200,92
37127479947215,10:18:47.479,34.2900,8
37127489518482,10:18:47.489,34.3000,100
37217604587062,10:20:17.604,34.3800,27
37217604587062,10:20:17.604,34.3800,3
37217703123625,10:20:17.703,34.4200,6
37266242657003,10:21:06.242,34.4500,100
37332233899590,10:22:12.233,34.4900,100
37332233899590,10:22:12.233,34.4900,100
37332233899590,10:22:12.233,34.4900,100
37332233899590,10:22:12.233,34.4900,99
37332233899590,10:22:12.233,34.4900,100
37332233899590,10:22:12.233,34.4900,100
37332234015775,10:22:12.234,34.4900,100
37332234042667,10:22:12.234,34.4900,100
37332234042667,10:22:12.234,34.4900,100
37332234050295,10:22:12.234,34.4900,200
37332234122883,10:22:12.234,34.4900,100
37332234205451,10:22:12.234,34.4900,100
37332234205451,10:22:12.234,34.4900,100
37332235498552,10:22:12.235,34.4900,100
37332235498552,10:22:12.235,34.4900,100
37332235498552,10:22:12.235,34.4900,100
37333002946104,10:22:13.002,34.5000,10
37365200238107,10:22:45.200,34.5300,27
37466421347062,10:24:26.421,34.5400,100
37468244403831,10:24:28.244,34.5400,100
37468244403831,10:24:28.244,34.5100,100
37468244422405,10:24:28.244,34.5100,100
37468244422405,10:24:28.244,34.5100,100
37483528427839,10:24:43.528,34.5400,100
37483528458037,10:24:43.528,34.5400,9
37483528494091,10:24:43.528,34.5600,100
37483528494091,10:24:43.528,34.5600,5
37483528494091,10:24:43.528,34.5600,2
37483528494091,10:24:43.528,34.5600,100
37499129477376,10:24:59.129,34.5400,28
37501028884362,10:25:01.028,34.4900,100
37505989612192,10:25:05.989,34.4900,100
37505989612192,10:25:05.989,34.4900,40
37505989620681,10:25:05.989,34.4900,60
37505989620681,10:25:05.989,34.4900,9
37505989638714,10:25:05.989,34.4900,69
37505989709870,10:25:05.989,34.4900,100
37505989729722,10:25:05.989,34.4900,69
37505989804839,10:25:05.989,34.4900,62
37506020220572,10:25:06.020,34.5100,100
37517060138462,10:25:17.060,34.4800,94
37517060367039,10:25:17.060,34.4800,6
37517060408684,10:25:17.060,34.4700,100
37620172616950,10:27:00.172,34.4900,97
37632260403565,10:27:12.260,34.4400,2
37656040521791,10:27:36.040,34.4800,100
37656040521791,10:27:36.040,34.4800,1
37693051382451,10:28:13.051,34.4600,57
37693052629801,10:28:13.052,34.4600,2
37763125868270,10:29:23.125,34.4500,6
37763125885515,10:29:23.125,34.4500,178
37763125888381,10:29:23.125,34.4500,16
37791246517528,10:29:51.246,34.4200,98
37791384170715,10:29:51.384,34.4300,1
37791384170715,10:29:51.384,34.4300,26
37791384170715,10:29:51.384,34.4300,73
37791384582088,10:29:51.384,34.4300,27
37803337520051,10:30:03.337,34.4000,3
37858746943781,10:30:58.746,34.4400,100
37858746943781,10:30:58.746,34.4400,100
37858746943781,10:30:58.746,34.4400,27
37858746943781,10:30:58.746,34.4400,4
37858746943781,10:30:58.746,34.4400,1
37887720091250,10:31:27.720,34.4600,1
37908199212208,10:31:48.199,34.4900,100
37908199212208,10:31:48.199,34.4900,4
37908199756755,10:31:48.199,34.5000,100
37908199756755,10:31:48.199,34.5000,96
37908199807878,10:31:48.199,34.5000,4
37908200280580,10:31:48.200,34.5000,1
37908200652766,10:31:48.200,34.5000,5
37918446272209,10:31:58.446,34.4900,100
37922404050162,10:32:02.404,34.4800,1
37943909473338,10:32:23.909,34.5100,100
37943909473338,10:32:23.909,34.5100,100
37943909473338,10:32:23.909,34.5100,75
37943909474353,10:32:23.909,34.5100,25
37943909509097,10:32:23.909,34.5100,100
37943909676214,10:32:23.909,34.5200,100
37943910993735,10:32:23.910,34.5200,30
37943910993735,10:32:23.910,34.5200,70
37944076213176,10:32:24.076,34.5000,100
37944076244448,10:32:24.076,34.5000,30
37944197226478,10:32:24.197,34.5300,100
37957301948873,10:32:37.301,34.5300,26
37957301951494,10:32:37.301,34.5300,67
37957301955604,10:32:37.301,34.5300,7
37957301955604,10:32:37.301,34.5300,2
37957301955604,10:32:37.301,34.5300,2
37957301959164,10:32:37.301,34.5300,11
37957301959711,10:32:37.301,34.5300,78
37957301963891,10:32:37.301,34.5300,11
37960789137163,10:32:40.789,34.5400,100
37960789137163,10:32:40.789,34.5400,100
37960789137163,10:32:40.789,34.5400,1
37966484641598,10:32:46.484,34.5400,100
37966485874670,10:32:46.485,34.5400,4
37966609344148,10:32:46.609,34.5700,2
38105414776250,10:35:05.414,34.6000,50
38105414776250,10:35:05.414,34.6000,2
38105414776250,10:35:05.414,34.6000,100
38105414776250,10:35:05.414,34.6000,1
38105414776250,10:35:05.414,34.6000,2
38105414776250,10:35:05.414,34.6000,335
38105414781135,10:35:05.414,34.6000,50
38105414790479,10:35:05.414,34.6000,38
38105414796999,10:35:05.414,34.6000,12
38109905862654,10:35:09.905,34.6300,7
38109905862654,10:35:09.905,34.6300,100
38109905862654,10:35:09.905,34.6300,1
38109905862654,10:35:09.905,34.6300,100
38109905862654,10:35:09.905,34.6300,100
38110075147219,10:35:10.075,34.6100,9
38157296471114,10:35:57.296,34.6450,100
38206496528245,10:36:46.496,34.6450,100
38206496955459,10:36:46.496,34.6450,100
38211294603850,10:36:51.294,34.6600,68
38234687114911,10:37:14.687,34.6350,138
38234687129369,10:37:14.687,34.6350,62
38234687129369,10:37:14.687,34.6200,3
38234687130475,10:37:14.687,34.6200,65
38234687320081,10:37:14.687,34.6200,35
38234687320081,10:37:14.687,34.6200,30
38234687463576,10:37:14.687,34.6200,70
38234687575985,10:37:14.687,34.6100,100
38240087602536,10:37:20.087,34.5900,2
38240087611296,10:37:20.087,34.5900,98
38240087611296,10:37:20.087,34.5900,68
38240087624478,10:37:20.087,34.5900,32
38241269551439,10:37:21.269,34.5600,100
38241771241803,10:37:21.771,34.5400,4
38249920894026,10:37:29.920,34.5300,100
38249920993837,10:37:29.920,34.5300,100
38249920993837,10:37:29.920,34.5300,100
38249921082049,10:37:29.921,34.5300,100
38249922319293,10:37:29.922,34.5300,3
38267336555667,10:37:47.336,34.4900,100
38292492129362,10:38:12.492,34.5100,100
38292492129362,10:38:12.492,34.5100,100
38292492194908,10:38:12.492,34.5100,64
38292492428207,10:38:12.492,34.5100,36
38292493010567,10:38:12.493,34.5100,100
38292493228499,10:38:12.493,34.5200,100
38292493228499,10:38:12.493,34.5200,100
38292493508601,10:38:12.493,34.5200,100
38292522647234,10:38:12.522,34.5150,100
38293085518148,10:38:13.085,34.5200,94
38293085544853,10:38:13.085,34.5200,6
38293085544853,10:38:13.085,34.5200,100
38293085545888,10:38:13.085,34.5200,100
38293085711172,10:38:13.085,34.5300,100
38293085725337,10:38:13.085,34.5400,27
38311763444810,10:38:31.763,34.5000,59
38311763452002,10:38:31.763,34.5000,41
38311763466386,10:38:31.763,34.4900,25
38311763466881,10:38:31.763,34.4900,66
38311763646720,10:38:31.763,34.4900,109
38324284202044,10:38:44.284,34.4700,100
38337317778218,10:38:57.317,34.4700,100
38337317806213,10:38:57.317,34.4700,100
38337317806213,10:38:57.317,34.4700,100
38337317806213,10:38:57.317,34.4700,1
38337317806213,10:38:57.317,34.4700,2
38337317833903,10:38:57.317,34.4800,61
38337317852402,10:38:57.317,34.4800,39
38337818781097,10:38:57.818,34.4900,100
38337818781097,10:38:57.818,34.4900,1
38337818878037,10:38:57.818,34.4900,100
38337819010792,10:38:57.819,34.5100,53
38337819017497,10:38:57.819,34.5100,32
38337819026061,10:38:57.819,34.5100,15
38347109894867,10:39:07.109,34.5300,1
38347109894867,10:39:07.109,34.5300,100
38347109894867,10:39:07.109,34.5300,3
38372256848603,10:39:32.256,34.5000,1
38372257101797,10:39:32.257,34.4800,11
38372257106719,10:39:32.257,34.4800,8
38372257107974,10:39:32.257,34.4800,66
38372257194095,10:39:32.257,34.4800,7
38372258468667,10:39:32.258,34.4800,2
38372258645149,10:39:32.258,34.4800,2
38372378603425,10:39:32.378,34.5000,100
38372486918504,10:39:32.486,34.5000,100
38406264109915,10:40:06.264,34.5000,100
38406264109915,10:40:06.264,34.5000,1
38406264109915,10:40:06.264,34.5000,100
38406264109915,10:40:06.264,34.5000,100
38406268185975,10:40:06.268,34.5300,100
38410509648773,10:40:10.509,34.5200,99
38420322193787,10:40:20.322,34.5200,99
38420322193787,10:40:20.322,34.5200,100
38420322193787,10:40:20.322,34.5200,3
38420322193787,10:40:20.322,34.5200,1
38420322215105,10:40:20.322,34.5200,100
38465797220301,10:41:05.797,34.4900,94
38465797249151,10:41:05.797,34.4900,6
38522242849496,10:42:02.242,34.4600,100
38539557724357,10:42:19.557,34.4500,196
38539557724357,10:42:19.557,34.4500,100
38539557724357,10:42:19.557,34.4500,100
38542540784857,10:42:22.540,34.4200,100
38543439049251,10:42:23.439,34.4100,33
38543439053616,10:42:23.439,34.4100,67
38543439057727,10:42:23.439,34.4100,66
38543439059057,10:42:23.439,34.4100,34
38596766368189,10:43:16.766,34.3500,33
38609567197699,10:43:29.567,34.4100,4
38609567197699,10:43:29.567,34.4100,1
38609567870748,10:43:29.567,34.4300,100
38660568143390,10:44:20.568,34.4800,1
38660568143390,10:44:20.568,34.4800,1
38660568143390,10:44:20.568,34.4800,100
38660568143390,10:44:20.568,34.4800,6
38660568163190,10:44:20.568,34.4900,100
38660568174462,10:44:20.568,34.4900,24
38660568178103,10:44:20.568,34.4900,66
38660568351488,10:44:20.568,34.4900,10
38661135843153,10:44:21.135,34.5000,8
38661135843153,10:44:21.135,34.5000,1
38661135843153,10:44:21.135,34.5000,7
38693673503219,10:44:53.673,34.5000,100
38693770562410,10:44:53.770,34.4900,64
38693770587427,10:44:53.770,34.4900,100
38820687322147,10:47:00.687,34.4900,1
38820687434300,10:47:00.687,34.4900,3
38822022594754,10:47:02.022,34.4900,1
38823166856113,10:47:03.166,34.4900,95
38823255018848,10:47:03.255,34.4900,2
38872989432524,10:47:52.989,34.4800,4
38902394892693,10:48:22.394,34.4300,66
38902394932200,10:48:22.394,34.4300,34
38902394932200,10:48:22.394,34.4300,26
38902394933138,10:48:22.394,34.4300,66
38902394934577,10:48:22.394,34.4300,8
38923745817848,10:48:43.745,34.4200,100
38923747311374,10:48:43.747,34.4200,8
38923747613021,10:48:43.747,34.4200,1
38924786922302,10:48:44.786,34.4200,1
38945634970486,10:49:05.634,34.4200,90
38945634970486,10:49:05.634,34.4000,192
38945634970486,10:49:05.634,34.3900,100
38945634970486,10:49:05.634,34.3900,118
38945646616204,10:49:05.646,34.3900,1
38945646776671,10:49:05.646,34.3900,1
38964245745908,10:49:24.245,34.4200,94
38964245771299,10:49:24.245,34.4200,6
38964245772681,10:49:24.245,34.4200,6
38964245781511,10:49:24.245,34.4200,6
38964245874695,10:49:24.245,34.4200,100
38964245966228,10:49:24.245,34.4300,17
38964246275771,10:49:24.246,34.4200,100
38964247142096,10:49:24.247,34.4200,2
39017444360985,10:50:17.444,34.4300,5
39017444360985,10:50:17.444,34.4300,95
39017444389042,10:50:17.444,34.4300,5
39017444389042,10:50:17.444,34.4300,27
39017444389042,10:50:17.444,34.4300,2
39017444993209,10:50:17.444,34.4400,100
39017446319438,10:50:17.446,34.4400,1
39187418622612,10:53:07.418,34.4700,100
39187418674646,10:53:07.418,34.4700,100
39187557230117,10:53:07.557,34.4700,10
39187557230117,10:53:07.557,34.4700,7
39187558357458,10:53:07.558,34.4800,200
39187588028128,10:53:07.588,34.4900,27
39187588028128,10:53:07.588,34.4900,73
39187588457430,10:53:07.588,34.4900,27
39187588457430,10:53:07.588,34.5000,20
39187588457430,10:53:07.588,34.5000,200
39187588457430,10:53:07.588,34.5000,100
39187588457430,10:53:07.588,34.5000,100
39187588457430,10:53:07.588,34.5000,73
39187588487316,10:53:07.588,34.5000,27
39187588695743,10:53:07.588,34.5000,27
39187588696998,10:53:07.588,34.5000,27
39199265473821,10:53:19.265,34.4800,54
39232151547386,10:53:52.151,34.5200,200
39272412249087,10:54:32.412,34.5300,6
39272412249087,10:54:32.412,34.5300,88
39272412282642,10:54:32.412,34.5300,12
39272412282642,10:54:32.412,34.5300,100
39272412282642,10:54:32.412,34.5300,200
39272412977979,10:54:32.412,34.5500,100
39272433705680,10:54:32.433,34.5600,100
39272434169245,10:54:32.434,34.5700,100
39310103272415,10:55:10.103,34.6000,100
39316430349829,10:55:16.430,34.6200,32
39316430382223,10:55:16.430,34.6200,168
39316430915378,10:55:16.430,34.6200,100
39348869923942,10:55:48.869,34.6500,100
39400260428935,10:56:40.260,34.6200,100
39400261619188,10:56:40.261,34.6100,100
39423102530137,10:57:03.102,34.5800,1
39435010279833,10:57:15.010,34.5600,67
39435010288803,10:57:15.010,34.5600,33
39435010290244,10:57:15.010,34.5600,66
39435010317960,10:57:15.010,34.5600,350
39435010344611,10:57:15.010,34.5600,39
39435010372922,10:57:15.010,34.5600,249
39435010484826,10:57:15.010,34.5600,66
39435010492177,10:57:15.010,34.5600,130
39436536030555,10:57:16.536,34.5400,100
39467253639555,10:57:47.253,34.5200,100
39474811514913,10:57:54.811,34.5100,100
39478558213017,10:57:58.558,34.5200,100
39478558213017,10:57:58.558,34.5200,48
39480041728133,10:58:00.041,34.5500,100
39480041728133,10:58:00.041,34.5500,100
39480041728133,10:58:00.041,34.5500,100
39480041781419,10:58:00.041,34.5600,100
39480041781419,10:58:00.041,34.5600,98
39480041836450,10:58:00.041,34.5600,2
39480043352884,10:58:00.043,34.5800,100
39480043352884,10:58:00.043,34.5800,100
39480046421357,10:58:00.046,34.5900,100
39481252640610,10:58:01.252,34.6000,97
39481252643464,10:58:01.252,34.6000,66
39481252648521,10:58:01.252,34.6000,96
39481252655272,10:58:01.252,34.6000,195
39481252666483,10:58:01.252,34.6000,246
39493838775855,10:58:13.838,34.6000,94
39494767498025,10:58:14.767,34.6000,6
39534132745958,10:58:54.132,34.6200,100
39553215644932,10:59:13.215,34.6400,3
39553215644932,10:59:13.215,34.6400,85
39553215686017,10:59:13.215,34.6400,15
39553215686017,10:59:13.215,34.6400,1
39553216581144,10:59:13.216,34.6400,3
39600433803087,11:00:00.433,34.6300,39
39633032008329,11:00:33.032,34.6500,94
39633032033467,11:00:33.032,34.6500,6
39633032046324,11:00:33.032,34.6500,6
39633032048282,11:00:33.032,34.6500,6
39633032093093,11:00:33.032,34.6500,100
39633032238365,11:00:33.032,34.6500,6
39633032267945,11:00:33.032,34.6500,94
39633032268450,11:00:33.032,34.6500,94
39633032521990,11:00:33.032,34.6500,100
39633032603494,11:00:33.032,34.6500,100
39633033415574,11:00:33.033,34.6500,2
39633033598812,11:00:33.033,34.6500,1
39633033628321,11:00:33.033,34.6500,97
39633033628321,11:00:33.033,34.6500,100
39633111256253,11:00:33.111,34.6500,100
39633111706909,11:00:33.111,34.6500,28
39633111736157,11:00:33.111,34.6500,72
39634111251891,11:00:34.111,34.6500,100
39635124689433,11:00:35.124,34.6500,100
39635125742203,11:00:35.125,34.6500,100
39635125742203,11:00:35.125,34.6500,300
39637929745404,11:00:37.929,34.6500,88
39640337021221,11:00:40.337,34.6500,12
39640337021221,11:00:40.337,34.6500,100
39640337021221,11:00:40.337,34.6500,88
39640337084622,11:00:40.337,34.6500,12
39640338058330,11:00:40.338,34.6500,88
39640338058330,11:00:40.338,34.6500,100
39640338058330,11:00:40.338,34.6500,1312
39641790672193,11:00:41.790,34.6500,100
39641790672193,11:00:41.790,34.6500,100
39641791196198,11:00:41.791,34.6500,100
39641791196198,11:00:41.791,34.6500,100
39648683896664,11:00:48.683,34.6500,100
39661493653183,11:01:01.493,34.6700,18
39661493966543,11:01:01.493,34.6700,9
39662671411559,11:01:02.671,34.6800,85
39662671448890,11:01:02.671,34.6800,15
39663488938330,11:01:03.488,34.7500,100
39663494559109,11:01:03.494,34.7500,125
39663508821815,11:01:03.508,34.7500,100
39663509281791,11:01:03.509,34.7500,100
39663509471199,11:01:03.509,34.7500,100
39663530846604,11:01:03.530,34.7500,475
39697089338221,11:01:37.089,34.7200,32
39751231958125,11:02:31.231,34.7700,500
39751231958125,11:02:31.231,34.7700,100
39751231958125,11:02:31.231,34.7700,3
39751232440154,11:02:31.232,34.7700,100
39795637408352,11:03:15.637,34.7700,100
39795637419921,11:03:15.637,34.7600,100
39795637613446,11:03:15.637,34.7600,100
39797260720924,11:03:17.260,34.7500,100
39797260720924,11:03:17.260,34.7500,100
39797260720924,11:03:17.260,34.7500,12
39797261391862,11:03:17.261,34.7300,100
39797824814110,11:03:17.824,34.7000,100
39830373095925,11:03:50.373,34.6800,100
39831419830931,11:03:51.419,34.6600,12
39925653734103,11:05:25.653,34.6600,32
39925653785316,11:05:25.653,34.6600,112
39925653980836,11:05:25.653,34.6600,56
39925653980836,11:05:25.653,34.6600,4
39977815581771,11:06:17.815,34.6500,53
39977815589899,11:06:17.815,34.6500,47
39977815594838,11:06:17.815,34.6500,47
39977815610610,11:06:17.815,34.6500,47
39977815796060,11:06:17.815,34.6500,100
39977815862944,11:06:17.815,34.6500,16
39977815909886,11:06:17.815,34.6500,84
39977816137918,11:06:17.816,34.6500,100
39977816234143,11:06:17.816,34.6500,100
39978279735575,11:06:18.279,34.6500,100
40004055066572,11:06:44.055,34.6500,32
40010590933923,11:06:50.590,34.6900,81
40010590950190,11:06:50.590,34.6900,219
40010590950190,11:06:50.590,34.6900,1
40010591385439,11:06:50.591,34.7000,100
40011592611580,11:06:51.592,34.7000,100
40011592644600,11:06:51.592,34.7000,100
40011592854617,11:06:51.592,34.6900,100
40047160430196,11:07:27.160,34.6500,68
40047160430196,11:07:27.160,34.6500,100
40047160932920,11:07:27.160,34.6500,64
40047161815452,11:07:27.161,34.6500,9
40047161963786,11:07:27.161,34.6500,1
40119959287634,11:08:39.959,34.6600,35
40119960655905,11:08:39.960,34.6600,3
40180012213191,11:09:40.012,34.7100,18
40180012300051,11:09:40.012,34.7100,182
40189012649257,11:09:49.012,34.7000,200
40189575101686,11:09:49.575,34.7100,2
40189575101686,11:09:49.575,34.7100,4
40190851241265,11:09:50.851,34.7100,94
40190851269185,11:09:50.851,34.7100,6
40264105414472,11:11:04.105,34.6600,100
40282481072841,11:11:22.481,34.6500,26
40282481072841,11:11:22.481,34.6500,74
40282481104140,11:11:22.481,34.6500,26
40282481473959,11:11:22.481,34.6500,88
40405979784902,11:13:25.979,34.6200,36
40518309757697,11:15:18.309,34.6600,3
40518309757697,11:15:18.309,34.6600,97
40558803325672,11:15:58.803,34.6600,3
40558803325672,11:15:58.803,34.6600,27
40558803325672,11:15:58.803,34.6600,1
40612800680942,11:16:52.800,34.7000,50
40612800680942,11:16:52.800,34.7000,50
40676846731035,11:17:56.846,34.7000,50
40676846731035,11:17:56.846,34.7000,27
40757824852026,11:19:17.824,34.7100,6
40757824852026,11:19:17.824,34.7100,100
40757826809449,11:19:17.826,34.7300,94
40757826834078,11:19:17.826,34.7300,6
40760015196280,11:19:20.015,34.7100,100
40760015196280,11:19:20.015,34.7000,100
40764891110811,11:19:24.891,34.6900,63
40764891145303,11:19:24.891,34.6900,37
40764891145303,11:19:24.891,34.6900,26
40764891147406,11:19:24.891,34.6900,74
40878198269163,11:21:18.198,34.6700,100
40878198269163,11:21:18.198,34.6700,100
40900606861931,11:21:40.606,34.6600,200
40900606861931,11:21:40.606,34.6500,2400
40900606896885,11:21:40.606,34.6500,100
40900606896885,11:21:40.606,34.6500,100
40900832748209,11:21:40.832,34.6300,100
40900832748209,11:21:40.832,34.6300,100
40900832748209,11:21:40.832,34.6300,100
40910411602620,11:21:50.411,34.6300,100
40990781321238,11:23:10.781,34.5400,99
40990781351100,11:23:10.781,34.5400,1
40990781351100,11:23:10.781,34.5400,100
40990826744982,11:23:10.826,34.5600,100
41009723885077,11:23:29.723,34.5200,57
41136880455546,11:25:36.880,34.5600,200
41136880455546,11:25:36.880,34.5600,300
41136903743400,11:25:36.903,34.5600,200
41139410202104,11:25:39.410,34.5100,17
41152575150130,11:25:52.575,34.5000,100
41154336103466,11:25:54.336,34.5000,1
41181891807488,11:26:21.891,34.4800,100
41184995040132,11:26:24.995,34.4700,100
41185977908882,11:26:25.977,34.4700,1
41187852380446,11:26:27.852,34.5000,100
41187852380446,11:26:27.852,34.5000,100
41187852628544,11:26:27.852,34.5000,3
41187852628544,11:26:27.852,34.5000,1
41187852930210,11:26:27.852,34.5000,100
41188543255316,11:26:28.543,34.5100,94
41188543280428,11:26:28.543,34.5100,6
41202177585028,11:26:42.177,34.5000,100
41202178242655,11:26:42.178,34.5200,100
41202178242655,11:26:42.178,34.5200,100
41202178242655,11:26:42.178,34.5200,100
41202178703606,11:26:42.178,34.5200,100
41202178798925,11:26:42.178,34.5200,100
41202254024506,11:26:42.254,34.5200,100
41202254024506,11:26:42.254,34.5100,100
41203472222066,11:26:43.472,34.5100,88
41259445920186,11:27:39.445,34.4800,100
41275309452998,11:27:55.309,34.4800,100
41278777508008,11:27:58.777,34.4800,200
41293971767853,11:28:13.971,34.4500,58
41303510494926,11:28:23.510,34.4300,1
41409834092782,11:30:09.834,34.4700,20
41409842503279,11:30:09.842,34.4700,80
41409843121034,11:30:09.843,34.4800,100
41409843121034,11:30:09.843,34.4800,100
41458627791468,11:30:58.627,34.4900,6
41458627821351,11:30:58.627,34.4900,94
41466205611939,11:31:06.205,34.5000,145
41466205636287,11:31:06.205,34.5000,485
41466205912543,11:31:06.205,34.5100,100
41466205912543,11:31:06.205,34.5100,100
41489003643203,11:31:29.003,34.5000,100
41498948283449,11:31:38.948,34.5000,100
41499071300438,11:31:39.071,34.5000,100
41499071686424,11:31:39.071,34.5000,94
41499071700905,11:31:39.071,34.5100,100
41499071700905,11:31:39.071,34.5100,84
41499071794818,11:31:39.071,34.5100,8
41499071800765,11:31:39.071,34.5100,8
41526250377502,11:32:06.250,34.5000,1
41583821618225,11:33:03.821,34.5100,39
41586301606665,11:33:06.301,34.5400,100
41586301606665,11:33:06.301,34.5400,100
41586301956632,11:33:06.301,34.5500,78
41586302789878,11:33:06.302,34.5500,122
41586302789878,11:33:06.302,34.5500,20
41625203279613,11:33:45.203,34.5700,79
41625203291204,11:33:45.203,34.5700,21
41625203291204,11:33:45.203,34.5700,27
41625289684854,11:33:45.289,34.6000,100
41625289684854,11:33:45.289,34.6000,64
41625289695037,11:33:45.289,34.6000,36
41654735330802,11:34:14.735,34.6100,91
41655669441986,11:34:15.669,34.6100,19
41655669476250,11:34:15.669,34.6100,81
41655669476250,11:34:15.669,34.6100,100
41655669476250,11:34:15.669,34.6100,100
41669649074236,11:34:29.649,34.6300,2
41709973135836,11:35:09.973,34.6400,100
41709974564889,11:35:09.974,34.6400,1
41736867927882,11:35:36.867,34.6000,100
41744947163956,11:35:44.947,34.6200,100
41744947163956,11:35:44.947,34.6200,5
41744947163956,11:35:44.947,34.6200,5
41786710446779,11:36:26.710,34.5800,72
41786806746710,11:36:26.806,34.5900,100
41828600735228,11:37:08.600,34.5800,100
41828685761005,11:37:08.685,34.5700,99
41828685761005,11:37:08.685,34.5700,1
41834918486519,11:37:14.918,34.5700,359
41834918522168,11:37:14.918,34.5700,141
41834919416838,11:37:14.919,34.5800,100
41847987374834,11:37:27.987,34.5600,28
41847987374834,11:37:27.987,34.5600,72
41847987406324,11:37:27.987,34.5600,28
41848936928564,11:37:28.936,34.5500,100
41872189404859,11:37:52.189,34.5000,274
41872189442587,11:37:52.189,34.5000,2726
41872189442587,11:37:52.189,34.5000,100
41900839076358,11:38:20.839,34.4100,50
41922795828870,11:38:42.795,34.4000,50
41959531622325,11:39:19.531,34.4000,100
41959531622325,11:39:19.531,34.4000,100
41959531651604,11:39:19.531,34.4000,19
41959531694234,11:39:19.531,34.4100,58
41959531711581,11:39:19.531,34.4100,19
41959531751741,11:39:19.531,34.4100,23
41959531751741,11:39:19.531,34.4100,36
41959531760011,11:39:19.531,34.4100,64
41959531889048,11:39:19.531,34.4100,77
41959543855502,11:39:19.543,34.4100,23
41959543855502,11:39:19.543,34.4100,100
41994945548020,11:39:54.945,34.4250,200
42020330006095,11:40:20.330,34.4400,100
42020330006095,11:40:20.330,34.4400,100
42020330006095,11:40:20.330,34.4400,100
42095873985463,11:41:35.873,34.4500,100
42095874000975,11:41:35.874,34.4500,64
42095874192265,11:41:35.874,34.4500,100
42095874192265,11:41:35.874,34.4500,36
42095874192265,11:41:35.874,34.4600,17
42095874198135,11:41:35.874,34.4600,49
42095874314355,11:41:35.874,34.4600,34
42095874314355,11:41:35.874,34.4600,2
42095874314355,11:41:35.874,34.4600,100
42096375149371,11:41:36.375,34.4600,100
42164011349565,11:42:44.011,34.4600,100
42165936677310,11:42:45.936,34.5100,94
42165936716773,11:42:45.936,34.5100,6
42165936716773,11:42:45.936,34.5100,27
42165937019615,11:42:45.937,34.5100,100
42361230094220,11:46:01.230,34.4800,100
42361230255895,11:46:01.230,34.4800,100
42361230255895,11:46:01.230,34.4800,100
42422104581394,11:47:02.104,34.4800,100
42422122869964,11:47:02.122,34.4900,400
42422122905659,11:47:02.122,34.4900,100
42422122937843,11:47:02.122,34.4900,100
42422123386003,11:47:02.123,34.4900,76
42422123413148,11:47:02.123,34.4900,32
42422123414398,11:47:02.123,34.4900,192
42424981711964,11:47:04.981,34.4950,100
42424981751315,11:47:04.981,34.4950,200
42425053588254,11:47:05.053,34.4600,100
42425053588254,11:47:05.053,34.4600,100
42425053588254,11:47:05.053,34.4600,100
42425054046163,11:47:05.054,34.4600,100
42476255377256,11:47:56.255,34.4500,20
42512845926657,11:48:32.845,34.4100,54
42536396422227,11:48:56.396,34.4100,46
42538837435911,11:48:58.837,34.4000,235
42538837441360,11:48:58.837,34.4000,65
42563840815796,11:49:23.840,34.4000,100
42563953116326,11:49:23.953,34.3800,29
42563963844673,11:49:23.963,34.4000,200
42563963870030,11:49:23.963,34.4000,1
42563969782707,11:49:23.969,34.4000,100
42602502558090,11:50:02.502,34.3700,100
42677786863444,11:51:17.786,34.3500,100
42677789864696,11:51:17.789,34.3400,49
42677790315432,11:51:17.790,34.3500,100
42677790494570,11:51:17.790,34.3500,100
42677790494570,11:51:17.790,34.3500,100
42677790494570,11:51:17.790,34.3500,15
42685881360301,11:51:25.881,34.3300,100
42695950262967,11:51:35.950,34.3200,100
42695950262967,11:51:35.950,34.3200,100
42695950424997,11:51:35.950,34.3200,100
42701949736522,11:51:41.949,34.3000,1
42701949736522,11:51:41.949,34.2900,100
42701949736522,11:51:41.949,34.2900,99
42701949769843,11:51:41.949,34.2900,1
42702071107212,11:51:42.071,34.2800,300
42702071107212,11:51:42.071,34.2800,100
42702071107212,11:51:42.071,34.2800,100
42712377028423,11:51:52.377,34.2600,100
42747052111410,11:52:27.052,34.2000,100
42747052266369,11:52:27.052,34.2000,200
42747052266369,11:52:27.052,34.2000,40
42748866048105,11:52:28.866,34.2000,100
42788707235616,11:53:08.707,34.2100,128
42788707240224,11:53:08.707,34.2100,83
42788707244336,11:53:08.707,34.2100,58
42788707244866,11:53:08.707,34.2100,59
42788707262380,11:53:08.707,34.2100,272
42788707262380,11:53:08.707,34.2100,3
42788707262380,11:53:08.707,34.2100,200
42788707270833,11:53:08.707,34.2100,234
42788707273412,11:53:08.707,34.2100,166
42788708064913,11:53:08.708,34.2200,100
42788708064913,11:53:08.708,34.2300,27
42788708410485,11:53:08.708,34.2300,73
42788708410485,11:53:08.708,34.2300,27
42849726189081,11:54:09.726,34.2200,100
42885147965727,11:54:45.147,34.2400,100
42902266525198,11:55:02.266,34.2200,59
42902266685171,11:55:02.266,34.2200,141
42902266685171,11:55:02.266,34.2200,59
42902266729694,11:55:02.266,34.2200,59
42902266838846,11:55:02.266,34.2200,82
42902266838846,11:55:02.266,34.2200,82
42902266887514,11:55:02.266,34.2200,18
42941318292283,11:55:41.318,34.1900,100
42966501515430,11:56:06.501,34.1900,100
42976473086547,11:56:16.473,34.1800,100
42976490949307,11:56:16.490,34.1800,100
42981261926173,11:56:21.261,34.1800,77
42981261931869,11:56:21.261,34.1800,23
42981261949686,11:56:21.261,34.1900,1
42983471190952,11:56:23.471,34.1800,175
42983471191502,11:56:23.471,34.1800,25
42983471271147,11:56:23.471,34.1800,55
42983471297854,11:56:23.471,34.1800,90
42983471396176,11:56:23.471,34.1800,25
42983471424447,11:56:23.471,34.1800,30
43039475372193,11:57:19.475,34.1800,300
43039475397029,11:57:19.475,34.1800,100
43039475399514,11:57:19.475,34.1800,100
43039475406286,11:57:19.475,34.1800,100
43039475409628,11:57:19.475,34.1800,100
43051912245569,11:57:31.912,34.1900,98
43054734921787,11:57:34.734,34.1700,200
43075234453986,11:57:55.234,34.1500,78
43075234455239,11:57:55.234,34.1500,59
43075234455729,11:57:55.234,34.1500,58
43075234657627,11:57:55.234,34.1500,55
43075234657627,11:57:55.234,34.1500,4
43082130299286,11:58:02.130,34.1800,6
43082130299286,11:58:02.130,34.1900,94
43082130539151,11:58:02.130,34.1900,6
43082130539151,11:58:02.130,34.1900,100
43094869547473,11:58:14.869,34.1700,56
43133027037399,11:58:53.027,34.2000,50
43133027037399,11:58:53.027,34.2000,50
43133027078531,11:58:53.027,34.2000,50
43133027078531,11:58:53.027,34.2000,100
43133027078531,11:58:53.027,34.2000,29
43133027084277,11:58:53.027,34.2000,58
43133027093610,11:58:53.027,34.2000,13
43133027093610,11:58:53.027,34.2000,58
43133027094402,11:58:53.027,34.2000,13
43133027118728,11:58:53.027,34.2000,29
43200629495407,12:00:00.629,34.2300,63
43200679684989,12:00:00.679,34.2300,37
43200679684989,12:00:00.679,34.2300,100
43200682904339,12:00:00.682,34.2400,100
43200682904339,12:00:00.682,34.2400,100
43200682904339,12:00:00.682,34.2400,100
43200682975011,12:00:00.682,34.2500,100
43205661052979,12:00:05.661,34.2400,94
43205661116442,12:00:05.661,34.2400,6
43205661116442,12:00:05.661,34.2400,21
43205661170833,12:00:05.661,34.2400,79
43228550354199,12:00:28.550,34.2700,10
43294821249343,12:01:34.821,34.2400,10
43294821249343,12:01:34.821,34.2400,100
43294821249343,12:01:34.821,34.2400,90
43294821280123,12:01:34.821,34.2400,10
43294821286662,12:01:34.821,34.2400,10
43294821294188,12:01:34.821,34.2400,10
43294821306368,12:01:34.821,34.2400,75
43294821482096,12:01:34.821,34.2400,5
43294879866162,12:01:34.879,34.2300,94
43302693429718,12:01:42.693,34.2300,57
43302693434415,12:01:42.693,34.2300,43
43321804596097,12:02:01.804,34.2000,1
43348199230493,12:02:28.199,34.2100,100
43348199230493,12:02:28.199,34.2100,100
43348199263505,12:02:28.199,34.2100,300
43348199263505,12:02:28.199,34.2100,27
43348199266692,12:02:28.199,34.2100,100
43348199266692,12:02:28.199,34.2100,108
43348199272014,12:02:28.199,34.2100,141
43348199274936,12:02:28.199,34.2100,55
43348199308832,12:02:28.199,34.2100,27
43348199461601,12:02:28.199,34.2100,169
43417725535412,12:03:37.725,34.2100,50
43433559019567,12:03:53.559,34.2000,48
43496706027562,12:04:56.706,34.1800,20
43496708151878,12:04:56.708,34.1700,600
43496742383301,12:04:56.742,34.1400,79
43496742409619,12:04:56.742,34.1400,21
43501144718096,12:05:01.144,34.1600,1
43510843215039,12:05:10.843,34.1400,100
43510843245648,12:05:10.843,34.1400,200
43510843245648,12:05:10.843,34.1400,2
43510843297037,12:05:10.843,34.1400,2
43510843313845,12:05:10.843,34.1400,11
43510843596012,12:05:10.843,34.1400,23
43511860655438,12:05:11.860,34.1300,100
43511860738524,12:05:11.860,34.1300,100
43511861247611,12:05:11.861,34.1300,100
43518117670800,12:05:18.117,34.1400,100
43527245347626,12:05:27.245,34.1400,94
43527245374719,12:05:27.245,34.1400,70
43527245374719,12:05:27.245,34.1400,11
43527245443427,12:05:27.245,34.1400,81
43527245475372,12:05:27.245,34.1400,19
43579152175724,12:06:19.152,34.1100,94
43579152215308,12:06:19.152,34.1100,6
43579152216768,12:06:19.152,34.1100,6
43579152237548,12:06:19.152,34.1100,94
43579152237548,12:06:19.152,34.1000,50
43580155485871,12:06:20.155,34.0900,100
43597383079160,12:06:37.383,34.1300,100
43597383079160,12:06:37.383,34.1300,2
43601913664648,12:06:41.913,34.1300,93
43601913707500,12:06:41.913,34.1300,55
43626148192405,12:07:06.148,34.1300,55
43626148217891,12:07:06.148,34.1300,197
43626148217891,12:07:06.148,34.1300,3
43626148264121,12:07:06.148,34.1300,3
43626148780206,12:07:06.148,34.1300,400
43626148808163,12:07:06.148,34.1300,100
43626153877791,12:07:06.153,34.1300,97
43626239149159,12:07:06.239,34.1300,100
43626809151582,12:07:06.809,34.1100,300
43626809151582,12:07:06.809,34.1100,100
43713098514606,12:08:33.098,34.0900,38
43723923518476,12:08:43.923,34.1000,100
43745323255153,12:09:05.323,34.1300,10
43745323257257,12:09:05.323,34.1300,90
43752208673031,12:09:12.208,34.1100,33
43755255669273,12:09:15.255,34.1100,67
43755255669273,12:09:15.255,34.1100,33
43783143466539,12:09:43.143,34.1300,100
43907279428083,12:11:47.279,34.0800,100
43907279453916,12:11:47.279,34.0800,3
43907315446297,12:11:47.315,34.1000,27
43933790296274,12:12:13.790,34.1300,100
43933790338084,12:12:13.790,34.1300,27
43933790338084,12:12:13.790,34.1300,500
43933790340881,12:12:13.790,34.1300,527
43933790399914,12:12:13.790,34.1300,10
43933790521820,12:12:13.790,34.1300,63
43933790573197,12:12:13.790,34.1400,10
43933790584387,12:12:13.790,34.1500,21
43951852747265,12:12:31.852,34.1300,100
43951852747265,12:12:31.852,34.1300,100
43990524759013,12:13:10.524,34.1600,20
43990525144441,12:13:10.525,34.1600,80
43990525144441,12:13:10.525,34.1600,20
43992101548527,12:13:12.101,34.1600,80
43992101548527,12:13:12.101,34.1600,20
43993761003358,12:13:13.761,34.1600,80
43993761003358,12:13:13.761,34.1600,20
43995091037260,12:13:15.091,34.1600,80
43995091037260,12:13:15.091,34.1600,20
44000696121274,12:13:20.696,34.1300,59
44004551499624,12:13:24.551,34.1600,80
44004551499624,12:13:24.551,34.1700,20
44024034037212,12:13:44.034,34.1700,80
44063390938280,12:14:23.390,34.2100,100
44064752710458,12:14:24.752,34.2100,100
44071606694387,12:14:31.606,34.2200,100
44071606694387,12:14:31.606,34.2200,100
44071606751018,12:14:31.606,34.2200,1
44073634571076,12:14:33.634,34.2200,100
44073634571076,12:14:33.634,34.2200,100
44105085643360,12:15:05.085,34.2300,300
44105085643360,12:15:05.085,34.2400,500
44106726091629,12:15:06.726,34.2400,800
44106726122038,12:15:06.726,34.2400,664
44106726246943,12:15:06.726,34.2400,36
44106726246943,12:15:06.726,34.2400,100
44106726246943,12:15:06.726,34.2400,100
44106726246943,12:15:06.726,34.2400,664
44108555055617,12:15:08.555,34.2300,100
44108555055617,12:15:08.555,34.2400,700
44110186267883,12:15:10.186,34.2000,200
44110186297400,12:15:10.186,34.2000,300
44110186297400,12:15:10.186,34.2000,1
44110186297400,12:15:10.186,34.2000,100
44110187085888,12:15:10.187,34.1900,1
44110206013478,12:15:10.206,34.1800,100
44116925088458,12:15:16.925,34.1900,100
44116925149030,12:15:16.925,34.1900,100
44125355295757,12:15:25.355,34.1600,100
44125355295757,12:15:25.355,34.1600,100
44125356251492,12:15:25.356,34.1400,100
44125356251492,12:15:25.356,34.1400,100
44127276767738,12:15:27.276,34.1400,100
44130692355101,12:15:30.692,34.1100,1
44130693003069,12:15:30.693,34.1000,5
44169511552023,12:16:09.511,34.1200,2
44169511695192,12:16:09.511,34.1200,2
44172022984808,12:16:12.022,34.1200,19
44195786341551,12:16:35.786,34.1200,2
44208041841115,12:16:48.041,34.1200,79
44208041841115,12:16:48.041,34.1200,21
44210487171331,12:16:50.487,34.1200,79
44210487171331,12:16:50.487,34.1200,21
44219516401070,12:16:59.516,34.1200,79
44219516401070,12:16:59.516,34.1200,100
44219516401070,12:16:59.516,34.1200,21
44219546084444,12:16:59.546,34.1200,75
44221992948141,12:17:01.992,34.1300,300
44221993191724,12:17:01.993,34.1300,100
44221993286506,12:17:01.993,34.1300,200
44223873774761,12:17:03.873,34.1300,100
44223873774761,12:17:03.873,34.1400,100
44223873774761,12:17:03.873,34.1400,200
44224463381428,12:17:04.463,34.1400,100
44224463381428,12:17:04.463,34.1300,100
44232447063362,12:17:12.447,34.1000,1
44241939174789,12:17:21.939,34.0600,100
44241940645476,12:17:21.940,34.0700,30
44287693624312,12:18:07.693,34.0300,100
44287703419625,12:18:07.703,34.0200,2
44287703445421,12:18:07.703,34.0200,498
44288922319757,12:18:08.922,34.0000,56
44288922395958,12:18:08.922,34.0000,144
44288922395958,12:18:08.922,34.0000,100
44288922395958,12:18:08.922,34.0000,13
44288922435933,12:18:08.922,34.0000,55
44288922690504,12:18:08.922,34.0000,32
44288922690504,12:18:08.922,34.0000,1
44289192646555,12:18:09.192,33.9900,100
44294922300875,12:18:14.922,33.9900,61
44294924627080,12:18:14.924,34.0000,100
44295200280431,12:18:15.200,34.0100,100
44295200304311,12:18:15.200,34.0100,100
44295200304311,12:18:15.200,34.0100,100
44295200306724,12:18:15.200,34.0100,200
44301131753206,12:18:21.131,34.0300,100
44301131753206,12:18:21.131,34.0300,22
44301131753206,12:18:21.131,34.0300,99
44301131772042,12:18:21.131,34.0300,1
44368930915019,12:19:28.930,34.0600,100
44368930915019,12:19:28.930,34.0600,100
44368931792503,12:19:28.931,34.0600,100
44368931792503,12:19:28.931,34.0600,100
44395150332062,12:19:55.150,34.0900,100
44446113503550,12:20:46.113,34.1000,100
44446113503550,12:20:46.113,34.1000,100
44446113503550,12:20:46.113,34.1000,100
44446113503550,12:20:46.113,34.1000,100
44446114038884,12:20:46.114,34.1000,100
44446114038884,12:20:46.114,34.1000,100
44497309918081,12:21:37.309,34.1100,10
44497309946731,12:21:37.309,34.1100,2990
44499945816187,12:21:39.945,34.0900,5
44506923521213,12:21:46.923,34.0900,20
44529585844741,12:22:09.585,34.1000,4
44529585844741,12:22:09.585,34.1000,200
44529585860441,12:22:09.585,34.1000,110
44529585867838,12:22:09.585,34.1000,90
44546932312550,12:22:26.932,34.1200,100
44546932351279,12:22:26.932,34.1200,100
44564327309398,12:22:44.327,34.1100,3
44615854472690,12:23:35.854,34.0700,53
44631181573776,12:23:51.181,34.0700,47
44631181573776,12:23:51.181,34.0700,53
44631181603323,12:23:51.181,34.0700,47
44644582331079,12:24:04.582,34.0500,70
44689082714095,12:24:49.082,34.0400,8
44689083358133,12:24:49.083,34.0400,92
44692829527511,12:24:52.829,34.0100,50
44692830064809,12:24:52.830,34.0000,38
44692830093166,12:24:52.830,34.0000,12
44694143665409,12:24:54.143,33.9900,100
44694143665409,12:24:54.143,33.9900,100
44694186772887,12:24:54.186,33.9500,30
44694186783551,12:24:54.186,33.9400,100
44694186783551,12:24:54.186,33.9100,30
44751750299640,12:25:51.750,33.9400,60
44751750302954,12:25:51.750,33.9400,55
44751750303404,12:25:51.750,33.9400,221
44751750304967,12:25:51.750,33.9400,55
44751750311825,12:25:51.750,33.9400,2609
44774998325767,12:26:14.998,33.9500,100
44789643584181,12:26:29.643,33.9300,20
44789643617809,12:26:29.643,33.9200,1198
44789643827966,12:26:29.643,33.9200,220
44789643830407,12:26:29.643,33.9200,110
44789643854663,12:26:29.643,33.9200,1952
44789643854663,12:26:29.643,33.9200,100
44814875843791,12:26:54.875,33.9300,40
44814875843791,12:26:54.875,33.9300,30
44814875872265,12:26:54.875,33.9300,70
44814875872265,12:26:54.875,33.9300,30
44814875875945,12:26:54.875,33.9300,70
44832904153703,12:27:12.904,33.9000,200
44832904153703,12:27:12.904,33.9000,790
44836606934947,12:27:16.606,33.8700,20
44846318253502,12:27:26.318,33.8400,100
44846318349392,12:27:26.318,33.8400,20
44846324986308,12:27:26.324,33.8400,200
44846325055366,12:27:26.325,33.8400,100
44846325140159,12:27:26.325,33.8400,114
44846325165677,12:27:26.325,33.8400,86
44846325249780,12:27:26.325,33.8400,100
44846325280778,12:27:26.325,33.8400,100
44846325521598,12:27:26.325,33.8400,94
44846325776803,12:27:26.325,33.8400,6
44847833104215,12:27:27.833,33.8400,3
44847833104215,12:27:27.833,33.8400,97
44847833155286,12:27:27.833,33.8400,3
44873815365740,12:27:53.815,33.8200,20
44885520034139,12:28:05.520,33.8200,58
44885520061685,12:28:05.520,33.8200,1552
44885520478345,12:28:05.520,33.8300,200
44885520971761,12:28:05.520,33.8300,100
44885522054145,12:28:05.522,33.8300,100
44888464610993,12:28:08.464,33.8100,34
44897298875727,12:28:17.298,33.8400,100
44908888817921,12:28:28.888,33.8500,80
44908901282780,12:28:28.901,33.8400,100
44908901834164,12:28:28.901,33.8400,100
44940128510302,12:29:00.128,33.8400,65
44940128517174,12:29:00.128,33.8400,35
44940128517174,12:29:00.128,33.8400,27
45043465770016,12:30:43.465,33.8900,50
45054661824500,12:30:54.661,33.8750,100
45063030931368,12:31:03.030,33.8750,13
45063030964685,12:31:03.030,33.8750,2
45136276988075,12:32:16.276,33.8900,100
45213066842327,12:33:33.066,33.8600,100
45213070181739,12:33:33.070,33.8600,100
45213070691996,12:33:33.070,33.8500,59
45214986481972,12:33:34.986,33.8500,41
45215715684685,12:33:35.715,33.8400,100
45275455383990,12:34:35.455,33.8400,100
45275455419970,12:34:35.455,33.8400,27
45275455695344,12:34:35.455,33.8400,90
45275456644205,12:34:35.456,33.8400,100
45275456690061,12:34:35.456,33.8400,10
45280991883389,12:34:40.991,33.8600,90
45280991899443,12:34:40.991,33.8600,10
45292402335562,12:34:52.402,33.8600,6
45292403551595,12:34:52.403,33.8600,194
45313714705602,12:35:13.714,33.9200,100
45313714734536,12:35:13.714,33.9200,300
45408192683533,12:36:48.192,33.9200,100
45408192721471,12:36:48.192,33.9200,15
45408192912647,12:36:48.192,33.9200,15
45433149401685,12:37:13.149,33.9200,94
45433149432671,12:37:13.149,33.9200,91
45433149432671,12:37:13.149,33.9200,100
45473019334308,12:37:53.019,33.9400,100
45473020560220,12:37:53.020,33.9400,2
45473020687726,12:37:53.020,33.9400,1
45473026784880,12:37:53.026,33.9400,62
45494582001322,12:38:14.582,33.9300,42
45624593507892,12:40:24.593,34.0000,100
45624593507892,12:40:24.593,34.0000,100
45624593507892,12:40:24.593,34.0000,100
45630051670574,12:40:30.051,34.0000,100
45630052756352,12:40:30.052,34.0000,200
45630054736120,12:40:30.054,33.9900,100
45630055343023,12:40:30.055,33.9800,78
45647821985152,12:40:47.821,33.9900,212
45647822020849,12:40:47.822,33.9900,88
45647822020849,12:40:47.822,33.9900,3
45789524141782,12:43:09.524,34.0000,56
45831877349599,12:43:51.877,33.9900,100
46008048434237,12:46:48.048,34.0200,108
46008048478386,12:46:48.048,34.0200,92
46008048478386,12:46:48.048,34.0200,7
46008048478386,12:46:48.048,34.0200,2
46018052226899,12:46:58.052,34.0200,27
46074588039200,12:47:54.588,34.0000,35
46074588084090,12:47:54.588,34.0000,2965
46074588084090,12:47:54.588,34.0000,1
46074588382652,12:47:54.588,33.9900,36
46074588498251,12:47:54.588,33.9900,64
46098805161401,12:48:18.805,33.9700,43
46153646476891,12:49:13.646,33.9700,57
46153646476891,12:49:13.646,33.9700,43
46153646904678,12:49:13.646,33.9700,46
46180127424606,12:49:40.127,33.9700,11
46180127424606,12:49:40.127,33.9700,1
46180127424606,12:49:40.127,33.9600,88
46181949667108,12:49:41.949,33.9600,12
46181949667108,12:49:41.949,33.9600,1
46183473918011,12:49:43.473,33.9600,100
46191061389448,12:49:51.061,33.9800,2
46191061392582,12:49:51.061,33.9800,52
46191078236043,12:49:51.078,33.9800,46
46209166300903,12:50:09.166,34.0100,113
46213018413034,12:50:13.018,34.0100,100
46234071183166,12:50:34.071,34.0000,100
46418596862014,12:53:38.596,34.0000,36
46525882034000,12:55:25.882,34.0300,5
46525887144610,12:55:25.887,34.0200,100
46530493951397,12:55:30.493,34.0200,100
46535052705675,12:55:35.052,34.0200,100
46537320668308,12:55:37.320,34.0000,100
46541643867989,12:55:41.643,34.0000,64
46685938565851,12:58:05.938,34.0100,44
46736546567499,12:58:56.546,34.0500,100
46736546599778,12:58:56.546,34.0500,27
46803031599523,13:00:03.031,34.0600,100
46803031599523,13:00:03.031,34.0600,18
46803031924037,13:00:03.031,34.0600,60
46803031994772,13:00:03.031,34.0700,100
46803031994772,13:00:03.031,34.0700,100
46813244707712,13:00:13.244,34.0900,100
46857123403468,13:00:57.123,34.0800,65
46857123403468,13:00:57.123,34.0800,75
46857123800483,13:00:57.123,34.0800,25
46857123800483,13:00:57.123,34.0800,100
46857124093919,13:00:57.124,34.0800,100
46857124254873,13:00:57.124,34.0800,100
46857124282178,13:00:57.124,34.0800,100
46862107252271,13:01:02.107,34.0900,94
47001005639490,13:03:21.005,34.0600,8
47001005639490,13:03:21.005,34.0600,31
47001056788634,13:03:21.056,34.1000,100
47001057942858,13:03:21.057,34.1000,100
47121090285341,13:05:21.090,34.0800,20
47121090747544,13:05:21.090,34.0900,100
47121091124067,13:05:21.091,34.0900,100
47211500560295,13:06:51.500,34.0900,11
47211529869519,13:06:51.529,34.1000,100
47211551884727,13:06:51.551,34.1000,100
47213030950728,13:06:53.030,34.1100,100
47215926357120,13:06:55.926,34.1100,100
47215926357120,13:06:55.926,34.1100,50
47215926400462,13:06:55.926,34.1100,150
47216627369653,13:06:56.627,34.1000,100
47216627627536,13:06:56.627,34.1000,100
47308341958542,13:08:28.341,34.1000,15
47444463776425,13:10:44.463,34.1000,100
47444463803275,13:10:44.463,34.1000,100
47444463803275,13:10:44.463,34.1000,15
47444464341141,13:10:44.464,34.1000,185
47444464341141,13:10:44.464,34.1000,1
47580192966811,13:13:00.192,34.0600,30
47580192966811,13:13:00.192,34.0600,13
47590167564463,13:13:10.167,34.0500,48
47590167576939,13:13:10.167,34.0500,52
47591172088761,13:13:11.172,34.0400,100
47651686331734,13:14:11.686,34.0200,14
47848865667323,13:17:28.865,34.0600,200
47848865667323,13:17:28.865,34.0600,45
47848866682602,13:17:28.866,34.0700,88
47848866714310,13:17:28.866,34.0700,12
47849401070458,13:17:29.401,34.0800,100
47849401070458,13:17:29.401,34.0800,100
47854263033903,13:17:34.263,34.0800,30
47854263033903,13:17:34.263,34.0800,64
47854263070734,13:17:34.263,34.0800,36
47854304065380,13:17:34.304,34.0800,100
47854309570133,13:17:34.309,34.0900,100
47884238756098,13:18:04.238,34.1000,100
47911405029187,13:18:31.405,34.1200,86
47911405236208,13:18:31.405,34.1200,14
48028581890439,13:20:28.581,34.1000,9
48028581890439,13:20:28.581,34.1000,91
48028581922216,13:20:28.581,34.1000,9
48028581922216,13:20:28.581,34.1000,1
48028581922216,13:20:28.581,34.1000,20
48028581922216,13:20:28.581,34.1000,1
48045751504060,13:20:45.751,34.0800,100
48045753110725,13:20:45.753,34.0800,100
48045829898504,13:20:45.829,34.0700,100
48187862524092,13:23:07.862,34.0600,38
48257042645713,13:24:17.042,34.1000,18
48257042661515,13:24:17.042,34.1000,82
48257042661515,13:24:17.042,34.1000,50
48257042666096,13:24:17.042,34.1000,48
48257042857983,13:24:17.042,34.1000,2
48257046725339,13:24:17.046,34.1100,100
48257046725339,13:24:17.046,34.1100,100
48257046725339,13:24:17.046,34.1100,100
48301483939519,13:25:01.483,34.1300,94
48301483967974,13:25:01.483,34.1300,6
48301483967974,13:25:01.483,34.1300,100
48382119949448,13:26:22.119,34.1700,100
48382119949448,13:26:22.119,34.1700,100
48382119950292,13:26:22.119,34.1700,200
48429678887752,13:27:09.678,34.1750,88
48460239272044,13:27:40.239,34.1700,100
48460239272044,13:27:40.239,34.1700,100
48460239272044,13:27:40.239,34.1700,100
48460239352920,13:27:40.239,34.1700,100
48460240015461,13:27:40.240,34.1600,96
48460240019877,13:27:40.240,34.1600,4
48460241439549,13:27:40.241,34.1600,29
48460249524658,13:27:40.249,34.1600,68
48461133955191,13:27:41.133,34.1600,55
48461167119874,13:27:41.167,34.1600,45
48461167119874,13:27:41.167,34.1800,55
48461167341854,13:27:41.167,34.1800,45
48461167341854,13:27:41.167,34.1800,27
48462449626796,13:27:42.449,34.1900,70
48462449640174,13:27:42.449,34.1900,100
48684795868228,13:31:24.795,34.2100,100
48684797235222,13:31:24.797,34.2100,2
48793444474304,13:33:13.444,34.1800,38
48818099719892,13:33:38.099,34.1800,6
48818102437656,13:33:38.102,34.1800,94
48820404236914,13:33:40.404,34.1900,100
48832441805422,13:33:52.441,34.2000,94
48832442183344,13:33:52.442,34.2000,6
48832442403896,13:33:52.442,34.2100,100
48908247648011,13:35:08.247,34.1900,100
48964233108649,13:36:04.233,34.2300,100
48991243753438,13:36:31.243,34.2300,200
48991711997038,13:36:31.711,34.2200,100
49051031629708,13:37:31.031,34.2100,17
49051031672092,13:37:31.031,34.2100,83
49102668840156,13:38:22.668,34.1900,34
49353033346941,13:42:33.033,34.1900,2
49353033359530,13:42:33.033,34.1900,40
49353033359997,13:42:33.033,34.1900,44
49353033364560,13:42:33.033,34.1900,14
49372858527102,13:42:52.858,34.1700,30
49387144919645,13:43:07.144,34.1900,100
49388525720910,13:43:08.525,34.2100,100
49388525720910,13:43:08.525,34.2100,47
49388525759294,13:43:08.525,34.2100,45
49388527221410,13:43:08.527,34.2000,3
49388527266401,13:43:08.527,34.2000,97
49396075748583,13:43:16.075,34.2100,60
49396075786589,13:43:16.075,34.2100,40
49396075786589,13:43:16.075,34.2100,27
49396075819259,13:43:16.075,34.2100,29
49396075975927,13:43:16.075,34.2100,39
49396076002941,13:43:16.076,34.2100,61
49396076412708,13:43:16.076,34.2100,4
49410904365025,13:43:30.904,34.2000,5
49451455520890,13:44:11.455,34.2000,19
49513366377648,13:45:13.366,34.1800,5
49513366550472,13:45:13.366,34.1800,100
49515044529182,13:45:15.044,34.1850,100
49524947754880,13:45:24.947,34.1900,1
49592705237981,13:46:32.705,34.1900,100
49592714969516,13:46:32.714,34.1900,32
49592750136738,13:46:32.750,34.2150,200
49639575500772,13:47:19.575,34.2150,50
49639575728237,13:47:19.575,34.2150,50
49653845821252,13:47:33.845,34.2300,100
49653845845642,13:47:33.845,34.2300,100
49661962098303,13:47:41.962,34.2300,200
49661991191632,13:47:41.991,34.2300,100
49661991242088,13:47:41.991,34.2300,24
49661991242088,13:47:41.991,34.2400,38
49661991323977,13:47:41.991,34.2400,48
49661991503794,13:47:41.991,34.2400,14
49708576868493,13:48:28.576,34.2600,100
49708576868493,13:48:28.576,34.2800,100
49725148697766,13:48:45.148,34.2300,88
49725148704849,13:48:45.148,34.2300,88
49725148714837,13:48:45.148,34.2300,24
49725148714837,13:48:45.148,34.2300,100
49725148714837,13:48:45.148,34.2300,53
49725148721805,13:48:45.148,34.2300,47
49725182758140,13:48:45.182,34.2400,100
49734672158477,13:48:54.672,34.2400,100
49734672184377,13:48:54.672,34.2400,100
49979586516432,13:52:59.586,34.2500,100
49979586516432,13:52:59.586,34.2500,27
49983685874295,13:53:03.685,34.2500,100
50018109896629,13:53:38.109,34.2500,88
50018109899265,13:53:38.109,34.2500,12
50026051985762,13:53:46.051,34.2500,100
50091272143755,13:54:51.272,34.2300,30
50155009439037,13:55:55.009,34.2300,88
50155009461533,13:55:55.009,34.2300,12
50155009461533,13:55:55.009,34.2300,77
50155009854929,13:55:55.009,34.2300,23
50156305585757,13:55:56.305,34.2200,1
50156305585757,13:55:56.305,34.2200,100
50156305585757,13:55:56.305,34.2200,100
50156305585757,13:55:56.305,34.2200,99
50156305617267,13:55:56.305,34.2200,1
50156305825362,13:55:56.305,34.2200,2
50156306139410,13:55:56.306,34.2200,98
50156306139410,13:55:56.306,34.2200,100
50156307101559,13:55:56.307,34.2200,100
50160668405993,13:56:00.668,34.2400,100
50214228890107,13:56:54.228,34.2500,100
50214228890107,13:56:54.228,34.2600,100
50214230354843,13:56:54.230,34.2600,1
50319109676601,13:58:39.109,34.2200,39
50328732194352,13:58:48.732,34.2400,1
50336354454595,13:58:56.354,34.2100,95
50363110984612,13:59:23.110,34.2100,100
50363111582329,13:59:23.111,34.2000,100
50363111582329,13:59:23.111,34.2000,100
50395468541924,13:59:55.468,34.2100,88
50395468581771,13:59:55.468,34.2100,12
50402686691561,14:00:02.686,34.2200,100
50402690896538,14:00:02.690,34.2300,94
50402701864613,14:00:02.701,34.2200,20
50407230290154,14:00:07.230,34.2800,600
50407232054364,14:00:07.232,34.3000,100
50415806921585,14:00:15.806,34.3300,100
50446886908284,14:00:46.886,34.3300,100
50446888259818,14:00:46.888,34.3200,100
50446888259818,14:00:46.888,34.3200,4
50446888259818,14:00:46.888,34.3200,96
50446888626747,14:00:46.888,34.3200,4
50446888853264,14:00:46.888,34.3000,400
50447003728777,14:00:47.003,34.3600,100
50449505850268,14:00:49.505,34.3200,56
50594209989219,14:03:14.209,34.3200,34
50600676192807,14:03:20.676,34.3800,4
50600676221549,14:03:20.676,34.3800,23
50647115203637,14:04:07.115,34.4600,100
50647115203637,14:04:07.115,34.4600,100
50653371916457,14:04:13.371,34.4700,40
50653371924158,14:04:13.371,34.4700,41
50653371925649,14:04:13.371,34.4700,19
50653371925649,14:04:13.371,34.4700,77
50653371930605,14:04:13.371,34.4700,23
50680180633092,14:04:40.180,34.5300,2
50680180650108,14:04:40.180,34.5300,74
50680180658484,14:04:40.180,34.5300,12
50680180673534,14:04:40.180,34.5300,12
50680180673534,14:04:40.180,34.5400,28
50680180680286,14:04:40.180,34.5400,40
50680180801338,14:04:40.180,34.5400,32
50680181045508,14:04:40.181,34.5500,4
50732064076794,14:05:32.064,34.5500,5
50732064101942,14:05:32.064,34.5400,51
50732064207567,14:05:32.064,34.5500,100
50732069906886,14:05:32.069,34.5500,6
50732069906886,14:05:32.069,34.5500,19
50736389391502,14:05:36.389,34.5300,200
50896438318938,14:08:16.438,34.5200,37
50944469090944,14:09:04.469,34.5600,100
50944469114609,14:09:04.469,34.5600,27
50944474564555,14:09:04.474,34.5700,100
50954142187877,14:09:14.142,34.6000,200
50954143645944,14:09:14.143,34.6000,2
50954143814130,14:09:14.143,34.6000,1
50954144031006,14:09:14.144,34.6000,150
50954144173695,14:09:14.144,34.6000,437
50963645701850,14:09:23.645,34.5900,20
51035147147213,14:10:35.147,34.5800,51
51035147147213,14:10:35.147,34.5900,49
51035737473636,14:10:35.737,34.5900,51
51044888339330,14:10:44.888,34.6200,100
51044888681682,14:10:44.888,34.6200,100
51056532868003,14:10:56.532,34.6300,100
51056532868003,14:10:56.532,34.6300,21
51056532871607,14:10:56.532,34.6300,41
51056532884697,14:10:56.532,34.6300,38
51056533499979,14:10:56.533,34.6400,6
51058330963164,14:10:58.330,34.6400,1
51059667082351,14:10:59.667,34.6400,43
51060539819659,14:11:00.539,34.6500,104
51060539819659,14:11:00.539,34.6500,100
51066801296122,14:11:06.801,34.6700,2
51066801326991,14:11:06.801,34.6700,98
51096367397288,14:11:36.367,34.7100,5
51112367823124,14:11:52.367,34.7100,172
51112368205458,14:11:52.368,34.7100,63
51112368205458,14:11:52.368,34.7100,100
51112368205458,14:11:52.368,34.7100,5
51112368542988,14:11:52.368,34.7000,30
51112368571352,14:11:52.368,34.7000,70
51112368571352,14:11:52.368,34.7000,100
51112369201130,14:11:52.369,34.7000,1
51120016233294,14:12:00.016,34.7600,100
51120016233294,14:12:00.016,34.7600,100
51120034874672,14:12:00.034,34.7800,100
51120036171221,14:12:00.036,34.7800,2
51146243847862,14:12:26.243,34.7700,4
51162110862190,14:12:42.110,34.7500,100
51162110880356,14:12:42.110,34.7500,100
51162126935498,14:12:42.126,34.7600,100
51162126935498,14:12:42.126,34.7600,100
51162126938505,14:12:42.126,34.7600,100
51162126959979,14:12:42.126,34.7700,96
51162126959979,14:12:42.126,34.7700,44
51166881033537,14:12:46.881,34.7700,2
51176984501807,14:12:56.984,34.7700,98
51176984501807,14:12:56.984,34.7700,2
51176984576563,14:12:56.984,34.7700,98
51205304979700,14:13:25.304,34.7500,36
51210967679280,14:13:30.967,34.7800,98
51212974838867,14:13:32.974,34.7900,46
51255856646580,14:14:15.856,34.7900,100
51261512744243,14:14:21.512,34.8000,4
51261512771305,14:14:21.512,34.8000,996
51261512771305,14:14:21.512,34.8000,100
51261512771305,14:14:21.512,34.8000,100
51263409908957,14:14:23.409,34.8300,8
51300176350244,14:15:00.176,34.8100,6
51300190318431,14:15:00.190,34.8000,25
51300190510614,14:15:00.190,34.8000,75
51300190510614,14:15:00.190,34.8000,100
51300254097947,14:15:00.254,34.7900,100
51301287963984,14:15:01.287,34.7900,36
51301287997051,14:15:01.287,34.7900,64
51301289104902,14:15:01.289,34.7800,88
51301289129923,14:15:01.289,34.7800,12
51301289250993,14:15:01.289,34.7700,100
51301289250993,14:15:01.289,34.7700,500
51301291062312,14:15:01.291,34.7600,2
51301291090465,14:15:01.291,34.7600,49
51306498668393,14:15:06.498,34.7700,100
51385572015905,14:16:25.572,34.7600,27
51385739846629,14:16:25.739,34.7800,1
51400299997403,14:16:40.299,34.7800,99
51400439267700,14:16:40.439,34.7900,8
51400696378931,14:16:40.696,34.7900,3
51416281852053,14:16:56.281,34.7700,2
51416281852053,14:16:56.281,34.7700,4
51442141468206,14:17:22.141,34.7800,100
51462635685014,14:17:42.635,34.7300,20
51462635694921,14:17:42.635,34.7300,10
51462635707963,14:17:42.635,34.7200,80
51462635721383,14:17:42.635,34.7200,20
51462635722694,14:17:42.635,34.7200,20
51501397390777,14:18:21.397,34.7000,40
51542112453751,14:19:02.112,34.7000,100
51635665389829,14:20:35.665,34.7000,82
51635665431101,14:20:35.665,34.7000,15
51635665431720,14:20:35.665,34.7000,40
51635665460989,14:20:35.665,34.7000,3
51635670423545,14:20:35.670,34.7000,40
51635670503332,14:20:35.670,34.7000,60
51635670508227,14:20:35.670,34.7000,60
51635670508227,14:20:35.670,34.7000,1
51635670508227,14:20:35.670,34.7000,21
51635671982393,14:20:35.671,34.7000,19
51635673378334,14:20:35.673,34.7000,12
51635673378334,14:20:35.673,34.7000,60
51654130515481,14:20:54.130,34.7200,85
51654130527025,14:20:54.130,34.7200,15
51654130530791,14:20:54.130,34.7200,15
51654130928818,14:20:54.130,34.7200,15
51654283810741,14:20:54.283,34.7200,70
51654284831122,14:20:54.284,34.7200,30
51654545599707,14:20:54.545,34.7200,70
51683350755046,14:21:23.350,34.7400,100
51683350755046,14:21:23.350,34.7400,100
51683350768033,14:21:23.350,34.7400,100
51683350768033,14:21:23.350,34.7400,46
51683350771303,14:21:23.350,34.7400,54
51683350914014,14:21:23.350,34.7400,22
51694087497059,14:21:34.087,34.7700,25
51694087533844,14:21:34.087,34.7700,41
51694087732463,14:21:34.087,34.7700,34
51694087732463,14:21:34.087,34.7700,48
51694087741681,14:21:34.087,34.7700,52
51744149998740,14:22:24.149,34.8000,100
51796542497288,14:23:16.542,34.8100,5
51796542497288,14:23:16.542,34.8100,100
51864526277921,14:24:24.526,34.7900,100
51912785834011,14:25:12.785,34.7900,27
51912785834011,14:25:12.785,34.7900,100
51912786146500,14:25:12.786,34.7900,60
51921175866634,14:25:21.175,34.8150,1
51941021261383,14:25:41.021,34.7900,100
51941022402739,14:25:41.022,34.7900,100
51967160910002,14:26:07.160,34.7800,100
51967160910002,14:26:07.160,34.7800,11
51967160910002,14:26:07.160,34.7800,1
51968375616696,14:26:08.375,34.7700,3
51968375616696,14:26:08.375,34.7700,97
51968375642932,14:26:08.375,34.7700,3
51971863956071,14:26:11.863,34.7500,30
51971863956071,14:26:11.863,34.7500,100
51971863956071,14:26:11.863,34.7500,100
52035960908044,14:27:15.960,34.7200,100
52035960908044,14:27:15.960,34.7200,1
52035960908044,14:27:15.960,34.7200,6
52074993824773,14:27:54.993,34.7100,4
52074993824773,14:27:54.993,34.7100,3
52074993857323,14:27:54.993,34.7000,290
52074993857323,14:27:54.993,34.7000,200
52075009934827,14:27:55.009,34.6900,100
52075009934827,14:27:55.009,34.6900,1
52075030183476,14:27:55.030,34.6800,100
52075037780545,14:27:55.037,34.6600,49
52075037810360,14:27:55.037,34.6600,151
52078204562699,14:27:58.204,34.6500,20
52078204562699,14:27:58.204,34.6500,80
52080040886829,14:28:00.040,34.6900,100
52080040886829,14:28:00.040,34.6900,100
52090963474923,14:28:10.963,34.6800,45
52110634653570,14:28:30.634,34.6600,12
52347965116009,14:32:27.965,34.6800,1
52348055704120,14:32:28.055,34.6600,100
52348055704120,14:32:28.055,34.6600,100
52375689198519,14:32:55.689,34.6500,300
52379693508259,14:32:59.693,34.6500,100
52387523781772,14:33:07.523,34.6900,25
52387523791144,14:33:07.523,34.6900,2
52389029887037,14:33:09.029,34.6700,100
52389029887037,14:33:09.029,34.6700,100
52434040973920,14:33:54.040,34.7000,100
52436079075703,14:33:56.079,34.6800,100
52436079075703,14:33:56.079,34.6800,100
52496879544293,14:34:56.879,34.7300,100
52496879544293,14:34:56.879,34.7300,53
52496879552033,14:34:56.879,34.7300,37
52496879649481,14:34:56.879,34.7300,10
52496879649481,14:34:56.879,34.7300,1
52506559005524,14:35:06.559,34.7300,1
52558016019143,14:35:58.016,34.7000,20
52558016019143,14:35:58.016,34.6900,91
52558016030689,14:35:58.016,34.6900,9
52558016030689,14:35:58.016,34.6900,13
52558016030689,14:35:58.016,34.6900,39
52558016043669,14:35:58.016,34.6900,61
52559016712948,14:35:59.016,34.6800,100
52559016768587,14:35:59.016,34.6600,100
52565185725718,14:36:05.185,34.6600,2
52565185801522,14:36:05.185,34.6600,98
52608332800868,14:36:48.332,34.6900,100
52608341370781,14:36:48.341,34.7000,100
52645905427142,14:37:25.905,34.7200,94
52645905452234,14:37:25.905,34.7200,6
52649370682170,14:37:29.370,34.7200,100
52693501403220,14:38:13.501,34.7300,1
52707829487679,14:38:27.829,34.7400,93
52707829530378,14:38:27.829,34.7400,7
52707830946786,14:38:27.830,34.7400,1
52707831195981,14:38:27.831,34.7400,3
52728226173778,14:38:48.226,34.7500,27
52728226173778,14:38:48.226,34.7500,100
52728230701282,14:38:48.230,34.7500,42
52763337628200,14:39:23.337,34.7200,2
52764419574124,14:39:24.419,34.7100,100
52764419606655,14:39:24.419,34.7100,1
52764419606655,14:39:24.419,34.7100,2
52764419606655,14:39:24.419,34.7100,3
52764420531540,14:39:24.420,34.6900,1
52808726258019,14:40:08.726,34.6800,30
52808726258019,14:40:08.726,34.6800,2
52910705486754,14:41:50.705,34.7100,42
52910705502544,14:41:50.705,34.7100,37
52910705508589,14:41:50.705,34.7100,21
52910705508589,14:41:50.705,34.7100,2
52981096269570,14:43:01.096,34.7200,200
52981096271908,14:43:01.096,34.7200,200
52986177771922,14:43:06.177,34.7100,3
53003206109667,14:43:23.206,34.7000,37
53003206142732,14:43:23.206,34.7000,63
53003206144747,14:43:23.206,34.7000,63
53017366651112,14:43:37.366,34.6900,100
53051932586772,14:44:11.932,34.6800,100
53051932586772,14:44:11.932,34.6800,200
53052043682745,14:44:12.043,34.6700,30
53067286427676,14:44:27.286,34.6800,147
53067286428185,14:44:27.286,34.6800,36
53067286432543,14:44:27.286,34.6800,17
53067286432543,14:44:27.286,34.6800,2
53067286432543,14:44:27.286,34.6800,18
53067286443246,14:44:27.286,34.6800,63
53067286461196,14:44:27.286,34.6800,19
53067286461196,14:44:27.286,34.6800,100
53067286552471,14:44:27.286,34.6800,94
53067286633791,14:44:27.286,34.6800,26
53067286666910,14:44:27.286,34.6800,80
53067286666910,14:44:27.286,34.6800,20
53067302273006,14:44:27.302,34.6600,95
53067302274362,14:44:27.302,34.6600,5
53073417634509,14:44:33.417,34.6700,100
53084181911985,14:44:44.181,34.6300,100
53084186593395,14:44:44.186,34.6100,100
53084186593395,14:44:44.186,34.6100,200
53097575817544,14:44:57.575,34.6200,100
53101714880760,14:45:01.714,34.6200,100
53105706504036,14:45:05.706,34.6000,100
53156413201655,14:45:56.413,34.5500,100
53156413201655,14:45:56.413,34.5500,100
53156413229327,14:45:56.413,34.5500,100
53156413256904,14:45:56.413,34.5500,100
53169212654457,14:46:09.212,34.5700,27
53169212986487,14:46:09.212,34.5600,100
53169213045532,14:46:09.213,34.5600,100
53169213060741,14:46:09.213,34.5600,100
53169809379639,14:46:09.809,34.5700,100
53201020424881,14:46:41.020,34.5800,100
53203123594306,14:46:43.123,34.5800,200
53215355350288,14:46:55.355,34.5700,100
53215356071086,14:46:55.356,34.5800,100
53228476049936,14:47:08.476,34.5800,77
53228476060743,14:47:08.476,34.5800,23
53228476070033,14:47:08.476,34.6000,23
53228476149276,14:47:08.476,34.6000,13
53231735026500,14:47:11.735,34.5900,100
53235971374972,14:47:15.971,34.6000,100
53235972323313,14:47:15.972,34.6000,35
53236972584105,14:47:16.972,34.6000,100
53240304112249,14:47:20.304,34.6000,100
53240407300917,14:47:20.407,34.6100,48
53240407514264,14:47:20.407,34.6100,52
53240424740358,14:47:20.424,34.6200,6
53240424740358,14:47:20.424,34.6200,112
53240440374756,14:47:20.440,34.6200,100
53240441531742,14:47:20.441,34.6200,100
53240441858367,14:47:20.441,34.6200,100
53240441858367,14:47:20.441,34.6200,100
53240511808468,14:47:20.511,34.6100,100
53245003163597,14:47:25.003,34.5900,100
53245003163597,14:47:25.003,34.5900,37
53245003167799,14:47:25.003,34.5900,36
53245003194074,14:47:25.003,34.5900,27
53245003926365,14:47:25.003,34.5800,94
53245004809241,14:47:25.004,34.5800,1
53253481007326,14:47:33.481,34.5700,100
53253481361298,14:47:33.481,34.5700,94
53253481391102,14:47:33.481,34.5700,6
53254482073862,14:47:34.482,34.5600,100
53254483025430,14:47:34.483,34.5500,100
53281212288668,14:48:01.212,34.5400,74
53281212299278,14:48:01.212,34.5400,26
53282213994782,14:48:02.213,34.5400,100
53299011013303,14:48:19.011,34.5300,100
53305404902701,14:48:25.404,34.5000,49
53306019379830,14:48:26.019,34.5200,400
53306020273287,14:48:26.020,34.5200,100
53306020273287,14:48:26.020,34.5200,100
53323531931104,14:48:43.531,34.5400,6
53339200358145,14:48:59.200,34.5300,35
53339200364545,14:48:59.200,34.5300,37
53339200367230,14:48:59.200,34.5300,147
53340545288109,14:49:00.545,34.5300,85
53342155359323,14:49:02.155,34.5300,96
53493531275479,14:51:33.531,34.5100,100
53504025961420,14:51:44.025,34.5000,251
53504025961420,14:51:44.025,34.5000,49
53504025998666,14:51:44.025,34.5000,1218
53504026015107,14:51:44.026,34.5000,74
53504026025610,14:51:44.026,34.5000,74
53504026039169,14:51:44.026,34.5000,38
53504026042824,14:51:44.026,34.5000,47
53504026042824,14:51:44.026,34.5000,26
53504026045590,14:51:44.026,34.5000,474
53504026045590,14:51:44.026,34.5000,100
53504027392611,14:51:44.027,34.4700,12
53504027909233,14:51:44.027,34.4700,12
53504027941557,14:51:44.027,34.4700,76
53504061277438,14:51:44.061,34.4500,200
53504061277438,14:51:44.061,34.4500,300
53504087549388,14:51:44.087,34.4500,11
53504087549388,14:51:44.087,34.4500,3
53504087779556,14:51:44.087,34.4600,12
53504087780795,14:51:44.087,34.4600,73
53504087798363,14:51:44.087,34.4600,15
53504145937421,14:51:44.145,34.4600,100
53542069885406,14:52:22.069,34.4900,71
53542069921927,14:52:22.069,34.4900,29
53542069921927,14:52:22.069,34.5000,42
53542103306116,14:52:22.103,34.5000,28
53542104637135,14:52:22.104,34.5000,100
53542104637135,14:52:22.104,34.5100,3
53542104666603,14:52:22.104,34.5100,97
53542104666603,14:52:22.104,34.5100,3
53542181022999,14:52:22.181,34.5000,100
53604210901057,14:53:24.210,34.4900,46
53615021002283,14:53:35.021,34.5300,27
53615021002283,14:53:35.021,34.5300,73
53615021311629,14:53:35.021,34.5300,27
53615054064016,14:53:35.054,34.5300,100
53615079105046,14:53:35.079,34.5400,3
53615079131939,14:53:35.079,34.5400,97
53624326657407,14:53:44.326,34.5400,100
53767666104164,14:56:07.666,34.5700,200
53767666104164,14:56:07.666,34.5600,200
53772344284226,14:56:12.344,34.5500,69
53772344298085,14:56:12.344,34.5500,31
53772344298085,14:56:12.344,34.5500,17
53772344808634,14:56:12.344,34.5400,5
53772344816579,14:56:12.344,34.5400,178
53772344825330,14:56:12.344,34.5400,117
53889048637731,14:58:09.048,34.5500,47
53908724447478,14:58:28.724,34.5800,196
53908724447478,14:58:28.724,34.5800,4
53908724897837,14:58:28.724,34.5800,23
53908726483133,14:58:28.726,34.5800,100
53922382437509,14:58:42.382,34.5700,100
53922382437509,14:58:42.382,34.5700,100
53969133485922,14:59:29.133,34.5600,94
53969133515546,14:59:29.133,34.5600,106
53969133679607,14:59:29.133,34.5600,58
54071992302539,15:01:11.992,34.5700,100
54071992330530,15:01:11.992,34.5700,900
54071992330530,15:01:11.992,34.5700,1
54071993221603,15:01:11.993,34.5800,100
54071993291189,15:01:11.993,34.5800,1
54081745308304,15:01:21.745,34.5700,200
54081745598511,15:01:21.745,34.5600,94
54081745824498,15:01:21.745,34.5600,6
54081745824498,15:01:21.745,34.5600,100
54081745824498,15:01:21.745,34.5600,8
54081745824498,15:01:21.745,34.5600,12
54081746262084,15:01:21.746,34.5600,88
54081746921130,15:01:21.746,34.5600,80
54133522122037,15:02:13.522,34.5300,100
54188445635760,15:03:08.445,34.5300,100
54188492554862,15:03:08.492,34.5500,100
54189901080422,15:03:09.901,34.5300,45
54189901080422,15:03:09.901,34.5300,4
54189901109637,15:03:09.901,34.5300,27
54189901109637,15:03:09.901,34.5300,100
54189901993024,15:03:09.901,34.5200,100
54226349287715,15:03:46.349,34.5300,4
54242634280456,15:04:02.634,34.5000,30
54242634280456,15:04:02.634,34.4900,70
54242635285102,15:04:02.635,34.4900,30
54242700599379,15:04:02.700,34.4900,2
54242700599379,15:04:02.700,34.4900,1
54242700599379,15:04:02.700,34.5000,97
54242706686397,15:04:02.706,34.5000,3
54242706686397,15:04:02.706,34.5100,97
54264461028626,15:04:24.461,34.4800,20
54264461028626,15:04:24.461,34.4600,30
54265468319080,15:04:25.468,34.4400,100
54265468319080,15:04:25.468,34.4400,100
54266474041827,15:04:26.474,34.4300,100
54268574179229,15:04:28.574,34.4400,2
54268574179229,15:04:28.574,34.4500,86
54306698557505,15:05:06.698,34.4200,1
54322239351559,15:05:22.239,34.4200,99
54322261600547,15:05:22.261,34.3900,1
54322263021093,15:05:22.263,34.3900,1
54326392524751,15:05:26.392,34.3900,100
54333414375704,15:05:33.414,34.3900,100
54366514877374,15:06:06.514,34.4050,100
54366515336227,15:06:06.515,34.4050,100
54366515419710,15:06:06.515,34.3800,100
54366515419710,15:06:06.515,34.3800,100
54366523826119,15:06:06.523,34.3900,1
54366532365143,15:06:06.532,34.4000,100
54366532365143,15:06:06.532,34.4000,100
54389501931724,15:06:29.501,34.3900,100
54389504346854,15:06:29.504,34.4000,1281
54410136084062,15:06:50.136,34.3700,100
54410139328679,15:06:50.139,34.3700,20
54410156728050,15:06:50.156,34.3700,1218
54410156758063,15:06:50.156,34.3700,1662
54410156758063,15:06:50.156,34.3700,1
54410157083390,15:06:50.157,34.3900,100
54410159053646,15:06:50.159,34.3900,100
54410611302417,15:06:50.611,34.3700,100
54410611673434,15:06:50.611,34.3700,40
54423682389770,15:07:03.682,34.3600,100
54423682389770,15:07:03.682,34.3600,7
54423873211812,15:07:03.873,34.3400,100
54429120407683,15:07:09.120,34.3700,1
54429120407683,15:07:09.120,34.3700,100
54429127424407,15:07:09.127,34.3900,100
54429127424407,15:07:09.127,34.3900,100
54429127424407,15:07:09.127,34.3900,100
54429127451799,15:07:09.127,34.3900,100
54429135369407,15:07:09.135,34.3900,99
54453088179426,15:07:33.088,34.4000,100
54453088179426,15:07:33.088,34.4000,27
54481212770661,15:08:01.212,34.4100,100
54545666806399,15:09:05.666,34.4100,57
54625497569009,15:10:25.497,34.3900,100
54633565578218,15:10:33.565,34.3800,1
54633566001005,15:10:33.566,34.3950,100
54714008953165,15:11:54.008,34.3600,5
54714008953165,15:11:54.008,34.3600,66
54714008959480,15:11:54.008,34.3600,28
54714008960702,15:11:54.008,34.3600,67
54714133696318,15:11:54.133,34.3300,100
54714135111425,15:11:54.135,34.3300,11
54714135286740,15:11:54.135,34.3300,3
54761543113126,15:12:41.543,34.2900,172
54761543113126,15:12:41.543,34.2900,28
54761555189023,15:12:41.555,34.2900,100
54770490213288,15:12:50.490,34.2800,100
54770490623994,15:12:50.490,34.2800,100
54770490788764,15:12:50.490,34.2800,100
54770490788764,15:12:50.490,34.2800,28
54770490794492,15:12:50.490,34.2800,72
54770904337141,15:12:50.904,34.2800,100
54770906120350,15:12:50.906,34.2800,100
54771586782547,15:12:51.586,34.2700,100
54771586782547,15:12:51.586,34.2700,100
54774134953041,15:12:54.134,34.2500,100
54774134988151,15:12:54.134,34.2500,1067
54774135977770,15:12:54.135,34.2500,100
54774156472528,15:12:54.156,34.2500,100
54774704237434,15:12:54.704,34.2600,84
54774704304003,15:12:54.704,34.2600,16
54796303973752,15:13:16.303,34.2400,40
54805725008811,15:13:25.725,34.2800,5
54812157812591,15:13:32.157,34.2900,220
54812157843720,15:13:32.157,34.2900,580
54812157843720,15:13:32.157,34.2900,27
54812182156569,15:13:32.182,34.2900,100
54818944181400,15:13:38.944,34.2900,100
54818944766499,15:13:38.944,34.2900,65
54848291927870,15:14:08.291,34.2800,100
54870027346189,15:14:30.027,34.2900,30
54899783960767,15:14:59.783,34.2900,86
54899784817141,15:14:59.784,34.2900,184
54899784817141,15:14:59.784,34.2900,216
54899784844637,15:14:59.784,34.2900,84
54909154070202,15:15:09.154,34.3000,29
54909154098901,15:15:09.154,34.3000,67
54937580341992,15:15:37.580,34.3200,100
54968742840361,15:16:08.742,34.3800,100
55059018961270,15:17:39.018,34.3800,100
55059019740538,15:17:39.019,34.3700,100
55059019740538,15:17:39.019,34.3700,100
55059024219252,15:17:39.024,34.3600,6
55059024308033,15:17:39.024,34.3600,2
55059339782938,15:17:39.339,34.3800,100
55060520310848,15:17:40.520,34.3800,100
55063249161787,15:17:43.249,34.3800,1
55063249161787,15:17:43.249,34.3900,99
55102386081883,15:18:22.386,34.3600,58
55202056477962,15:20:02.056,34.4000,27
55217261895372,15:20:17.261,34.4200,94
55310834878081,15:21:50.834,34.4200,6
55310834878081,15:21:50.834,34.4200,394
55310834908158,15:21:50.834,34.4200,606
55310835289487,15:21:50.835,34.4200,100
55313435743645,15:21:53.435,34.4300,4
55317127768775,15:21:57.127,34.4400,88
55317127796744,15:21:57.127,34.4400,112
55317179704204,15:21:57.179,34.4400,100
55317569403102,15:21:57.569,34.4600,4
55332361346917,15:22:12.361,34.4200,10
55332361346917,15:22:12.361,34.4200,8
55332361991997,15:22:12.361,34.4100,7
55332362728762,15:22:12.362,34.4100,100
55332365550473,15:22:12.365,34.3900,100
55332366205193,15:22:12.366,34.3900,14
55338963484569,15:22:18.963,34.4100,100
55339597538740,15:22:19.597,34.4100,100
55339597538740,15:22:19.597,34.4100,100
55382981129597,15:23:02.981,34.4000,100
55382981136532,15:23:02.981,34.4000,100
55382981812992,15:23:02.981,34.3900,100
55382981851991,15:23:02.981,34.3900,100
55394919311532,15:23:14.919,34.3800,63
55394920023030,15:23:14.920,34.3800,19
55460014901408,15:24:20.014,34.4000,6
55460014901408,15:24:20.014,34.4000,12
55521985225259,15:25:21.985,34.4100,100
55597588639232,15:26:37.588,34.4100,15
55598632976920,15:26:38.632,34.4000,100
55598633010657,15:26:38.633,34.4000,100
55598633360157,15:26:38.633,34.4000,100
55655519926079,15:27:35.519,34.4100,5
55655521069673,15:27:35.521,34.4100,100
55673145542841,15:27:53.145,34.4200,94
55673145718182,15:27:53.145,34.4200,6
55673410159721,15:27:53.410,34.4200,100
55673417745285,15:27:53.417,34.4200,100
55675520184111,15:27:55.520,34.4200,200
55675520742692,15:27:55.520,34.4100,12
55675520749382,15:27:55.520,34.4100,88
55675520977864,15:27:55.520,34.4100,12
55675520977864,15:27:55.520,34.4000,82
55675521004511,15:27:55.521,34.4000,18
55675521004511,15:27:55.521,34.4000,14
55675521004511,15:27:55.521,34.4000,5
55760520330820,15:29:20.520,34.4100,100
55760520689510,15:29:20.520,34.4100,83
55760520689510,15:29:20.520,34.4100,17
55760520914228,15:29:20.520,34.4000,100
55760520914228,15:29:20.520,34.4000,100
55763599785920,15:29:23.599,34.3900,100
55763599816854,15:29:23.599,34.3900,100
55803505146550,15:30:03.505,34.3800,15
55803505146550,15:30:03.505,34.3800,100
55803505146550,15:30:03.505,34.3800,32
55803505171501,15:30:03.505,34.3800,50
55803505172540,15:30:03.505,34.3800,18
55842003036078,15:30:42.003,34.3900,27
55842003704793,15:30:42.003,34.3900,100
55842020897445,15:30:42.020,34.3900,100
55891464386945,15:31:31.464,34.3800,114
55893459120951,15:31:33.459,34.4000,100
55893459120951,15:31:33.459,34.4000,100
55893459120951,15:31:33.459,34.4000,100
55893482799332,15:31:33.482,34.4000,1
55895800722224,15:31:35.800,34.4000,15
55944439802099,15:32:24.439,34.3900,94
55944439831006,15:32:24.439,34.4000,100
55944439831006,15:32:24.439,34.3900,6
55944440152136,15:32:24.440,34.3900,100
55944440445014,15:32:24.440,34.3900,100
55960838992679,15:32:40.838,34.3800,78
55960839020020,15:32:40.839,34.3800,22
55960839020020,15:32:40.839,34.3800,100
55960839725066,15:32:40.839,34.3700,12
55960839725066,15:32:40.839,34.3700,88
55960839751458,15:32:40.839,34.3700,12
56005965735338,15:33:25.965,34.3500,55
56005965762885,15:33:25.965,34.3500,45
56005965762885,15:33:25.965,34.3500,100
56015148648981,15:33:35.148,34.3500,100
56015160587608,15:33:35.160,34.3500,100
56015160587608,15:33:35.160,34.3400,100
56015160587608,15:33:35.160,34.3400,94
56019047802488,15:33:39.047,34.3500,88
56132136383736,15:35:32.136,34.3400,6
56132478742443,15:35:32.478,34.3400,21
56132478742443,15:35:32.478,34.3400,12
56132930768336,15:35:32.930,34.3500,62
56133375971779,15:35:33.375,34.3500,100
56243142661914,15:37:23.142,34.3700,100
56243143502487,15:37:23.143,34.3700,81
56248285830348,15:37:28.285,34.3650,100
56248286202199,15:37:28.286,34.3600,100
56248286368073,15:37:28.286,34.3600,100
56248286800814,15:37:28.286,34.3500,100
56248286800814,15:37:28.286,34.3500,1
56248286800814,15:37:28.286,34.3500,100
56248286800814,15:37:28.286,34.3500,99
56248286843486,15:37:28.286,34.3500,1
56248288093509,15:37:28.288,34.3400,12
56248309084801,15:37:28.309,34.3400,100
56250709122766,15:37:30.709,34.3500,100
56257079644047,15:37:37.079,34.3700,24
56257079644047,15:37:37.079,34.3700,8
56323835176002,15:38:43.835,34.4100,100
56363220158551,15:39:23.220,34.4000,50
56363220485272,15:39:23.220,34.4000,50
56363220485272,15:39:23.220,34.4000,11
56363220485272,15:39:23.220,34.4000,39
56363220521465,15:39:23.220,34.4000,61
56363220521465,15:39:23.220,34.4000,100
56363220521465,15:39:23.220,34.4000,100
56438552421870,15:40:38.552,34.3600,100
56463517036798,15:41:03.517,34.3500,37
56481045274314,15:41:21.045,34.3500,63
56481045274314,15:41:21.045,34.3500,37
56501888999158,15:41:41.888,34.3500,63
56505619088582,15:41:45.619,34.3300,16
56505619088582,15:41:45.619,34.3300,84
56506316904992,15:41:46.316,34.3300,100
56506316904992,15:41:46.316,34.3300,5
56565233034955,15:42:45.233,34.3100,2
56606405892489,15:43:26.405,34.3300,100
56625802938490,15:43:45.802,34.3400,100
56625802976698,15:43:45.802,34.3400,100
56634114373425,15:43:54.114,34.3400,100
56673617999229,15:44:33.617,34.3400,100
56673618340520,15:44:33.618,34.3400,202
56673618340520,15:44:33.618,34.3400,100
56673618340520,15:44:33.618,34.3400,13
56673618340520,15:44:33.618,34.3400,100
56674446982518,15:44:34.446,34.3400,94
56674447457121,15:44:34.447,34.3400,6
56674448016786,15:44:34.448,34.3500,100
56674448016786,15:44:34.448,34.3500,27
56674448016786,15:44:34.448,34.3500,73
56724776432323,15:45:24.776,34.3400,1
56725118578570,15:45:25.118,34.3400,123
56731199857940,15:45:31.199,34.3400,40
56731307208329,15:45:31.307,34.3400,11
56743146813475,15:45:43.146,34.3400,77
56743146813475,15:45:43.146,34.3400,22
56743146813475,15:45:43.146,34.3500,1
56743146842535,15:45:43.146,34.3500,99
56743148380188,15:45:43.148,34.3600,100
56743148380188,15:45:43.148,34.3600,100
56743148533659,15:45:43.148,34.3600,100
56751071401198,15:45:51.071,34.3800,16
56762579161023,15:46:02.579,34.3800,30
56762580503250,15:46:02.580,34.3800,62
56796181244402,15:46:36.181,34.3900,4
56822769569915,15:47:02.769,34.4000,27
56822910940790,15:47:02.910,34.3800,94
56834010501380,15:47:14.010,34.3800,6
56834010501380,15:47:14.010,34.3800,82
56834010832981,15:47:14.010,34.3800,18
56834032903478,15:47:14.032,34.3800,100
56866453116726,15:47:46.453,34.4000,75
56892209502088,15:48:12.209,34.4000,25
56892209502088,15:48:12.209,34.4000,75
56892209567777,15:48:12.209,34.4000,25
56892209827628,15:48:12.209,34.4000,85
56892209851817,15:48:12.209,34.4000,15
56895239149531,15:48:15.239,34.4050,200
56895239149531,15:48:15.239,34.4000,100
56904614005674,15:48:24.614,34.4100,88
56904614033016,15:48:24.614,34.4100,12
56907145014665,15:48:27.145,34.4100,200
56966773161304,15:49:26.773,34.4300,100
56967829201127,15:49:27.829,34.4300,79
56981650207024,15:49:41.650,34.4300,21
56981650207024,15:49:41.650,34.4300,73
56981650237819,15:49:41.650,34.4300,27
56981650237819,15:49:41.650,34.4300,100
56981650237819,15:49:41.650,34.4300,1
56981651066786,15:49:41.651,34.4300,100
56984313264975,15:49:44.313,34.4300,10
56985197924693,15:49:45.197,34.4200,100
56997095434553,15:49:57.095,34.4200,100
56999175684775,15:49:59.175,34.4100,17
57000116976441,15:50:00.116,34.4100,83
57000144063721,15:50:00.144,34.4100,100
57008168630608,15:50:08.168,34.4000,100
57008178116868,15:50:08.178,34.3900,100
57010520188301,15:50:10.520,34.3900,9
57054468460668,15:50:54.468,34.3800,100
57054746521953,15:50:54.746,34.3800,100
57057411322436,15:50:57.411,34.3700,100
57057414859267,15:50:57.414,34.3700,3
57065622187254,15:51:05.622,34.3700,97
57065622187254,15:51:05.622,34.3700,100
57102857629747,15:51:42.857,34.3700,100
57102857629747,15:51:42.857,34.3700,100
57107448857901,15:51:47.448,34.3700,100
57107448857901,15:51:47.448,34.3700,27
57107448857901,15:51:47.448,34.3700,73
57107449374479,15:51:47.449,34.3700,27
57118349546426,15:51:58.349,34.3700,1
57118349546426,15:51:58.349,34.3700,93
57141124092983,15:52:21.124,34.3600,100
57141125412010,15:52:21.125,34.3600,1
57141126614286,15:52:21.126,34.3600,1
57146101506556,15:52:26.101,34.3600,97
57146112779764,15:52:26.112,34.3600,1
57147189832431,15:52:27.189,34.3600,1
57148508791153,15:52:28.508,34.3600,99
57148508791153,15:52:28.508,34.3600,1
57149502216305,15:52:29.502,34.3600,31
57149502216305,15:52:29.502,34.3600,69
57149502258623,15:52:29.502,34.3600,31
57160829347094,15:52:40.829,34.3600,100
57169727251739,15:52:49.727,34.3600,100
57169727268569,15:52:49.727,34.3600,50
57169727280004,15:52:49.727,34.3600,50
57169727280004,15:52:49.727,34.3600,50
57169727730744,15:52:49.727,34.3600,200
57169727730744,15:52:49.727,34.3600,100
57169727826229,15:52:49.727,34.3600,94
57169727852012,15:52:49.727,34.3600,6
57169727852012,15:52:49.727,34.3600,50
57174855839691,15:52:54.855,34.3500,500
57174855867666,15:52:54.855,34.3500,4025
57174855921195,15:52:54.855,34.3500,475
57174855921195,15:52:54.855,34.3500,100
57174856095880,15:52:54.856,34.3500,45
57174858258289,15:52:54.858,34.3400,100
57175047759492,15:52:55.047,34.3200,200
57187042574664,15:53:07.042,34.3100,100
57191918859011,15:53:11.918,34.3000,200
57199205193064,15:53:19.205,34.3000,100
57199205193064,15:53:19.205,34.3000,100
57199205219553,15:53:19.205,34.3000,100
57206106451638,15:53:26.106,34.2900,94
57206106476865,15:53:26.106,34.2900,6
57206106488014,15:53:26.106,34.2900,6
57206106537313,15:53:26.106,34.2900,94
57206480729078,15:53:26.480,34.2800,6
57206480753818,15:53:26.480,34.2800,94
57215255950667,15:53:35.255,34.2600,47
57215336322273,15:53:35.336,34.2600,53
57216590201910,15:53:36.590,34.2500,100
57218786706837,15:53:38.786,34.2500,27
57246344476672,15:54:06.344,34.2600,100
57246344476672,15:54:06.344,34.2600,100
57246345048147,15:54:06.345,34.2600,27
57246345395114,15:54:06.345,34.2600,153
57246345559982,15:54:06.345,34.2600,100
57246623231465,15:54:06.623,34.2600,100
57266100245395,15:54:26.100,34.2600,100
57266100428549,15:54:26.100,34.2600,100
57266100428549,15:54:26.100,34.2600,100
57266100623149,15:54:26.100,34.2600,100
57283516960191,15:54:43.516,34.2600,41
57283517195488,15:54:43.517,34.2600,59
57283517195488,15:54:43.517,34.2600,100
57283517195488,15:54:43.517,34.2600,100
57283517195488,15:54:43.517,34.2600,6
57283517699863,15:54:43.517,34.2600,100
57291944490617,15:54:51.944,34.2500,100
57291945867365,15:54:51.945,34.2500,4
57300038986725,15:55:00.038,34.2700,80
57300039022414,15:55:00.039,34.2700,198
57300039028784,15:55:00.039,34.2700,100
57300039062773,15:55:00.039,34.2700,80
57300039075915,15:55:00.039,34.2700,58
57300039095651,15:55:00.039,34.2700,284
57300039095651,15:55:00.039,34.2700,100
57300062431709,15:55:00.062,34.2800,76
57300062956948,15:55:00.062,34.2800,24
57300063022943,15:55:00.063,34.2800,2
57300063032178,15:55:00.063,34.2800,22
57300063038340,15:55:00.063,34.2800,22
57300085101836,15:55:00.085,34.2800,54
57345980352821,15:55:45.980,34.2800,47
57376616361355,15:56:16.616,34.2900,100
57376616361355,15:56:16.616,34.2900,100
57376616459154,15:56:16.616,34.3000,72
57381097642556,15:56:21.097,34.3000,2
57423528904707,15:57:03.528,34.3100,2
57423528904707,15:57:03.528,34.3100,100
57424309465293,15:57:04.309,34.3150,100
57424309465293,15:57:04.309,34.3200,185
57424309860192,15:57:04.309,34.3200,275
57424310003275,15:57:04.310,34.3200,100
57424450773205,15:57:04.450,34.3200,240
57424450773205,15:57:04.450,34.3200,60
57424491835208,15:57:04.491,34.3200,40
57424491835208,15:57:04.491,34.3200,11
57424492684258,15:57:04.492,34.3200,89
57425587328873,15:57:05.587,34.3400,50
57425674554036,15:57:05.674,34.3700,5
57427675425159,15:57:07.675,34.3800,4
57427675425159,15:57:07.675,34.3800,6
57432160532000,15:57:12.160,34.3700,100
57436715753914,15:57:16.715,34.3800,1
57443702837848,15:57:23.702,34.3700,47
57443703226407,15:57:23.703,34.3700,25
57443703226407,15:57:23.703,34.3700,72
57443703253974,15:57:23.703,34.3700,28
57443703253974,15:57:23.703,34.3700,3
57443703288105,15:57:23.703,34.3700,97
57443703288105,15:57:23.703,34.3700,55
57443703452875,15:57:23.703,34.3700,100
57443703482043,15:57:23.703,34.3700,40
57443906018264,15:57:23.906,34.3700,100
57443906018264,15:57:23.906,34.3700,100
57458714783862,15:57:38.714,34.3600,100
57460173602064,15:57:40.173,34.3600,7
57460173602064,15:57:40.173,34.3600,93
57466783568534,15:57:46.783,34.3800,26
57466783568534,15:57:46.783,34.3800,26
57466783568534,15:57:46.783,34.3800,48
57469956747950,15:57:49.956,34.3600,100
57473253822800,15:57:53.253,34.3600,100
57480640550881,15:58:00.640,34.3600,100
57483473971449,15:58:03.473,34.3700,100
57483473971449,15:58:03.473,34.3700,100
57483473971449,15:58:03.473,34.3700,100
57483473971449,15:58:03.473,34.3700,100
57483474372213,15:58:03.474,34.3700,100
57493149290090,15:58:13.149,34.3700,100
57493149290090,15:58:13.149,34.3650,100
57493149290090,15:58:13.149,34.3600,100
