timestamp,time,price,volume
34200314764656,09:30:00.314,0.0000,0
34333420006432,09:32:13.420,94.3800,100
34333420006432,09:32:13.420,94.3800,100
34333420006432,09:32:13.420,94.3800,100
34333420031785,09:32:13.420,94.3800,100
34333420879199,09:32:13.420,94.4300,100
34456863621131,09:34:16.863,94.3600,100
34543628336764,09:35:43.628,94.6300,11
34591183577644,09:36:31.183,94.4300,1
34591183577644,09:36:31.183,94.4300,10
34603963160727,09:36:43.963,94.5000,1
34603963160727,09:36:43.963,94.5000,99
34603963189208,09:36:43.963,94.5000,1
34654836162169,09:37:34.836,94.4300,1
34654836460865,09:37:34.836,94.5200,100
34669056828989,09:37:49.056,94.7100,100
34678933627137,09:37:58.933,94.6600,1
34716646876666,09:38:36.646,94.6900,1
34716646953848,09:38:36.646,94.6900,100
34773387013881,09:39:33.387,94.5700,1
34777062895702,09:39:37.062,94.5200,100
34803839816994,09:40:03.839,94.4500,100
34803839816994,09:40:03.839,94.4200,100
34830024406518,09:40:30.024,94.4700,1
34830943920952,09:40:30.943,94.4700,1
34887677348584,09:41:27.677,94.5200,100
34887677382163,09:41:27.677,94.5200,100
34887677382163,09:41:27.677,94.5200,100
34887677413795,09:41:27.677,94.5200,100
34887677578573,09:41:27.677,94.5200,100
34887677746425,09:41:27.677,94.5600,100
34887677830159,09:41:27.677,94.5600,100
34887677867996,09:41:27.677,94.5600,100
34954439864795,09:42:34.439,94.6300,1
34958276652051,09:42:38.276,94.7200,100
35019148526727,09:43:39.148,94.6900,1
35019149041016,09:43:39.149,94.7700,100
35046219122474,09:44:06.219,94.8100,1
35131026343900,09:45:31.026,94.8100,1
35143079723311,09:45:43.079,94.7100,100
35162823446118,09:46:02.823,94.7200,100
35188022894224,09:46:28.022,94.8100,1
35210940159322,09:46:50.940,94.8300,1
35248025300919,09:47:28.025,94.8000,1
35288677958980,09:48:08.677,94.8100,1
35288678021931,09:48:08.678,94.8100,100
35295319140087,09:48:15.319,94.8700,100
35295319170419,09:48:15.319,94.8800,11
35295402964352,09:48:15.402,94.9800,100
35340576868138,09:49:00.576,94.8800,100
35340577099160,09:49:00.577,94.8700,3
35340577460131,09:49:00.577,94.8700,97
35340577482978,09:49:00.577,94.8800,100
35340579123702,09:49:00.579,94.8700,100
35368023519186,09:49:28.023,94.9000,1
35378406253205,09:49:38.406,94.8400,100
35419282097555,09:50:19.282,94.8500,1
35419282097555,09:50:19.282,94.8500,100
35428029427861,09:50:28.029,94.9000,1
35458051674655,09:50:58.051,94.8300,100
35458051674655,09:50:58.051,94.8300,100
35458051702128,09:50:58.051,94.8300,200
35488017110392,09:51:28.017,94.9000,1
35498309077162,09:51:38.309,94.9700,100
35498309152281,09:51:38.309,94.9700,100
35498809014656,09:51:38.809,94.9700,100
35499161667764,09:51:39.161,95.0000,100
35499161667764,09:51:39.161,95.0100,100
35499161799048,09:51:39.161,95.0100,64
35499161851719,09:51:39.161,95.0100,36
35533276639326,09:52:13.276,95.0000,1
35548815365488,09:52:28.815,95.0000,1
35562161991087,09:52:42.161,95.0700,100
35562161991087,09:52:42.161,95.0700,100
35562162092421,09:52:42.162,95.0700,100
35608013481884,09:53:28.013,95.0500,1
35653319051666,09:54:13.319,95.0000,100
35653324232523,09:54:13.324,95.0000,100
35669034545853,09:54:29.034,94.9000,1
35729216790666,09:55:29.216,94.9900,1
35793139563492,09:56:33.139,95.0000,1
35858402694737,09:57:38.402,94.8400,100
35868079615343,09:57:48.079,94.8400,100
35868080020690,09:57:48.080,94.8400,100
35868080022638,09:57:48.080,94.8300,100
35868080164061,09:57:48.080,94.8300,100
35869021983275,09:57:49.021,94.8200,1
35882640795184,09:58:02.640,94.9100,100
35882640876892,09:58:02.640,94.9100,100
35968019132249,09:59:28.019,94.9600,1
35975025995877,09:59:35.025,95.0200,100
35975932944817,09:59:35.932,95.0700,1
36006020603568,10:00:06.020,95.0200,97
36006021125162,10:00:06.021,94.9900,100
36006021125162,10:00:06.021,94.9800,30
36006021144214,10:00:06.021,94.9800,100
36006021634779,10:00:06.021,94.9700,100
36006021634779,10:00:06.021,94.9700,51
36006021634779,10:00:06.021,94.9700,100
36006021778614,10:00:06.021,94.9700,100
36140572038654,10:02:20.572,94.9100,1
36140572038654,10:02:20.572,94.9100,87
36147817946104,10:02:27.817,94.9100,13
36221062954803,10:03:41.062,94.9700,36
36221062954803,10:03:41.062,94.9700,100
36221062954803,10:03:41.062,94.9700,26
36221062954803,10:03:41.062,94.9700,10
36221062954803,10:03:41.062,94.9700,28
36221063188512,10:03:41.063,94.9700,55
36221063210158,10:03:41.063,94.9700,17
36260647063532,10:04:20.647,94.8900,19
36283965221264,10:04:43.965,94.9600,78
36283965259479,10:04:43.965,94.9600,22
36283967042397,10:04:43.967,94.9600,100
36350932071376,10:05:50.932,94.9800,1
36426932524661,10:07:06.932,95.0500,1
36426932524661,10:07:06.932,95.0500,100
36426932935759,10:07:06.932,95.0600,1
36428521244788,10:07:08.521,95.0700,1
36478177371492,10:07:58.177,95.1200,19
36478177371492,10:07:58.177,95.1200,4
36503021929694,10:08:23.021,95.1100,1
36508025169881,10:08:28.025,95.0800,1
36538486825339,10:08:58.486,95.1100,2
36543281307649,10:09:03.281,95.1800,100
36568023738919,10:09:28.023,95.1500,1
36579033130054,10:09:39.033,95.1500,1
36642004076261,10:10:42.004,95.1500,1
36669389522342,10:11:09.389,95.1500,100
36669390397319,10:11:09.390,95.1700,5
36682199453013,10:11:22.199,95.0900,8
36682199453013,10:11:22.199,95.0900,100
36725883483918,10:12:05.883,95.0800,1
36779096443166,10:12:59.096,95.1300,16
36779096831146,10:12:59.096,95.1400,100
36779096831146,10:12:59.096,95.1400,2
36819561963459,10:13:39.561,95.2000,2
36819963901262,10:13:39.963,95.2400,15
36869165914023,10:14:29.165,95.2200,1
36869166453930,10:14:29.166,95.2100,1
36869167272665,10:14:29.167,95.1800,100
36869167272665,10:14:29.167,95.1800,100
37040935755791,10:17:20.935,95.2000,100
37041014376235,10:17:21.014,95.2100,6
37041263091536,10:17:21.263,95.1800,55
37041263091536,10:17:21.263,95.1800,45
37041758314173,10:17:21.758,95.1800,1
37041758314173,10:17:21.758,95.1700,8
37055314486395,10:17:35.314,95.2400,100
37055314577159,10:17:35.314,95.2400,4
37098830080516,10:18:18.830,95.1900,1
37194688219170,10:19:54.688,95.1100,17
37224281758186,10:20:24.281,95.0400,2
37224281758186,10:20:24.281,95.0300,2
37224281758186,10:20:24.281,95.0300,54
37251611976152,10:20:51.611,95.0000,17
37253633176908,10:20:53.633,95.0600,1
37343087017009,10:22:23.087,95.0000,1
37374691652745,10:22:54.691,95.0150,100
37374691872736,10:22:54.691,95.0400,100
37374691872736,10:22:54.691,95.0400,100
37468526491190,10:24:28.526,95.0400,2
37468526491190,10:24:28.526,95.0400,100
37468526856797,10:24:28.526,95.0300,53
37468526856797,10:24:28.526,95.0300,53
37468526856797,10:24:28.526,95.0300,99
37468526895799,10:24:28.526,95.0200,2
37491186751512,10:24:51.186,95.0400,100
37550318013773,10:25:50.318,94.9100,19
37550318013773,10:25:50.318,94.9100,100
37550318013773,10:25:50.318,94.9100,1
37550318013773,10:25:50.318,94.9100,44
37550318036527,10:25:50.318,94.9100,8
37550318135522,10:25:50.318,94.9100,100
37561043801758,10:26:01.043,94.9200,100
37601169505578,10:26:41.169,94.9100,100
37656318201212,10:27:36.318,94.8900,3
37695702240183,10:28:15.702,94.9800,68
37695702265258,10:28:15.702,94.9800,32
37729449967511,10:28:49.449,95.1000,100
37729449993010,10:28:49.449,95.1000,36
37729450225202,10:28:49.450,95.0900,5
37730047488581,10:28:50.047,95.0500,7
37764724962330,10:29:24.724,95.1200,99
37828041382875,10:30:28.041,95.0400,18
37936926487379,10:32:16.926,95.2800,54
37936926487379,10:32:16.926,95.2800,46
37946930540166,10:32:26.930,95.2000,85
37946930542678,10:32:26.930,95.2000,15
37963935806892,10:32:43.935,95.2600,3
37963935806892,10:32:43.935,95.2600,2
38029656091576,10:33:49.656,95.2000,198
38029656091576,10:33:49.656,95.2200,100
38029656091576,10:33:49.656,95.2200,58
38029681522662,10:33:49.681,95.2100,100
38148291998184,10:35:48.291,95.0400,1
38150022826776,10:35:50.022,95.0400,42
38150022826776,10:35:50.022,95.0400,58
38189207734701,10:36:29.207,95.0400,42
38189207734701,10:36:29.207,95.0400,7
38189207734701,10:36:29.207,95.0400,7
38223205219306,10:37:03.205,95.0900,99
38246149284310,10:37:26.149,95.1200,100
38310290426732,10:38:30.290,95.1000,1
38310301095176,10:38:30.301,95.1300,10
38310301095176,10:38:30.301,95.1300,50
38338268217615,10:38:58.268,95.1300,50
38339232675293,10:38:59.232,95.1600,93
38339232675293,10:38:59.232,95.1900,3
38339232675293,10:38:59.232,95.1900,105
38340219812730,10:39:00.219,95.1400,38
38356103398098,10:39:16.103,95.2400,31
38488025974981,10:41:28.025,95.2100,50
38488937191272,10:41:28.937,95.2000,100
38545028513452,10:42:25.028,95.2100,100
38545114743948,10:42:25.114,95.2100,100
38556531610004,10:42:36.531,95.2100,5
38674564673664,10:44:34.564,95.2000,100
38682289683357,10:44:42.289,95.1900,100
38683170772947,10:44:43.170,95.1900,100
38692936583725,10:44:52.936,95.2000,195
38692936583725,10:44:52.936,95.2000,100
38692936583725,10:44:52.936,95.2000,5
38692937414926,10:44:52.937,95.2000,91
38693037144548,10:44:53.037,95.2100,32
38693992983954,10:44:53.992,95.2100,1
38694131603429,10:44:54.131,95.2100,100
38705099944597,10:45:05.099,95.2300,99
38707330005668,10:45:07.330,95.2300,1
38759328995351,10:45:59.328,95.2400,5
38760019518261,10:46:00.019,95.2400,1
38760019518261,10:46:00.019,95.2400,99
38798184199479,10:46:38.184,95.2700,100
38856199444040,10:47:36.199,95.2200,8
38856199444040,10:47:36.199,95.2200,92
38878533598248,10:47:58.533,95.2800,59
38878533598248,10:47:58.533,95.2800,41
38901836406691,10:48:21.836,95.2700,1
38907328585886,10:48:27.328,95.2800,259
38907328585886,10:48:27.328,95.2800,70
38907328585886,10:48:27.328,95.2800,1
38966321018356,10:49:26.321,95.2900,100
38966322049322,10:49:26.322,95.2800,100
38966322078481,10:49:26.322,95.2800,96
38966323698190,10:49:26.323,95.2700,100
39010752203622,10:50:10.752,95.3000,99
39010752786487,10:50:10.752,95.3000,1
39010752786487,10:50:10.752,95.3000,1
39070432707092,10:51:10.432,95.2800,100
39072803091890,10:51:12.803,95.2400,100
39072845778113,10:51:12.845,95.2600,100
39085026293673,10:51:25.026,95.2700,2
39148376767348,10:52:28.376,95.3300,2
39148377352546,10:52:28.377,95.3400,3
39238150654122,10:53:58.150,95.2600,100
39238150654122,10:53:58.150,95.2600,100
39238150993465,10:53:58.150,95.2200,6
39314122372936,10:55:14.122,95.2000,29
39318289432043,10:55:18.289,95.2300,100
39321093419024,10:55:21.093,95.2300,100
39321093428867,10:55:21.093,95.2300,100
39321093530642,10:55:21.093,95.2400,100
39321093912234,10:55:21.093,95.2400,54
39321093984298,10:55:21.093,95.2400,13
39321160009035,10:55:21.160,95.2400,23
39321160009035,10:55:21.160,95.2900,77
39510059187746,10:58:30.059,95.2500,100
39526260674217,10:58:46.260,95.2500,100
39526260730876,10:58:46.260,95.2500,47
39526260730876,10:58:46.260,95.2500,69
39526260730876,10:58:46.260,95.2500,3
39610179743211,11:00:10.179,95.2400,100
39655050345438,11:00:55.050,95.2100,3
39655050441628,11:00:55.050,95.2000,100
39655050441628,11:00:55.050,95.2000,100
39655050441628,11:00:55.050,95.2000,13
39655050442651,11:00:55.050,95.2000,53
39655050501224,11:00:55.050,95.2000,34
39655050501224,11:00:55.050,95.1800,16
39663313937254,11:01:03.313,95.2300,100
39663313978195,11:01:03.313,95.2300,3
39663482174354,11:01:03.482,95.2500,5
39663482730639,11:01:03.482,95.2500,3
39663482772954,11:01:03.482,95.2500,6
39663488556517,11:01:03.488,95.2500,1
39663540843901,11:01:03.540,95.2400,100
39681003092749,11:01:21.003,95.2500,85
39681003092749,11:01:21.003,95.2500,14
39681639656182,11:01:21.639,95.2500,14
39703701768275,11:01:43.701,95.2500,100
39703702362630,11:01:43.702,95.2500,100
39703702764289,11:01:43.702,95.2500,100
39704270021300,11:01:44.270,95.1900,100
39717622849140,11:01:57.622,95.1400,100
39717623816377,11:01:57.623,95.1000,70
39717623816377,11:01:57.623,95.1000,400
39717629856902,11:01:57.629,95.0300,100
39717629856902,11:01:57.629,95.0300,100
39717629856902,11:01:57.629,95.0300,200
39717632168161,11:01:57.632,95.0000,200
39717632168161,11:01:57.632,95.0000,100
39717632168161,11:01:57.632,95.0000,100
39717632215841,11:01:57.632,95.0000,100
39717633930606,11:01:57.633,94.9900,100
39717633936136,11:01:57.633,94.9900,100
39717633967874,11:01:57.633,94.9900,100
39717774592630,11:01:57.774,94.9900,100
39717774596614,11:01:57.774,94.9900,100
39717848326064,11:01:57.848,95.0000,100
39717848696034,11:01:57.848,94.9950,100
39717848697741,11:01:57.848,94.9900,100
39719648509832,11:01:59.648,95.0000,100
39719648557302,11:01:59.648,95.0000,100
39719648664457,11:01:59.648,95.0000,100
39719648774546,11:01:59.648,95.0000,100
39719649306303,11:01:59.649,95.0000,94
39719810952299,11:01:59.810,95.0000,6
39719810952299,11:01:59.810,95.0000,100
39719810987634,11:01:59.810,95.0000,106
39719811163218,11:01:59.811,95.0000,100
39719811163218,11:01:59.811,95.0000,100
39719813500207,11:01:59.813,95.0000,100
39719813517225,11:01:59.813,95.0000,200
39719813608097,11:01:59.813,94.9900,100
39719813632928,11:01:59.813,94.9900,100
39719813669477,11:01:59.813,95.0000,100
39719814039911,11:01:59.814,95.0000,4
39719814076005,11:01:59.814,95.0000,6
39719814076005,11:01:59.814,95.0000,94
39719826523055,11:01:59.826,95.0000,6
39722550437154,11:02:02.550,95.1000,25
39726788917435,11:02:06.788,95.0800,12
39726788917435,11:02:06.788,95.0800,20
39726788917435,11:02:06.788,95.0800,100
39726789999513,11:02:06.789,95.0500,100
39726791941235,11:02:06.791,95.0100,100
39726791941235,11:02:06.791,95.0100,100
39726885657342,11:02:06.885,95.0000,100
39726885659814,11:02:06.885,95.0000,100
39726885715393,11:02:06.885,95.0000,100
39726885900143,11:02:06.885,95.0000,100
39738159622815,11:02:18.159,95.0700,100
39738159622815,11:02:18.159,95.0700,100
39738160661793,11:02:18.160,95.0600,3
39738162651586,11:02:18.162,95.0000,100
39740351246770,11:02:20.351,94.9800,100
39740351274317,11:02:20.351,94.9800,100
39740351614024,11:02:20.351,94.9900,10
39740352190669,11:02:20.352,94.9900,100
39740352190669,11:02:20.352,94.9900,35
39740352283933,11:02:20.352,94.9900,100
39742487620160,11:02:22.487,95.0000,100
39746312931994,11:02:26.312,94.9700,96
39747491044081,11:02:27.491,94.9700,4
39758412837718,11:02:38.412,95.0000,100
39758413279383,11:02:38.413,95.0000,30
39774902534413,11:02:54.902,94.9900,100
39782582431468,11:03:02.582,95.0000,70
39782582431468,11:03:02.582,95.0000,30
39789867957250,11:03:09.867,95.0000,70
39789867957250,11:03:09.867,95.0000,30
39795026000183,11:03:15.026,95.0000,70
39795026000183,11:03:15.026,95.0000,30
39795026243503,11:03:15.026,95.0000,70
39795026243503,11:03:15.026,95.0000,30
39795026450318,11:03:15.026,95.0000,70
39795026450318,11:03:15.026,95.0000,100
39795026493059,11:03:15.026,95.0000,11
39795027362973,11:03:15.027,95.0000,100
39795028530416,11:03:15.028,95.0000,100
39800664029434,11:03:20.664,95.0000,100
39800684322366,11:03:20.684,95.0000,100
39803821870931,11:03:23.821,95.0000,100
39803822565814,11:03:23.822,95.0000,100
39804246415973,11:03:24.246,95.0000,31
39805023329982,11:03:25.023,95.0000,69
39805023329982,11:03:25.023,95.0000,31
39805500970691,11:03:25.500,95.0000,69
39805500970691,11:03:25.500,95.0000,31
39810221858570,11:03:30.221,95.0000,69
39810221858570,11:03:30.221,95.0000,31
39810669436051,11:03:30.669,95.0000,69
39810669436051,11:03:30.669,95.0000,9
39810669436051,11:03:30.669,95.0000,22
39814057741451,11:03:34.057,95.0000,78
39814057741451,11:03:34.057,95.0000,22
39814057850417,11:03:34.057,95.0000,78
39814058429769,11:03:34.058,95.0000,100
39814059263454,11:03:34.059,95.0000,100
39814060381571,11:03:34.060,95.0000,100
39814060381571,11:03:34.060,95.0000,1189
39841037631386,11:04:01.037,95.0100,6
39845017102953,11:04:05.017,95.0000,69
39845017102953,11:04:05.017,95.0000,31
39846935548500,11:04:06.935,95.0000,69
39876193979555,11:04:36.193,95.0600,100
39876193979555,11:04:36.193,95.0600,100
39883054891690,11:04:43.054,95.1000,100
39883054932674,11:04:43.054,95.0500,4
39883054932674,11:04:43.054,95.0500,111
39960351377456,11:06:00.351,95.1500,99
39960614722113,11:06:00.614,95.1500,1
40000935079006,11:06:40.935,95.2500,1
40051202738692,11:07:31.202,95.2000,100
40051202828605,11:07:31.202,95.1900,23
40052031002794,11:07:32.031,95.1500,9
40100045445815,11:08:20.045,95.2200,99
40100045499361,11:08:20.045,95.2200,1
40166700117856,11:09:26.700,95.2800,3
40269947549596,11:11:09.947,95.2600,2
40269947549596,11:11:09.947,95.2600,98
40276431898022,11:11:16.431,95.2400,100
40276432430851,11:11:16.432,95.2200,100
40303273354419,11:11:43.273,95.2300,100
40415658493674,11:13:35.658,95.3000,2
40415658493674,11:13:35.658,95.3000,73
40522372130519,11:15:22.372,95.2900,6
40522796511854,11:15:22.796,95.3000,100
40531937702635,11:15:31.937,95.3000,1
40531939876897,11:15:31.939,95.2900,100
40531940670507,11:15:31.940,95.2800,17
40547418245450,11:15:47.418,95.2600,23
40561321650455,11:16:01.321,95.2900,3
40655032345631,11:17:35.032,95.3100,100
40655032405541,11:17:35.032,95.3100,55
40685021112565,11:18:05.021,95.3250,4
40698287553093,11:18:18.287,95.3300,95
40698287553093,11:18:18.287,95.3400,5
40698287636281,11:18:18.287,95.3400,62
40698296689847,11:18:18.296,95.3200,10
40698296689847,11:18:18.296,95.3200,90
40698297330521,11:18:18.297,95.3000,1
40698297330521,11:18:18.297,95.3000,1
40752323750221,11:19:12.323,95.3400,10
40752323750221,11:19:12.323,95.3400,10
40811660310053,11:20:11.660,95.3400,100
40847305926921,11:20:47.305,95.3000,100
40847306840960,11:20:47.306,95.2900,100
40847306883869,11:20:47.306,95.2900,100
40875290746678,11:21:15.290,95.2500,1
40875290746678,11:21:15.290,95.2500,1
40931882442193,11:22:11.882,95.2900,53
40931882442193,11:22:11.882,95.2900,100
40931882442193,11:22:11.882,95.2900,100
40931882442193,11:22:11.882,95.2900,2
40946071800507,11:22:26.071,95.3000,72
41017967312424,11:23:37.967,95.3300,100
41017967366964,11:23:37.967,95.3200,100
41062065911958,11:24:22.065,95.3100,20
41062067341824,11:24:22.067,95.3100,22
41113793165583,11:25:13.793,95.3700,8
41117434598656,11:25:17.434,95.2800,54
41117436062434,11:25:17.436,95.2800,46
41117436062434,11:25:17.436,95.2800,8
41136217204297,11:25:36.217,95.3100,1
41156241137513,11:25:56.241,95.2800,92
41156241137513,11:25:56.241,95.2800,8
41172745607524,11:26:12.745,95.3400,100
41172745694191,11:26:12.745,95.3400,4
41172745694191,11:26:12.745,95.3400,53
41208993838441,11:26:48.993,95.3700,100
41233057861976,11:27:13.057,95.3800,99
41359077119534,11:29:19.077,95.4000,100
41362349289537,11:29:22.349,95.3600,10
41362349289537,11:29:22.349,95.3600,90
41362349292921,11:29:22.349,95.3600,10
41362349524544,11:29:22.349,95.3500,10
41387968571233,11:29:47.968,95.3200,4
41390897987532,11:29:50.897,95.3700,74
41411126226139,11:30:11.126,95.3600,22
41440952141872,11:30:40.952,95.3900,4
41451076213193,11:30:51.076,95.4000,8
41451076278393,11:30:51.076,95.4000,28
41454465755804,11:30:54.465,95.3600,77
41454465793841,11:30:54.465,95.3600,23
41612130662075,11:33:32.130,95.3800,9
41703219966256,11:35:03.219,95.4000,5
41721179913900,11:35:21.179,95.3900,100
41721180207778,11:35:21.180,95.3900,5
41721180207778,11:35:21.180,95.3900,53
41726162773507,11:35:26.162,95.3600,100
41726162773507,11:35:26.162,95.3600,100
41844141403492,11:37:24.141,95.3700,100
41849114911973,11:37:29.114,95.3650,26
41856840554688,11:37:36.840,95.3700,3
41871272513113,11:37:51.272,95.3800,100
41871274812529,11:37:51.274,95.3700,74
41871275004285,11:37:51.275,95.3500,100
41871275069273,11:37:51.275,95.3500,100
41903156445142,11:38:23.156,95.3300,100
41903156461092,11:38:23.156,95.3200,2
41903156461092,11:38:23.156,95.3200,6
41903973192427,11:38:23.973,95.2800,100
41909039425720,11:38:29.039,95.3000,1
41933599308415,11:38:53.599,95.3100,86
41933599308415,11:38:53.599,95.3200,57
41933599818171,11:38:53.599,95.3200,43
41933599818171,11:38:53.599,95.3200,33
41942831047035,11:39:02.831,95.3200,5
41978253515260,11:39:38.253,95.3800,100
41996456630446,11:39:56.456,95.3800,39
42067519012348,11:41:07.519,95.4100,5
42067519012348,11:41:07.519,95.4200,94
42103947392413,11:41:43.947,95.3500,1
42103947392413,11:41:43.947,95.3500,100
42103947643373,11:41:43.947,95.3400,4
42157754544282,11:42:37.754,95.3300,3
42174621099112,11:42:54.621,95.3700,100
42183576569214,11:43:03.576,95.4000,99
42197408855182,11:43:17.408,95.4000,100
42201240280090,11:43:21.240,95.3700,100
42218670303806,11:43:38.670,95.4300,89
42255475687425,11:44:15.475,95.4300,93
42267186086390,11:44:27.186,95.4300,83
42267186086390,11:44:27.186,95.4400,17
42267186202830,11:44:27.186,95.4000,10
42269994186009,11:44:29.994,95.3800,17
42328387842047,11:45:28.387,95.3600,90
42328387845867,11:45:28.387,95.3600,10
42328387849907,11:45:28.387,95.3600,10
42328387873555,11:45:28.387,95.3600,10
42328388427732,11:45:28.388,95.3400,100
42333766967655,11:45:33.766,95.3000,1
42333767202801,11:45:33.767,95.3000,9
42537044639808,11:48:57.044,95.2400,1
42537044639808,11:48:57.044,95.2400,1
42617096926852,11:50:17.096,95.2700,29
42617096928536,11:50:17.096,95.2700,9
42617096947370,11:50:17.096,95.2700,49
42617096947370,11:50:17.096,95.2700,56
42617096950775,11:50:17.096,95.2700,44
42617096950775,11:50:17.096,95.2700,9
42617096959402,11:50:17.096,95.2700,10
42617096959402,11:50:17.096,95.2700,42
42617097040499,11:50:17.097,95.2700,58
42617097040499,11:50:17.097,95.2700,21
42617097040499,11:50:17.097,95.2700,1
42617097617495,11:50:17.097,95.2800,100
42668520024045,11:51:08.520,95.3000,100
42708675679811,11:51:48.675,95.3000,100
42992032196085,11:56:32.032,95.2000,1
43086035656042,11:58:06.035,95.2100,1
43104668875493,11:58:24.668,95.1700,2
43104668895474,11:58:24.668,95.1500,20
43109019212549,11:58:29.019,95.1600,1
43161233676283,11:59:21.233,95.1400,1
43228030383975,12:00:28.030,95.1300,1
43276780205707,12:01:16.780,95.1400,1
43315191448450,12:01:55.191,95.1400,1
43320023104684,12:02:00.023,95.1700,100
43320023180975,12:02:00.023,95.1700,100
43391079189584,12:03:11.079,95.1900,100
43391079189584,12:03:11.079,95.1900,8
43403018919707,12:03:23.018,95.2100,100
43405873456415,12:03:25.873,95.2100,1
43405873507033,12:03:25.873,95.2000,76
43405873723122,12:03:25.873,95.2000,24
43405873723122,12:03:25.873,95.2000,2
43408241246325,12:03:28.241,95.1700,100
43408241246325,12:03:28.241,95.1700,100
43408242323139,12:03:28.242,95.1600,28
43471238231184,12:04:31.238,95.1400,1
43528777375596,12:05:28.777,95.1800,100
43583946935799,12:06:23.946,95.2100,1
43588036196096,12:06:28.036,95.2100,1
43599414255640,12:06:39.414,95.2400,11
43599414255640,12:06:39.414,95.2600,1
43599414255640,12:06:39.414,95.2600,1
43599414255640,12:06:39.414,95.2600,2
43611241010625,12:06:51.241,95.2500,1
43648028922225,12:07:28.028,95.2300,1
43701257673128,12:08:21.257,95.2200,1
43715520599753,12:08:35.520,95.2200,1
43761255433188,12:09:21.255,95.2200,1
43775712854200,12:09:35.712,95.2000,1
43775712854200,12:09:35.712,95.2000,25
43778449828230,12:09:38.449,95.1900,1
43786324719715,12:09:46.324,95.2200,100
43793017750558,12:09:53.017,95.2400,1
43830538542798,12:10:30.538,95.2400,1
43847040553672,12:10:47.040,95.2700,1
43847040784590,12:10:47.040,95.2700,14
43888038249914,12:11:28.038,95.2700,1
43907780181111,12:11:47.780,95.2800,1
43911244579629,12:11:51.244,95.2800,1
43949061337869,12:12:29.061,95.2800,2
43995525644299,12:13:15.525,95.2900,1
43995527237898,12:13:15.527,95.2800,1
43995527978211,12:13:15.527,95.2700,10
44009598827445,12:13:29.598,95.2700,1
44009610388045,12:13:29.610,95.2900,100
44028197871245,12:13:48.197,95.3000,1
44034370309105,12:13:54.370,95.3100,2
44034370413605,12:13:54.370,95.3100,98
44034371080967,12:13:54.371,95.3100,2
44034371080967,12:13:54.371,95.3100,100
44034388016158,12:13:54.388,95.3200,2
44068148834150,12:14:28.148,95.3200,1
44069040002246,12:14:29.040,95.3200,1
44072569831775,12:14:32.569,95.3100,100
44072569963031,12:14:32.569,95.3000,4
44072569988725,12:14:32.569,95.3000,96
44073083130696,12:14:33.083,95.2900,100
44111537621065,12:15:11.537,95.2800,100
44188350034037,12:16:28.350,95.2500,1
44211261717839,12:16:51.261,95.2500,1
44257796590545,12:17:37.796,95.2500,1
44273470990026,12:17:53.470,95.2700,100
44285774421027,12:18:05.774,95.2900,1
44313027874608,12:18:33.027,95.2900,1
44324021843187,12:18:44.021,95.3000,4
44368025816483,12:19:28.025,95.3000,1
44372550483956,12:19:32.550,95.2900,2
44411260712745,12:20:11.260,95.3000,1
44436033295532,12:20:36.033,95.3000,1
44471655265512,12:21:11.655,95.3200,1
44489027552026,12:21:29.027,95.2800,1
44498734062432,12:21:38.734,95.3000,100
44498743969164,12:21:38.743,95.3300,2
44498743969164,12:21:38.743,95.3300,98
44505458358977,12:21:45.458,95.3300,100
44511922619184,12:21:51.922,95.3200,1
44511922619184,12:21:51.922,95.3200,7
44529185705724,12:22:09.185,95.3400,2
44529190717432,12:22:09.190,95.3500,2
44531932282837,12:22:11.932,95.3200,93
44531933100981,12:22:11.933,95.3000,1
44531933100981,12:22:11.933,95.3000,18
44543381627683,12:22:23.381,95.2700,138
44543381664050,12:22:23.381,95.2700,62
44576938064053,12:22:56.938,95.2800,1
44586263817183,12:23:06.263,95.2800,1
44610577717613,12:23:30.577,95.2500,1
44631045096981,12:23:51.045,95.2400,2
44669037220579,12:24:29.037,95.2200,2
44670027462609,12:24:30.027,95.2300,1
44670027462609,12:24:30.027,95.2300,99
44670027551223,12:24:30.027,95.2300,1
44708892156480,12:25:08.892,95.2400,1
44736028006511,12:25:36.028,95.2400,1
44773159181712,12:26:13.159,95.2400,1
44786061426842,12:26:26.061,95.2400,1
44791028208860,12:26:31.028,95.2200,1
44831264152421,12:27:11.264,95.2300,2
44843935509316,12:27:23.935,95.2400,33
44843935545797,12:27:23.935,95.2400,63
44857690038153,12:27:37.690,95.2400,16
44857690075333,12:27:37.690,95.2400,16
44857690733123,12:27:37.690,95.2300,14
44892758957576,12:28:12.758,95.2400,1
44908679623732,12:28:28.679,95.2400,1
44916548051880,12:28:36.548,95.2300,1
44916548051880,12:28:36.548,95.2300,99
44916548056847,12:28:36.548,95.2300,1
44916548098935,12:28:36.548,95.2300,100
44938486909084,12:28:58.486,95.2500,1
44959645630396,12:29:19.645,95.2500,99
44959645630396,12:29:19.645,95.2500,1
44959645660838,12:29:19.645,95.2500,99
44961048495461,12:29:21.048,95.2500,100
44961066234858,12:29:21.066,95.2500,8
44962432590437,12:29:22.432,95.2400,2
44980833195257,12:29:40.833,95.2400,74
45021232923267,12:30:21.232,95.2600,1
45021232923267,12:30:21.232,95.2600,9
45071740873356,12:31:11.740,95.2500,1
45071741107903,12:31:11.741,95.2400,1
45071741107903,12:31:11.741,95.2400,99
45071741334118,12:31:11.741,95.2400,101
45071741334118,12:31:11.741,95.2400,10
45072718580395,12:31:12.718,95.2300,100
45101453097786,12:31:41.453,95.2400,13
45101453167562,12:31:41.453,95.2400,4
45135891652571,12:32:15.891,95.2500,1
45161063030389,12:32:41.063,95.2500,1
45171633541503,12:32:51.633,95.2400,1
45171633541503,12:32:51.633,95.2400,15
45171633541503,12:32:51.633,95.2400,84
45208459245238,12:33:28.459,95.2400,1
45222091616224,12:33:42.091,95.2600,92
45222091657609,12:33:42.091,95.2600,8
45222091657609,12:33:42.091,95.2600,100
45222091657609,12:33:42.091,95.2600,1
45222091657609,12:33:42.091,95.2600,10
45226056453763,12:33:46.056,95.2700,12
45257902838690,12:34:17.902,95.2600,1
45263041556196,12:34:23.041,95.2700,1
45281029824211,12:34:41.029,95.2600,1
45286049326824,12:34:46.049,95.2600,1
45313012325730,12:35:13.012,95.2700,3
45314858569942,12:35:14.858,95.2300,97
45314858579247,12:35:14.858,95.2300,3
45314858579247,12:35:14.858,95.2300,15
45314858770410,12:35:14.858,95.2200,100
45314859870241,12:35:14.859,95.2200,100
45315777979344,12:35:15.777,95.2100,100
45316066600909,12:35:16.066,95.1900,26
45316066629214,12:35:16.066,95.1900,74
45328033211031,12:35:28.033,95.2000,2
45388623986187,12:36:28.623,95.2000,2
45406198855087,12:36:46.198,95.2000,1
45417912143849,12:36:57.912,95.2200,1
45417912262707,12:36:57.912,95.2100,6
45417912334852,12:36:57.912,95.2100,4
45427106333189,12:37:07.106,95.2100,1
45440892236142,12:37:20.892,95.2100,10
45446892924345,12:37:26.892,95.2100,1
45491212538157,12:38:11.212,95.2000,10
45508037780688,12:38:28.037,95.2000,1
45508037853438,12:38:28.037,95.2000,1
45540581122376,12:39:00.581,95.2000,1
45541548169551,12:39:01.548,95.1900,1
45541548169551,12:39:01.548,95.1900,1
45541548169551,12:39:01.548,95.1900,1
45541565866286,12:39:01.565,95.1600,2
45541565917881,12:39:01.565,95.1600,98
45579015330903,12:39:39.015,95.1400,1
45579021807853,12:39:39.021,95.1500,34
45629027716064,12:40:29.027,95.1300,1
45629028327167,12:40:29.028,95.1200,1
45629028327167,12:40:29.028,95.1200,1
45629028327167,12:40:29.028,95.1200,2
45629028327167,12:40:29.028,95.1200,9
45658441317924,12:40:58.441,95.1400,100
45720015493444,12:42:00.015,95.1600,3
45773044446684,12:42:53.044,95.1200,1
45773044446684,12:42:53.044,95.1200,1
45773044446684,12:42:53.044,95.1200,1
45830018475944,12:43:50.018,95.1300,79
45830018475944,12:43:50.018,95.1300,12
45899567717773,12:44:59.567,95.1100,1
45899568418059,12:44:59.568,95.1000,1
45899569664887,12:44:59.569,95.0900,42
45899569690885,12:44:59.569,95.0900,58
45922210886593,12:45:22.210,95.0700,1
45922211044139,12:45:22.211,95.0700,2
45922211094084,12:45:22.211,95.0700,98
46036037372515,12:47:16.037,95.0600,10
46036037372515,12:47:16.037,95.0600,7
46122200833988,12:48:42.200,95.0800,100
46142245029870,12:49:02.245,95.1000,2
46142245055338,12:49:02.245,95.1000,47
46142245057331,12:49:02.245,95.1000,51
46200036917007,12:50:00.036,95.1200,9
46201697390509,12:50:01.697,95.1400,100
46279160346705,12:51:19.160,95.1600,1
46279160346705,12:51:19.160,95.1600,1
46308738592118,12:51:48.738,95.1300,6
46308738592118,12:51:48.738,95.1300,1
46410167940741,12:53:30.167,95.1200,100
46450223598927,12:54:10.223,95.1200,1
46450223598927,12:54:10.223,95.1200,1
46450223598927,12:54:10.223,95.1200,1
46450223676028,12:54:10.223,95.1300,100
46450223702802,12:54:10.223,95.1300,10
46450223919520,12:54:10.223,95.1400,39
46450223929314,12:54:10.223,95.1400,10
46478009556696,12:54:38.009,95.1400,39
46485192322948,12:54:45.192,95.1400,1
46486256545289,12:54:46.256,95.1400,100
46498127617667,12:54:58.127,95.1500,100
46528387400178,12:55:28.387,95.1400,1
46572101176520,12:56:12.101,95.1600,100
46572101176520,12:56:12.101,95.1600,31
46572101176520,12:56:12.101,95.1600,7
46572101176520,12:56:12.101,95.1600,1
46613690953383,12:56:53.690,95.1900,100
46639901225115,12:57:19.901,95.1700,95
46639901255148,12:57:19.901,95.1700,5
46639901255148,12:57:19.901,95.1700,10
46639901255148,12:57:19.901,95.1700,100
46690022714593,12:58:10.022,95.1300,1
46712187912941,12:58:32.187,95.1200,9
46712187965454,12:58:32.187,95.1100,100
46766276839660,12:59:26.276,95.0900,2
46766276862487,12:59:26.276,95.0900,3
46809309704454,13:00:09.309,95.1000,1
46809309704454,13:00:09.309,95.1000,99
46809309730476,13:00:09.309,95.1000,1
46857045706337,13:00:57.045,95.1200,40
46857045706337,13:00:57.045,95.1200,2
46857045865566,13:00:57.045,95.1200,100
46911953512293,13:01:51.953,95.1400,1
46963143682561,13:02:43.143,95.1000,100
46997225825568,13:03:17.225,95.0900,100
46997225825568,13:03:17.225,95.0900,9
46997225825568,13:03:17.225,95.0900,7
47051485319697,13:04:11.485,95.1100,1
47078731111728,13:04:38.731,95.1200,26
47157057689207,13:05:57.057,95.1100,1
47164034483451,13:06:04.034,95.1200,100
47224557126554,13:07:04.557,95.1300,2
47224557126554,13:07:04.557,95.1300,9
47224610373782,13:07:04.610,95.1100,1
47278194011570,13:07:58.194,95.1300,100
47282348463889,13:08:02.348,95.1300,100
47282349081658,13:08:02.349,95.1000,1
47282349618952,13:08:02.349,95.1000,100
47340129505106,13:09:00.129,95.1300,100
47361035789902,13:09:21.035,95.1400,2
47361035789902,13:09:21.035,95.1400,7
47367869552936,13:09:27.869,95.1000,2
47452116510177,13:10:52.116,95.1200,1
47483210522278,13:11:23.210,95.1400,96
47502543467620,13:11:42.543,95.1200,1
47513490344333,13:11:53.490,95.1400,4
47513490344333,13:11:53.490,95.1400,2
47513490344333,13:11:53.490,95.1400,94
47513566438134,13:11:53.566,95.1200,1
47524224750857,13:12:04.224,95.1200,1
47548042706200,13:12:28.042,95.1200,1
47598790417600,13:13:18.790,95.1500,3
47598790417600,13:13:18.790,95.1500,28
47598790417600,13:13:18.790,95.1500,6
47599080901967,13:13:19.080,95.1500,1
47599080901967,13:13:19.080,95.1500,100
47616831286669,13:13:36.831,95.1450,100
47616831297834,13:13:36.831,95.1200,1
47616831297834,13:13:36.831,95.1200,96
47616831300828,13:13:36.831,95.1450,100
47635212929540,13:13:55.212,95.1200,65
47635213657324,13:13:55.213,95.1000,100
47669029938777,13:14:29.029,95.0900,1
47698131456085,13:14:58.131,95.0900,5
47737611218327,13:15:37.611,95.1200,32
47737611218327,13:15:37.611,95.1200,68
47737611229029,13:15:37.611,95.1200,32
47737611244704,13:15:37.611,95.1200,32
47737611476383,13:15:37.611,95.1300,63
47738041112929,13:15:38.041,95.1300,1
47741279427592,13:15:41.279,95.1400,1
47786076759913,13:16:26.076,95.1400,1
47817064449617,13:16:57.064,95.1400,1
47832678806133,13:17:12.678,95.1400,100
47832678888583,13:17:12.678,95.1200,1
47832678888583,13:17:12.678,95.1200,1
47860196059643,13:17:40.196,95.1100,1
47894110816169,13:18:14.110,95.1100,1
47908028074272,13:18:28.028,95.1100,1
47908028104657,13:18:28.028,95.1100,1
47908057108555,13:18:28.057,95.1000,1
47914458261537,13:18:34.458,95.0800,100
47927300500846,13:18:47.300,95.0700,9
47973987221790,13:19:33.987,95.0600,1
47997041440177,13:19:57.041,95.0700,100
47997041440177,13:19:57.041,95.0700,10
47997041484284,13:19:57.041,95.0700,100
47997043308856,13:19:57.043,95.0800,1
48029044588330,13:20:29.044,95.0800,1
48040443263133,13:20:40.443,95.0700,1
48040443263133,13:20:40.443,95.0700,1
48045861723749,13:20:45.861,95.0600,1
48099287231724,13:21:39.287,95.0600,1
48105671764796,13:21:45.671,95.0600,1
48117286128763,13:21:57.286,95.0500,1
48122395812793,13:22:02.395,95.0400,1
48122395812793,13:22:02.395,95.0400,60
48122397265137,13:22:02.397,95.0400,40
48127481452251,13:22:07.481,95.0200,100
48131021159280,13:22:11.021,95.0100,1
48131021159280,13:22:11.021,95.0100,3
48131021159280,13:22:11.021,95.0100,9
48131021159280,13:22:11.021,95.0100,67
48131021166176,13:22:11.021,95.0100,33
48131021166176,13:22:11.021,95.0100,65
48131021170135,13:22:11.021,95.0100,24
48131021191503,13:22:11.021,95.0100,11
48131172729937,13:22:11.172,95.0500,100
48191297225567,13:23:11.297,95.0400,1
48200963695855,13:23:20.963,95.0600,10
48200963720330,13:23:20.963,95.0600,84
48200963720330,13:23:20.963,95.0600,100
48268045102653,13:24:28.045,95.0800,1
48271183523077,13:24:31.183,95.0900,16
48271183523077,13:24:31.183,95.0900,4
48271183523077,13:24:31.183,95.0900,83
48304978243343,13:25:04.978,95.1000,1
48305046341195,13:25:05.046,95.0800,100
48305046418021,13:25:05.046,95.0800,100
48328025670074,13:25:28.025,95.0700,1
48360828909671,13:26:00.828,95.0600,56
48388029777662,13:26:28.029,95.0700,1
48393608725381,13:26:33.608,95.0900,4
48393608725381,13:26:33.608,95.0900,100
48393608725381,13:26:33.608,95.0900,50
48411041124655,13:26:51.041,95.1100,1
48448028652487,13:27:28.028,95.1100,1
48470460227906,13:27:50.460,95.0900,1
48508028400848,13:28:28.028,95.1000,1
48536046800731,13:28:56.046,95.0900,1
48542977954981,13:29:02.977,95.0800,100
48597474099757,13:29:57.474,95.0700,100
48636288277831,13:30:36.288,95.0700,1
48687480322368,13:31:27.480,95.0700,1
48687480322368,13:31:27.480,95.0700,99
48687480338337,13:31:27.480,95.0700,1
48700046313204,13:31:40.046,95.0600,1
48700046313204,13:31:40.046,95.0600,3
48818145566410,13:33:38.145,95.0300,100
48824606083036,13:33:44.606,95.0300,2
48824606083036,13:33:44.606,95.0300,11
48830114133146,13:33:50.114,95.0300,1
48830117340546,13:33:50.117,95.0100,100
48830159115748,13:33:50.159,95.0100,100
48883046852317,13:34:43.046,94.9900,100
48887043909664,13:34:47.043,94.9500,100
48890594962333,13:34:50.594,94.9400,1
48928043852764,13:35:28.043,94.9400,1
48931126262516,13:35:31.126,94.9400,9
48943808296816,13:35:43.808,94.9600,5
48943808296816,13:35:43.808,94.9600,100
48943808663645,13:35:43.808,94.9700,100
48943808688111,13:35:43.808,94.9700,200
48958049176120,13:35:58.049,95.0100,77
49012033222320,13:36:52.033,95.0000,1
49012033566732,13:36:52.033,94.9800,10
49016036110478,13:36:56.036,94.9800,100
49045372645803,13:37:25.372,95.0000,10
49045372687104,13:37:25.372,95.0100,12
49086050290621,13:38:06.050,95.0200,1
49137044355433,13:38:57.044,94.9900,1
49137076749862,13:38:57.076,94.9800,4
49137076749862,13:38:57.076,94.9800,96
49168040161300,13:39:28.040,94.9900,1
49168040383264,13:39:28.040,95.0200,13
49168040383264,13:39:28.040,95.0200,2
49168040383264,13:39:28.040,95.0200,25
49168040409597,13:39:28.040,95.0200,75
49237031098628,13:40:37.031,95.0000,1
49303253496204,13:41:43.253,95.0000,2
49312039147153,13:41:52.039,95.0000,1
49352342855593,13:42:32.342,94.9900,1
49352344011527,13:42:32.344,95.0200,68
49368363890550,13:42:48.363,95.0300,13
49387031062911,13:43:07.031,95.0400,1
49391600349486,13:43:11.600,95.0200,100
49391622637123,13:43:11.622,95.0000,100
49501406379240,13:45:01.406,94.9800,1
49506128197508,13:45:06.128,94.9900,1
49506128197508,13:45:06.128,94.9900,100
49550064477345,13:45:50.064,94.9800,4
49591320414852,13:46:31.320,94.9600,1
49591320933328,13:46:31.320,94.9400,14
49592527981756,13:46:32.527,94.9600,21
49595288015195,13:46:35.288,94.9700,1
49595288015195,13:46:35.288,94.9700,30
49672033360874,13:47:52.033,94.9200,1
49672033360874,13:47:52.033,94.9200,99
49672538490332,13:47:52.538,94.9000,100
49680467109601,13:48:00.467,94.8800,2
49879331292093,13:51:19.331,94.8400,100
49879331328704,13:51:19.331,94.8400,26
49879331328704,13:51:19.331,94.8400,100
49879331328704,13:51:19.331,94.8400,100
49879331714145,13:51:19.331,94.8500,98
49879332615373,13:51:19.332,94.8500,90
49879332640578,13:51:19.332,94.8500,12
49879332640578,13:51:19.332,94.8500,1
49917174421614,13:51:57.174,94.8700,8
49919051631099,13:51:59.051,94.8700,1
49983664259055,13:53:03.664,94.8700,54
49983664272452,13:53:03.664,94.8700,37
49995727570899,13:53:15.727,94.9000,13
49995729334427,13:53:15.729,94.9400,67
50010327947501,13:53:30.327,94.9400,33
50109427730246,13:55:09.427,94.9600,20
50203042621253,13:56:43.042,94.9000,4
50203042621253,13:56:43.042,94.9000,1
50253197869130,13:57:33.197,94.9000,1
50304814102725,13:58:24.814,94.8900,1
50304814102725,13:58:24.814,94.8900,7
50304814771122,13:58:24.814,94.8700,3
50331668778112,13:58:51.668,94.8600,5
50331669097008,13:58:51.669,94.8600,5
50331669102858,13:58:51.669,94.8500,1
50341173896172,13:59:01.173,94.8300,9
50369029057066,13:59:29.029,94.8300,1
50402707146257,14:00:02.707,94.8900,100
50406737412746,14:00:06.737,94.9100,10
50406737420599,14:00:06.737,94.9100,1
50406737420599,14:00:06.737,94.9100,46
50406737476005,14:00:06.737,94.9100,54
50406737476005,14:00:06.737,94.9100,3
50406782693176,14:00:06.782,94.9200,100
50409000824908,14:00:09.000,94.9600,100
50415163927146,14:00:15.163,95.0600,5
50415163927146,14:00:15.163,95.0600,15
50415164028910,14:00:15.164,95.0800,4
50415164028910,14:00:15.164,95.0800,6
50415628802662,14:00:15.628,95.0900,10
50456209880451,14:00:56.209,95.0800,100
50456209880451,14:00:56.209,95.1000,10
50457631471973,14:00:57.631,95.1000,100
50457645277131,14:00:57.645,95.1100,7
50463856569624,14:01:03.856,95.1200,10
50464459909781,14:01:04.459,95.1300,5
50471959178663,14:01:11.959,95.1400,10
50471959178663,14:01:11.959,95.1400,12
50471965564180,14:01:11.965,95.1400,16
50481647471341,14:01:21.647,95.1600,16
50481647496155,14:01:21.647,95.1900,1
50481647496155,14:01:21.647,95.1900,14
50536199518009,14:02:16.199,95.2200,100
50548033903886,14:02:28.033,95.1200,4
50548033903886,14:02:28.033,95.1200,100
50548033903886,14:02:28.033,95.1200,4
50548034132429,14:02:28.034,95.0900,100
50548034140557,14:02:28.034,95.0800,100
50548034141775,14:02:28.034,95.0800,100
50608034666534,14:03:28.034,95.1900,100
50608034666534,14:03:28.034,95.1900,100
50608034679799,14:03:28.034,95.2000,66
50608034679799,14:03:28.034,95.2000,100
50608034679799,14:03:28.034,95.2000,7
50608034679799,14:03:28.034,95.2000,27
50608034914619,14:03:28.034,95.2000,73
50608035331883,14:03:28.035,95.2200,100
50608035775153,14:03:28.035,95.2200,100
50608035917584,14:03:28.035,95.2300,36
50608035924487,14:03:28.035,95.2300,4
50608036524872,14:03:28.036,95.2300,48
50608036531321,14:03:28.036,95.2300,12
50633369072583,14:03:53.369,95.2100,12
50633369072583,14:03:53.369,95.2100,100
50791452918009,14:06:31.452,95.3400,1
50928068173685,14:08:48.068,95.4000,100
51029466984673,14:10:29.466,95.3400,4
51029467045444,14:10:29.467,95.3300,100
51029467161354,14:10:29.467,95.3200,76
51029467172165,14:10:29.467,95.3200,24
51029467722422,14:10:29.467,95.3200,9
51029467740318,14:10:29.467,95.3200,91
51029497080077,14:10:29.497,95.2900,41
51029999052464,14:10:29.999,95.2900,59
51030032720833,14:10:30.032,95.3000,1
51035531921286,14:10:35.531,95.3600,24
51035531921286,14:10:35.531,95.3600,8
51065416314086,14:11:05.416,95.4300,12
51065416314086,14:11:05.416,95.4300,5
51065416314086,14:11:05.416,95.4300,83
51065416344144,14:11:05.416,95.4300,17
51065416412300,14:11:05.416,95.4600,2
51065416417973,14:11:05.416,95.4600,47
51065416446266,14:11:05.416,95.4600,5
51065416482627,14:11:05.416,95.4600,2
51065416488427,14:11:05.416,95.4600,2
51065416515751,14:11:05.416,95.4600,42
51065416621940,14:11:05.416,95.4800,100
51065416665080,14:11:05.416,95.4800,100
51111551657101,14:11:51.551,95.4500,100
51145487726613,14:12:25.487,95.4000,11
51150873405701,14:12:30.873,95.4300,1
51150873700013,14:12:30.873,95.4400,53
51174385539912,14:12:54.385,95.5000,13
51174385539912,14:12:54.385,95.5000,4
51174385539912,14:12:54.385,95.5000,100
51174385539912,14:12:54.385,95.5000,83
51174385573055,14:12:54.385,95.5000,17
51186029988060,14:13:06.029,95.5500,1
51240070872445,14:14:00.070,95.5200,100
51270036999457,14:14:30.036,95.5000,2
51270037389756,14:14:30.037,95.4700,68
51271033753570,14:14:31.033,95.4700,32
51275820258919,14:14:35.820,95.4800,1
51300885279984,14:15:00.885,95.5400,100
51337432097646,14:15:37.432,95.5000,1
51346931891785,14:15:46.931,95.5100,1
51381562676622,14:16:21.562,95.5400,15
51381562676622,14:16:21.562,95.5400,85
51381562719411,14:16:21.562,95.5400,15
51398518013261,14:16:38.518,95.5900,5
51398519101304,14:16:38.519,95.5900,100
51411053745517,14:16:51.053,95.6600,1
51411053745517,14:16:51.053,95.6600,100
51455038188847,14:17:35.038,95.6300,6
51455038188847,14:17:35.038,95.6300,4
51455038188847,14:17:35.038,95.6300,12
51455038188847,14:17:35.038,95.6300,1
51455038188847,14:17:35.038,95.6300,100
51455038188847,14:17:35.038,95.6300,77
51455038219117,14:17:35.038,95.6300,23
51455637792445,14:17:35.637,95.6600,1
51456330918511,14:17:36.330,95.6300,100
51457469425263,14:17:37.469,95.6500,100
51470243595773,14:17:50.243,95.5900,15
51470243604947,14:17:50.243,95.5900,48
51470243801336,14:17:50.243,95.5900,37
51470243814957,14:17:50.243,95.5800,100
51477038167950,14:17:57.038,95.6200,100
51489287845206,14:18:09.287,95.6500,100
51489287845206,14:18:09.287,95.6500,100
51524638468404,14:18:44.638,95.6500,100
51524638468404,14:18:44.638,95.6500,100
51565387697733,14:19:25.387,95.6200,1
51569036384870,14:19:29.036,95.6400,1
51573612606119,14:19:33.612,95.6700,100
51591265717949,14:19:51.265,95.6800,5
51591268215087,14:19:51.268,95.6500,2
51591270565435,14:19:51.270,95.6500,9
51591271002650,14:19:51.271,95.6500,8
51601369154017,14:20:01.369,95.6700,100
51601369154017,14:20:01.369,95.6700,299
51628033809256,14:20:28.033,95.6200,1
51688030208714,14:21:28.030,95.6400,1
51692250300704,14:21:32.250,95.7000,100
51692250327888,14:21:32.250,95.7000,21
51692250327888,14:21:32.250,95.7000,100
51692250374306,14:21:32.250,95.7100,1
51711042284314,14:21:51.042,95.7400,1
51711042364773,14:21:51.042,95.7500,1
51759089527940,14:22:39.089,95.7600,1
51786624857398,14:23:06.624,95.8000,1
51786625198313,14:23:06.625,95.8100,1
51787028970288,14:23:07.028,95.8700,1
51825280884372,14:23:45.280,95.8200,5
51861035191413,14:24:21.035,95.7800,1
51861035395187,14:24:21.035,95.7400,1
51872142863579,14:24:32.142,95.7200,4
51879568694829,14:24:39.568,95.7200,1
51882203581017,14:24:42.203,95.7800,100
51882203617939,14:24:42.203,95.7800,100
51882203656404,14:24:42.203,95.7800,100
51882204288133,14:24:42.204,95.7400,100
51925518324664,14:25:25.518,95.7300,1
51925518324664,14:25:25.518,95.7300,5
51925518352053,14:25:25.518,95.7200,123
51925525427785,14:25:25.525,95.6700,100
51929033642311,14:25:29.033,95.6700,2
51929033668389,14:25:29.033,95.6700,100
51929033743480,14:25:29.033,95.6800,100
51929033743480,14:25:29.033,95.6900,69
51929033793092,14:25:29.033,95.6900,31
51929033793092,14:25:29.033,95.6900,69
51929033826595,14:25:29.033,95.6900,31
51929033873858,14:25:29.033,95.6900,8
51961212094698,14:26:01.212,95.6500,6
51961212094698,14:26:01.212,95.6500,4
51988023094045,14:26:28.023,95.6400,1
52008733421843,14:26:48.733,95.6400,4
52011022871756,14:26:51.022,95.6400,1
52038307408623,14:27:18.307,95.5700,8
52038316062388,14:27:18.316,95.5700,100
52048028359605,14:27:28.028,95.5900,1
52054096215445,14:27:34.096,95.6200,100
52054096215445,14:27:34.096,95.6200,100
52054097705382,14:27:34.097,95.6300,100
52068994756375,14:27:48.994,95.6300,4
52068994756375,14:27:48.994,95.6300,100
52084559934488,14:28:04.559,95.6600,100
52086353133370,14:28:06.353,95.6400,100
52108033173399,14:28:28.033,95.6200,1
52132962073767,14:28:52.962,95.6100,5
52146300271079,14:29:06.300,95.6300,1
52146300932861,14:29:06.300,95.6500,15
52164317083057,14:29:24.317,95.6500,1
52196351451170,14:29:56.351,95.6500,4
52215557321817,14:30:15.557,95.7000,100
52215557389538,14:30:15.557,95.7000,100
52215557389538,14:30:15.557,95.7000,100
52237028480899,14:30:37.028,95.7400,1
52251989995596,14:30:51.989,95.7400,4
52287346344387,14:31:27.346,95.7000,100
52287346344387,14:31:27.346,95.7000,1
52287346344387,14:31:27.346,95.7000,4
52287346469612,14:31:27.346,95.7000,100
52309501344931,14:31:49.501,95.6700,1
52310044349592,14:31:50.044,95.6400,1
52348813876331,14:32:28.813,95.6300,1
52374947588864,14:32:54.947,95.6200,5
52386029543923,14:33:06.029,95.6200,1
52386029767190,14:33:06.029,95.5800,100
52420168392857,14:33:40.168,95.6000,1
52420168392857,14:33:40.168,95.6000,6
52420168501471,14:33:40.168,95.6100,100
52420168501471,14:33:40.168,95.6100,1
52420168501471,14:33:40.168,95.6100,100
52420168766561,14:33:40.168,95.6200,28
52420168812424,14:33:40.168,95.6200,72
52420169084811,14:33:40.169,95.6100,100
52434808067297,14:33:54.808,95.6700,18
52434808067297,14:33:54.808,95.6700,18
52434808067297,14:33:54.808,95.6700,64
52434808102811,14:33:54.808,95.6700,34
52434808108044,14:33:54.808,95.6700,2
52435987308162,14:33:55.987,95.6800,4
52435996537581,14:33:55.996,95.6800,100
52461981430805,14:34:21.981,95.7200,4
52461981430805,14:34:21.981,95.7200,96
52461981524323,14:34:21.981,95.7200,4
52463121782450,14:34:23.121,95.7200,1
52480574575766,14:34:40.574,95.7150,100
52497884119534,14:34:57.884,95.7200,5
52542012319798,14:35:42.012,95.7000,1
52542033080515,14:35:42.033,95.6700,100
52542033080515,14:35:42.033,95.6700,100
52542033668880,14:35:42.033,95.6600,6
52542097278052,14:35:42.097,95.6100,100
52572967343200,14:36:12.967,95.5900,4
52572967343200,14:36:12.967,95.5900,2
52573447732316,14:36:13.447,95.5700,68
52573447744375,14:36:13.447,95.5700,32
52579099866491,14:36:19.099,95.5800,5
52603398299418,14:36:43.398,95.5600,1
52610380404932,14:36:50.380,95.5650,100
52628139539928,14:37:08.139,95.5900,23
52628140132312,14:37:08.140,95.5900,77
52629373656284,14:37:09.373,95.5700,5
52666675665439,14:37:46.675,95.6000,100
52677330052040,14:37:57.330,95.6300,100
52677330052040,14:37:57.330,95.6300,100
52677330052040,14:37:57.330,95.6400,11
52691551451228,14:38:11.551,95.6500,4
52707989705401,14:38:27.989,95.6700,3
52713529728898,14:38:33.529,95.6500,1
52713551737563,14:38:33.551,95.6500,3
52720468075607,14:38:40.468,95.6800,1
52722752129660,14:38:42.752,95.6900,1
52729044204638,14:38:49.044,95.7100,5
52729044204638,14:38:49.044,95.7100,5
52729044255750,14:38:49.044,95.7200,5
52729044255750,14:38:49.044,95.7200,5
52729044274784,14:38:49.044,95.7300,1
52729044274784,14:38:49.044,95.7300,1
52739987056745,14:38:59.987,95.7200,4
52739987056745,14:38:59.987,95.7200,97
52761355262271,14:39:21.355,95.6700,1
52778473211067,14:39:38.473,95.6600,1
52788669934816,14:39:48.669,95.6900,27
52788670568025,14:39:48.670,95.6900,73
52801354895314,14:40:01.354,95.6800,100
52803135840374,14:40:03.135,95.6700,4
52836036738866,14:40:36.036,95.6700,1
52861596452044,14:41:01.596,95.6500,4
52861596452044,14:41:01.596,95.6500,100
52861596452044,14:41:01.596,95.6500,100
52889638905421,14:41:29.638,95.6600,97
52889638912194,14:41:29.638,95.6600,3
52889638912194,14:41:29.638,95.6600,14
52889638912194,14:41:29.638,95.6600,28
52889638919133,14:41:29.638,95.6600,25
52913237527982,14:41:53.237,95.6300,1
52913237527982,14:41:53.237,95.6200,43
52932537541808,14:42:12.537,95.6500,11
52932537541808,14:42:12.537,95.6500,7
52932537541808,14:42:12.537,95.6500,100
52932537573201,14:42:12.537,95.6500,100
52933104097152,14:42:13.104,95.6400,5
52939910832496,14:42:19.910,95.6700,100
52939910832496,14:42:19.910,95.6700,100
52939911803070,14:42:19.911,95.6800,100
52951461702799,14:42:31.461,95.6600,100
52959005001294,14:42:39.005,95.6400,100
52961355256153,14:42:41.355,95.6100,100
52961355280589,14:42:41.355,95.6100,100
52961355280589,14:42:41.355,95.6100,100
52989188011254,14:43:09.188,95.6400,100
52992245218465,14:43:12.245,95.6300,200
52996076507206,14:43:16.076,95.6200,100
52996076507206,14:43:16.076,95.6200,100
52996135298292,14:43:16.135,95.6000,100
53003848600005,14:43:23.848,95.6300,52
53003848600005,14:43:23.848,95.6300,48
53003849069016,14:43:23.849,95.6300,100
53003902532251,14:43:23.902,95.6500,100
53003902639922,14:43:23.902,95.6500,100
53004132843107,14:43:24.132,95.6200,100
53004221771647,14:43:24.221,95.6200,100
53029852510635,14:43:49.852,95.6200,100
53029852521266,14:43:49.852,95.6200,100
53029853718357,14:43:49.853,95.6100,100
53029853718357,14:43:49.853,95.6100,134
53029855509971,14:43:49.855,95.6000,100
53029855509971,14:43:49.855,95.6000,100
53071390994385,14:44:31.390,95.6100,1
53088321144312,14:44:48.321,95.5900,6
53088321144312,14:44:48.321,95.5900,94
53111358044170,14:45:11.358,95.6000,4
53111359039793,14:45:11.359,95.5900,48
53136051537145,14:45:36.051,95.6000,1
53136051629127,14:45:36.051,95.6000,1
53166984783205,14:46:06.984,95.6000,1
53185812759467,14:46:25.812,95.6200,73
53188030971179,14:46:28.030,95.6000,1
53188258883469,14:46:28.258,95.6200,200
53188258904352,14:46:28.258,95.6200,100
53188258913115,14:46:28.258,95.6200,27
53188258913115,14:46:28.258,95.6200,100
53188258913115,14:46:28.258,95.6200,73
53188258943532,14:46:28.258,95.6200,27
53188258943532,14:46:28.258,95.6200,100
53188259285175,14:46:28.259,95.6100,100
53188264429524,14:46:28.264,95.6200,4
53189285018523,14:46:29.285,95.6400,1
53211358793950,14:46:51.358,95.6600,1
53215104429856,14:46:55.104,95.6800,57
53228985426598,14:47:08.985,95.7200,4
53230749957215,14:47:10.749,95.7400,1
53230749957215,14:47:10.749,95.7400,99
53230749989331,14:47:10.749,95.7400,1
53230750296011,14:47:10.750,95.7400,100
53230750344461,14:47:10.750,95.7400,100
53235151112938,14:47:15.151,95.6800,2
53245166482282,14:47:25.166,95.6600,45
53250035319378,14:47:30.035,95.6500,1
53250035319378,14:47:30.035,95.6500,99
53250035350216,14:47:30.035,95.6500,1
53250035350216,14:47:30.035,95.6500,12
53250035398737,14:47:30.035,95.6500,13
53250035418007,14:47:30.035,95.6500,13
53250035550524,14:47:30.035,95.6500,13
53258206495627,14:47:38.206,95.6700,100
53261483015065,14:47:41.483,95.6700,5
53297101579771,14:48:17.101,95.6600,6
53297101579771,14:48:17.101,95.6600,100
53297723603327,14:48:17.723,95.6700,100
53297727513120,14:48:17.727,95.6900,100
53297727513120,14:48:17.727,95.6900,70
53360940473439,14:49:20.940,95.6700,5
53373151617097,14:49:33.151,95.6700,1
53396781607708,14:49:56.781,95.6700,1
53399530160971,14:49:59.530,95.7000,15
53399560505444,14:49:59.560,95.7200,200
53411357917164,14:50:11.357,95.7100,5
53424314833576,14:50:24.314,95.7400,1
53436023000235,14:50:36.023,95.7300,1
53457005839717,14:50:57.005,95.7100,2
53457005839717,14:50:57.005,95.7100,98
53457006185838,14:50:57.006,95.7100,2
53457006189083,14:50:57.006,95.7100,2
53457006220697,14:50:57.006,95.7100,100
53457006721435,14:50:57.006,95.7100,25
53457006721435,14:50:57.006,95.7100,75
53468846093251,14:51:08.846,95.6600,6
53468846093251,14:51:08.846,95.6600,94
53468846193897,14:51:08.846,95.6500,3
53470514070450,14:51:10.514,95.6500,11
53488028083469,14:51:28.028,95.6300,1
53496542348089,14:51:36.542,95.6300,76
53496542462759,14:51:36.542,95.6300,18
53496542525165,14:51:36.542,95.6300,100
53507294826058,14:51:47.294,95.6400,20
53507294915161,14:51:47.294,95.6400,80
53540956655266,14:52:20.956,95.7100,2
53540956655266,14:52:20.956,95.7100,298
53540956696650,14:52:20.956,95.7100,2
53540956696650,14:52:20.956,95.7100,1
53540957464024,14:52:20.957,95.7300,100
53542008619924,14:52:22.008,95.7400,1
53542040743597,14:52:22.040,95.7500,5
53543091668209,14:52:23.091,95.7600,10
53543092917662,14:52:23.092,95.7500,100
53547843915614,14:52:27.843,95.7400,44
53547874071218,14:52:27.874,95.7100,11
53556151579689,14:52:36.151,95.7500,100
53556151579689,14:52:36.151,95.7500,33
53593986046521,14:53:13.986,95.7400,5
53597077188133,14:53:17.077,95.7600,1
53625616495473,14:53:45.616,95.7700,10
53625618669516,14:53:45.618,95.7800,100
53625646038122,14:53:45.646,95.7500,4
53625646038122,14:53:45.646,95.7500,96
53625691107402,14:53:45.691,95.7200,100
53625691164495,14:53:45.691,95.7200,100
53625692851587,14:53:45.692,95.7200,100
53655025687527,14:54:15.025,95.7500,5
53668029179307,14:54:28.029,95.7500,1
53689082599604,14:54:49.082,95.7200,11
53689082599604,14:54:49.082,95.7200,87
53689082601085,14:54:49.082,95.7200,13
53689082601085,14:54:49.082,95.7200,19
53689082601085,14:54:49.082,95.7200,5
53689083647313,14:54:49.083,95.7000,1
53719050156423,14:55:19.050,95.7300,1
53733035036891,14:55:33.035,95.7100,1
53744265088570,14:55:44.265,95.7300,100
53779514836685,14:56:19.514,95.7400,5
53783880476611,14:56:23.880,95.7200,100
53783880476611,14:56:23.880,95.7200,17
53783891237669,14:56:23.891,95.7100,100
53789704872407,14:56:29.704,95.7100,2
53789709464378,14:56:29.709,95.7300,100
53789709464378,14:56:29.709,95.7400,63
53789710474389,14:56:29.710,95.7400,37
53789710474389,14:56:29.710,95.7400,63
53789713324442,14:56:29.713,95.7500,100
53789717802115,14:56:29.717,95.7300,100
53793769912590,14:56:33.769,95.7300,100
53838986482664,14:57:18.986,95.7600,4
53850033279928,14:57:30.033,95.7500,1
53860241809276,14:57:40.241,95.7600,100
53860241809276,14:57:40.241,95.7600,100
53966178151129,14:59:26.178,95.8300,4
53974151805247,14:59:34.151,95.8300,1
53978506682786,14:59:38.506,95.8500,5
53978506682786,14:59:38.506,95.8500,86
53991404413923,14:59:51.404,95.8500,14
53991404413923,14:59:51.404,95.8500,43
53991404424168,14:59:51.404,95.8500,57
53991404424168,14:59:51.404,95.8500,90
53991404429580,14:59:51.404,95.8500,10
53991407010874,14:59:51.407,95.8600,2
53991407547453,14:59:51.407,95.8700,200
54000859861572,15:00:00.859,95.8600,1
54007203411212,15:00:07.203,95.8500,5
54007203411212,15:00:07.203,95.8500,61
54007203417936,15:00:07.203,95.8500,39
54007203417936,15:00:07.203,95.8500,12
54007203428876,15:00:07.203,95.8500,7
54007223939253,15:00:07.223,95.8300,100
54007224277673,15:00:07.224,95.8300,15
54007224277673,15:00:07.224,95.8300,10
54047185497228,15:00:47.185,95.8700,100
54047185859593,15:00:47.185,95.8700,100
54081988146712,15:01:21.988,95.8500,5
54081988172283,15:01:21.988,95.8500,93
54081988172283,15:01:21.988,95.8500,7
54081988395685,15:01:21.988,95.8400,72
54083002573665,15:01:23.002,95.8400,28
54083002573665,15:01:23.002,95.8400,4
54083002573665,15:01:23.002,95.8400,16
54084095424177,15:01:24.095,95.8300,27
54090914778306,15:01:30.914,95.8300,11
54111036479930,15:01:51.036,95.8500,1
54120934024204,15:02:00.934,95.8400,5
54128331960244,15:02:08.331,95.8300,62
54128331960244,15:02:08.331,95.8300,11
54128331972086,15:02:08.331,95.8300,73
54128332028707,15:02:08.332,95.8300,16
54128332028707,15:02:08.332,95.8300,19
54128382194017,15:02:08.382,95.8100,2
54148036733324,15:02:28.036,95.8100,1
54193456909661,15:03:13.456,95.8300,3
54193456912261,15:03:13.456,95.8300,97
54193456912261,15:03:13.456,95.8300,100
54196034170717,15:03:16.034,95.8400,1
54196034196115,15:03:16.034,95.8400,199
54197045500652,15:03:17.045,95.8900,2
54201056564004,15:03:21.056,95.8900,1
54201056994173,15:03:21.056,95.8800,2
54204005841442,15:03:24.005,95.8800,98
54204005841442,15:03:24.005,95.8800,2
54204005868363,15:03:24.005,95.8800,11
54228516907886,15:03:48.516,95.8700,10
54228516907886,15:03:48.516,95.8700,35
54229032724759,15:03:49.032,95.8500,100
54246372214581,15:04:06.372,95.8300,21
54246372214581,15:04:06.372,95.8300,7
54252406845104,15:04:12.406,95.8100,2
54252406871223,15:04:12.406,95.8100,98
54285033891060,15:04:45.033,95.7700,1
54301352603848,15:05:01.352,95.7700,1
54301353180798,15:05:01.353,95.7700,100
54302000554350,15:05:02.000,95.7800,100
54333297240320,15:05:33.297,95.7500,100
54333297328826,15:05:33.297,95.7500,30
54362746184815,15:06:02.746,95.7400,100
54362746575548,15:06:02.746,95.7400,20
54388035697274,15:06:28.035,95.7200,15
54392039508675,15:06:32.039,95.6900,1
54392039881338,15:06:32.039,95.7000,92
54392039885809,15:06:32.039,95.7000,8
54392040215401,15:06:32.040,95.7100,22
54450260022302,15:07:30.260,95.7000,1
54450260082220,15:07:30.260,95.7100,100
54475479533752,15:07:55.479,95.7300,62
54477074632368,15:07:57.074,95.7600,5
54521323866359,15:08:41.323,95.7700,1
54521323866359,15:08:41.323,95.7700,1
54521324325635,15:08:41.324,95.7700,99
54545654521407,15:09:05.654,95.7500,1
54545654521407,15:09:05.654,95.7500,4
54545654521407,15:09:05.654,95.7500,4
54545655887051,15:09:05.655,95.7500,100
54546366310965,15:09:06.366,95.7500,15
54560273807397,15:09:20.273,95.7500,1
54560273807397,15:09:20.273,95.7500,100
54560273807397,15:09:20.273,95.7500,105
54560273807397,15:09:20.273,95.7500,4
54560273810170,15:09:20.273,95.7500,53
54560273820172,15:09:20.273,95.7500,43
54560275209540,15:09:20.275,95.7700,100
54603019374051,15:10:03.019,95.7300,100
54603019606277,15:10:03.019,95.7100,48
54603019734065,15:10:03.019,95.7100,6
54603022323928,15:10:03.022,95.7100,46
54603022323928,15:10:03.022,95.7100,26
54603065202300,15:10:03.065,95.6900,100
54637794757318,15:10:37.794,95.6800,52
54637794761670,15:10:37.794,95.6800,48
54637794781799,15:10:37.794,95.6800,48
54637794796770,15:10:37.794,95.6800,48
54637795533706,15:10:37.795,95.6800,2
54637796428856,15:10:37.796,95.6800,70
54638464992943,15:10:38.464,95.6700,2
54640033475745,15:10:40.033,95.6600,2
54640033503045,15:10:40.033,95.6600,7
54669044249705,15:11:09.044,95.6200,24
54669044305410,15:11:09.044,95.6300,100
54688432398377,15:11:28.432,95.6200,1
54711046416572,15:11:51.046,95.6500,100
54711046416572,15:11:51.046,95.6500,200
54711046416572,15:11:51.046,95.6500,53
54712286519213,15:11:52.286,95.6400,1
54712286519213,15:11:52.286,95.6400,99
54732932056351,15:12:12.932,95.6000,16
54754007357758,15:12:34.007,95.5700,1
54786381775905,15:13:06.381,95.5900,1
54786946541826,15:13:06.946,95.5700,4
54786946541826,15:13:06.946,95.5700,96
54808041664818,15:13:28.041,95.5900,1
54811677124657,15:13:31.677,95.6100,86
54880296543914,15:14:40.296,95.6000,1
54880296575732,15:14:40.296,95.6100,14
54880296575732,15:14:40.296,95.6100,77
54880296576488,15:14:40.296,95.6100,23
54885148085003,15:14:45.148,95.6200,4
54917212934131,15:15:17.212,95.6500,100
54943650161036,15:15:43.650,95.6800,1
54986200073429,15:16:26.200,95.6700,5
54986200265094,15:16:26.200,95.6700,6
54986201448892,15:16:26.201,95.6600,4
54986201448892,15:16:26.201,95.6600,18
54986201448892,15:16:26.201,95.6600,4
54999135022486,15:16:39.135,95.6500,100
55007978494246,15:16:47.978,95.6500,100
55007978494246,15:16:47.978,95.6500,100
55021083361731,15:17:01.083,95.6500,100
55032320782427,15:17:12.320,95.6400,100
55032320782427,15:17:12.320,95.6400,100
55077194492082,15:17:57.194,95.6400,22
55105846131440,15:18:25.846,95.6200,3
55105846131440,15:18:25.846,95.6200,97
55173055250732,15:19:33.055,95.6500,100
55173055250732,15:19:33.055,95.6500,100
55173055250732,15:19:33.055,95.6500,100
55173055250732,15:19:33.055,95.6500,100
55187479606839,15:19:47.479,95.6800,33
55219121817956,15:20:19.121,95.6800,23
55221511872237,15:20:21.511,95.6700,100
55221511872237,15:20:21.511,95.6700,100
55260079485908,15:21:00.079,95.6600,100
55260079558041,15:21:00.079,95.6600,40
55260079558041,15:21:00.079,95.6600,17
55274547870974,15:21:14.547,95.6500,24
55288229318920,15:21:28.229,95.6300,1
55288229318920,15:21:28.229,95.6300,99
55288230066309,15:21:28.230,95.6300,92
55328821350075,15:22:08.821,95.6100,100
55328821350075,15:22:08.821,95.6100,25
55376043369182,15:22:56.043,95.6100,1
55395663305099,15:23:15.663,95.5900,35
55395663305099,15:23:15.663,95.5900,18
55395663305099,15:23:15.663,95.5900,4
55395663748962,15:23:15.663,95.5800,48
55395663778506,15:23:15.663,95.5800,1
55395769793637,15:23:15.769,95.5800,51
55395769793637,15:23:15.769,95.5600,49
55402810338022,15:23:22.810,95.5600,6
55408029939461,15:23:28.029,95.5600,1
55414667953717,15:23:34.667,95.5500,9
55418447654160,15:23:38.447,95.5400,100
55451584334837,15:24:11.584,95.5200,78
55451584334837,15:24:11.584,95.5200,100
55451584871400,15:24:11.584,95.5100,20
55469024256028,15:24:29.024,95.5100,1
55528032197819,15:25:28.032,95.4900,4
55529032563280,15:25:29.032,95.4900,1
55541504691238,15:25:41.504,95.4900,1
55554162365245,15:25:54.162,95.4800,89
55554162449433,15:25:54.162,95.4800,11
55554162449433,15:25:54.162,95.4800,31
55554162449433,15:25:54.162,95.4800,15
55556000564574,15:25:56.000,95.4500,6
55556000912276,15:25:56.000,95.4500,94
55556506759722,15:25:56.506,95.4800,100
55582502774838,15:26:22.502,95.5000,100
55582502810657,15:26:22.502,95.5000,100
55648033771902,15:27:28.033,95.4900,1
55648064525531,15:27:28.064,95.4900,4
55673195979471,15:27:53.195,95.5000,100
55673195979471,15:27:53.195,95.5000,100
55673195979471,15:27:53.195,95.5000,100
55677824578270,15:27:57.824,95.5200,100
55677824578270,15:27:57.824,95.5200,100
55679529920191,15:27:59.529,95.5300,1
55679529920191,15:27:59.529,95.5300,4
55681329748300,15:28:01.329,95.5400,5
55681329748300,15:28:01.329,95.5400,48
55681330524971,15:28:01.330,95.5400,18
55696817607177,15:28:16.817,95.5400,100
55697047186625,15:28:17.047,95.5400,1
55712184120616,15:28:32.184,95.5500,23
55741071313683,15:29:01.071,95.5400,5
55741072386018,15:29:01.072,95.5300,10
55748071663544,15:29:08.071,95.5100,58
55749987330669,15:29:09.987,95.4900,100
55763658945416,15:29:23.658,95.4700,1
55777031897843,15:29:37.031,95.4700,28
55777031897843,15:29:37.031,95.4700,43
55777031897843,15:29:37.031,95.4700,4
55783036374537,15:29:43.036,95.4600,1
55800832267479,15:30:00.832,95.4500,2
55802561590138,15:30:02.561,95.4500,16
55818767101977,15:30:18.767,95.4400,22
55818767131708,15:30:18.767,95.4300,46
55818767386187,15:30:18.767,95.4300,54
55818767386187,15:30:18.767,95.4300,53
55818768215507,15:30:18.768,95.4300,100
55829017509869,15:30:29.017,95.4200,1
55832799062630,15:30:32.799,95.4400,100
55832799519554,15:30:32.799,95.4400,12
55832944255197,15:30:32.944,95.4600,100
55832944979023,15:30:32.944,95.4700,100
55832945004754,15:30:32.945,95.4700,200
55870192346419,15:31:10.192,95.4400,1
55870192346419,15:31:10.192,95.4400,99
55870192383887,15:31:10.192,95.4400,1
55907053645063,15:31:47.053,95.4600,5
55933771856962,15:32:13.771,95.4500,35
55933771868584,15:32:13.771,95.4500,49
55933771882783,15:32:13.771,95.4500,16
55933771882783,15:32:13.771,95.4500,40
55933782119765,15:32:13.782,95.4400,100
55974016409618,15:32:54.016,95.4300,7
55997082854929,15:33:17.082,95.4100,3
56000364281474,15:33:20.364,95.4100,10
56000364281474,15:33:20.364,95.4100,4
56000364281474,15:33:20.364,95.4100,100
56000364362784,15:33:20.364,95.4100,2
56000364876162,15:33:20.364,95.4100,82
56000365036520,15:33:20.365,95.4000,20
56000660091661,15:33:20.660,95.4000,80
56008221121709,15:33:28.221,95.3800,14
56008264518232,15:33:28.264,95.3800,11
56017218921396,15:33:37.218,95.3800,1
56017218921396,15:33:37.218,95.3800,5
56025473404811,15:33:45.473,95.3900,23
56025473411043,15:33:45.473,95.3900,43
56025473435119,15:33:45.473,95.3900,114
56025473435119,15:33:45.473,95.3900,60
56025473582458,15:33:45.473,95.3900,40
56025473582458,15:33:45.473,95.3900,60
56025473595363,15:33:45.473,95.3900,23
56038664881321,15:33:58.664,95.3700,4
56038664881321,15:33:58.664,95.3700,19
56038664892759,15:33:58.664,95.3700,49
56038664914444,15:33:58.664,95.3700,25
56038664968188,15:33:58.664,95.3700,7
56039667582448,15:33:59.667,95.3500,100
56039667795351,15:33:59.667,95.3400,100
56042825409587,15:34:02.825,95.3100,5
56071485344355,15:34:31.485,95.3000,1
56078850499292,15:34:38.850,95.2800,1
56092244477659,15:34:52.244,95.2700,100
56092244477659,15:34:52.244,95.2700,100
56121302051387,15:35:21.302,95.2700,100
56128030310130,15:35:28.030,95.2800,40
56128030315387,15:35:28.030,95.2800,49
56128030335487,15:35:28.030,95.2800,11
56128030335487,15:35:28.030,95.2800,53
56128030335487,15:35:28.030,95.2800,100
56128030335487,15:35:28.030,95.2800,100
56161233663951,15:36:01.233,95.3200,100
56161233663951,15:36:01.233,95.3200,100
56188027540599,15:36:28.027,95.3000,4
56216108149554,15:36:56.108,95.3100,32
56216108186000,15:36:56.108,95.3100,68
56251269883432,15:37:31.269,95.3000,1
56255216811782,15:37:35.216,95.3300,19
56255216827812,15:37:35.216,95.3300,81
56255216827812,15:37:35.216,95.3300,80
56255216948479,15:37:35.216,95.3400,100
56255269011201,15:37:35.269,95.3500,5
56266315555046,15:37:46.315,95.3500,100
56313985962288,15:38:33.985,95.3600,1
56313985962288,15:38:33.985,95.3600,99
56313985987944,15:38:33.985,95.3600,1
56313985987944,15:38:33.985,95.3600,100
56315025901930,15:38:35.025,95.3800,4
56322341104007,15:38:42.341,95.3900,10
56323482271621,15:38:43.482,95.4000,1
56323540037509,15:38:43.540,95.4100,4
56323540037509,15:38:43.540,95.4100,1
56329151163653,15:38:49.151,95.4300,5
56368027643348,15:39:28.027,95.4400,1
56370702299796,15:39:30.702,95.4400,4
56370702299796,15:39:30.702,95.4400,4
56373140769602,15:39:33.140,95.4400,1
56376382270079,15:39:36.382,95.4400,100
56376382270079,15:39:36.382,95.4400,100
56377028318613,15:39:37.028,95.4500,5
56377028318613,15:39:37.028,95.4500,35
56378658027392,15:39:38.658,95.4500,65
56395002035388,15:39:55.002,95.4700,5
56395002035388,15:39:55.002,95.4700,50
56403592612745,15:40:03.592,95.4500,49
56403592619462,15:40:03.592,95.4500,49
56403592813218,15:40:03.592,95.4500,150
56403592824313,15:40:03.592,95.4500,50
56403593252397,15:40:03.593,95.4500,1
56428024904951,15:40:28.024,95.4500,1
56428024941389,15:40:28.024,95.4500,4
56442856935334,15:40:42.856,95.4600,100
56452170906987,15:40:52.170,95.4800,5
56452170906987,15:40:52.170,95.4800,22
56452173136999,15:40:52.173,95.4800,78
56461118576229,15:41:01.118,95.4600,100
56461436410277,15:41:01.436,95.4400,100
56463183989166,15:41:03.183,95.4200,100
56463201705150,15:41:03.201,95.4200,31
56490071678889,15:41:30.071,95.3700,179
56490071678889,15:41:30.071,95.3700,100
56519343201404,15:41:59.343,95.4000,100
56519343201404,15:41:59.343,95.4000,27
56519343201404,15:41:59.343,95.4000,64
56519343213490,15:41:59.343,95.4000,86
56523411276655,15:42:03.411,95.4400,1
56548030958981,15:42:28.030,95.4300,1
56561508513845,15:42:41.508,95.4700,5
56570002042947,15:42:50.002,95.4900,100
56580119836562,15:43:00.119,95.5000,5
56580379129780,15:43:00.379,95.5100,10
56584257469678,15:43:04.257,95.5000,1
56584257496313,15:43:04.257,95.5000,4
56584257496313,15:43:04.257,95.5000,100
56584257496313,15:43:04.257,95.5000,100
56584257496313,15:43:04.257,95.5000,100
56593022679372,15:43:13.022,95.4800,100
56609080374132,15:43:29.080,95.4300,1
56667830118839,15:44:27.830,95.4400,30
56667830146290,15:44:27.830,95.4400,2
56667830158425,15:44:27.830,95.4400,68
56667830158425,15:44:27.830,95.4400,4
56667830158425,15:44:27.830,95.4400,28
56667830160692,15:44:27.830,95.4400,72
56667830160692,15:44:27.830,95.4400,27
56670260262999,15:44:30.260,95.4100,100
56670502505532,15:44:30.502,95.3800,100
56671440315985,15:44:31.440,95.3800,1
56700035268052,15:45:00.035,95.3500,100
56700035268052,15:45:00.035,95.3500,100
56702286664408,15:45:02.286,95.3700,50
56702286664408,15:45:02.286,95.3700,71
56702286665358,15:45:02.286,95.3700,29
56702287688183,15:45:02.287,95.3700,100
56711421852736,15:45:11.421,95.3500,1
56717708790461,15:45:17.708,95.3900,15
56718844227374,15:45:18.844,95.4000,2
56730264880500,15:45:30.264,95.3900,3
56744624663825,15:45:44.624,95.4200,200
56744625190675,15:45:44.625,95.4300,4
56744625917892,15:45:44.625,95.4300,1
56744625917892,15:45:44.625,95.4300,100
56756074660469,15:45:56.074,95.4500,9
56762598310360,15:46:02.598,95.4300,5
56763095799102,15:46:03.095,95.4200,100
56763095799102,15:46:03.095,95.4200,100
56763396395707,15:46:03.396,95.4000,9
56773884990667,15:46:13.884,95.4150,100
56825288558959,15:47:05.288,95.4400,100
56825288558959,15:47:05.288,95.4400,100
56848032647248,15:47:28.032,95.4400,5
56853999962055,15:47:33.999,95.4200,4
56853999962055,15:47:33.999,95.4200,32
56853999962055,15:47:33.999,95.4200,8
56854001530883,15:47:34.001,95.4100,12
56854001578743,15:47:34.001,95.4100,88
56854001661475,15:47:34.001,95.4000,7
56854003395867,15:47:34.003,95.4000,93
56854003395867,15:47:34.003,95.4000,7
56854003440969,15:47:34.003,95.4000,6
56854003505465,15:47:34.003,95.4000,4
56854003565842,15:47:34.003,95.4000,2
56854003623625,15:47:34.003,95.4000,2
56854003696571,15:47:34.003,95.4000,1
56854003759599,15:47:34.003,95.4000,1
56854023086540,15:47:34.023,95.4000,2
56856387591480,15:47:36.387,95.4000,75
56856393700029,15:47:36.393,95.4000,100
56870680236599,15:47:50.680,95.4000,100
56892105435369,15:48:12.105,95.4100,15
56910371658028,15:48:30.371,95.3700,49
56910371726544,15:48:30.371,95.3700,69
56910371726544,15:48:30.371,95.3700,155
56910371726544,15:48:30.371,95.3700,6
56910371726544,15:48:30.371,95.3700,70
56910371762915,15:48:30.371,95.3700,30
56910415350579,15:48:30.415,95.3300,100
56913072162308,15:48:33.072,95.3100,1
56913072162308,15:48:33.072,95.3100,4
56913072189003,15:48:33.072,95.3100,96
56939150591097,15:48:59.150,95.3300,100
56939150591097,15:48:59.150,95.3300,100
56939150619353,15:48:59.150,95.3300,47
56939150619353,15:48:59.150,95.3300,10
56957957578125,15:49:17.957,95.3200,5
56957957578125,15:49:17.957,95.3200,100
56957957578125,15:49:17.957,95.3200,95
56957957619238,15:49:17.957,95.3200,5
56979027431336,15:49:39.027,95.3000,1
56983936955019,15:49:43.936,95.2800,100
56983936955019,15:49:43.936,95.2800,4
56989896954451,15:49:49.896,95.3000,100
56989896954451,15:49:49.896,95.3000,100
56999981847454,15:49:59.981,95.3200,100
57016309975518,15:50:16.309,95.3100,1
57016310327314,15:50:16.310,95.3100,100
57016310760489,15:50:16.310,95.3100,150
57016352565012,15:50:16.352,95.3200,100
57030170808153,15:50:30.170,95.3500,4
57030170808153,15:50:30.170,95.3500,96
57030170845963,15:50:30.170,95.3500,4
57033006758051,15:50:33.006,95.3300,100
57049820471848,15:50:49.820,95.3100,100
57049930439403,15:50:49.930,95.3300,100
57050432409971,15:50:50.432,95.3300,50
57050434033216,15:50:50.434,95.3300,100
57069036683213,15:51:09.036,95.3500,10
57088041070884,15:51:28.041,95.3400,1
57090638315462,15:51:30.638,95.3500,4
57092020590801,15:51:32.020,95.3400,49
57092020995193,15:51:32.020,95.3400,51
57092020995193,15:51:32.020,95.3400,100
57093130250872,15:51:33.130,95.3300,11
57093130250872,15:51:33.130,95.3300,89
57093130277235,15:51:33.130,95.3300,11
57127614185090,15:52:07.614,95.3200,26
57127615901611,15:52:07.615,95.3200,74
57127615901611,15:52:07.615,95.3200,26
57127615908179,15:52:07.615,95.3200,74
57127615908179,15:52:07.615,95.3200,22
57127615917310,15:52:07.615,95.3200,49
57127615959189,15:52:07.615,95.3200,100
57127616111999,15:52:07.616,95.3200,29
57131283784693,15:52:11.283,95.3100,100
57131316394967,15:52:11.316,95.3000,12
57151717931043,15:52:31.717,95.3000,106
57151717931043,15:52:31.717,95.3000,100
57151717931043,15:52:31.717,95.3000,90
57160445316842,15:52:40.445,95.2800,100
57160445352833,15:52:40.445,95.2800,49
57160445542816,15:52:40.445,95.2800,21
57160445736606,15:52:40.445,95.2800,30
57160445736606,15:52:40.445,95.2800,70
57160446208505,15:52:40.446,95.2800,30
57160514106820,15:52:40.514,95.2600,4
57160845199063,15:52:40.845,95.2600,96
57165732882372,15:52:45.732,95.2500,200
57165732882372,15:52:45.732,95.2500,175
57165732907127,15:52:45.732,95.2500,17
57165733077162,15:52:45.733,95.2500,145
57174571752812,15:52:54.571,95.2400,100
57200480518269,15:53:20.480,95.2600,100
57200480553279,15:53:20.480,95.2600,25
57215245922693,15:53:35.245,95.2800,100
57215250859263,15:53:35.250,95.2800,100
57219803604091,15:53:39.803,95.3000,100
57224022994946,15:53:44.022,95.3050,100
57247447884893,15:54:07.447,95.3200,27
57254532003843,15:54:14.532,95.3200,73
57254532003843,15:54:14.532,95.3200,100
57254532003843,15:54:14.532,95.3200,27
57254532041530,15:54:14.532,95.3200,23
57254532045013,15:54:14.532,95.3200,25
57263493648683,15:54:23.493,95.3300,49
57263524889413,15:54:23.524,95.3300,20
57263524907417,15:54:23.524,95.3300,31
57263524907417,15:54:23.524,95.3300,100
57266006416941,15:54:26.006,95.3200,17
57266006443251,15:54:26.006,95.3200,17
57268060359054,15:54:28.060,95.3300,4
57271484068547,15:54:31.484,95.3400,100
57271484068547,15:54:31.484,95.3400,100
57279483384670,15:54:39.483,95.3800,10
57279483384670,15:54:39.483,95.3800,100
57281958768247,15:54:41.958,95.3600,3
57290408903434,15:54:50.408,95.3300,3
57290408952885,15:54:50.408,95.3300,89
57290409291766,15:54:50.409,95.3300,21
57290409291766,15:54:50.409,95.3300,20
57290409297530,15:54:50.409,95.3300,200
57290409738679,15:54:50.409,95.3300,280
57296090781815,15:54:56.090,95.3400,100
57300394156213,15:55:00.394,95.3800,1
57300938748442,15:55:00.938,95.3700,100
57301012708561,15:55:01.012,95.4000,5
57305994580228,15:55:05.994,95.4100,1
57309012236020,15:55:09.012,95.4200,2
57309012236020,15:55:09.012,95.4200,18
57309013007043,15:55:09.013,95.4100,3
57310394859350,15:55:10.394,95.4300,100
57310428627986,15:55:10.428,95.4400,5
57314017757188,15:55:14.017,95.4400,294
57320431876532,15:55:20.431,95.4300,100
57320648556984,15:55:20.648,95.4200,100
57349869426509,15:55:49.869,95.4400,100
57349869426509,15:55:49.869,95.4400,38
57349869426509,15:55:49.869,95.4400,62
57349869527509,15:55:49.869,95.4400,71
57356178620630,15:55:56.178,95.4600,5
57356178620630,15:55:56.178,95.4600,95
57356178731519,15:55:56.178,95.4600,5
57356178731519,15:55:56.178,95.4600,44
57356178856642,15:55:56.178,95.4600,56
57356178856642,15:55:56.178,95.4600,44
57356178911257,15:55:56.178,95.4600,56
57356178911257,15:55:56.178,95.4600,44
57357590617395,15:55:57.590,95.4600,12
57357590740992,15:55:57.590,95.4600,12
57370216216225,15:56:10.216,95.4600,76
57374359695816,15:56:14.359,95.4500,100
57374359695816,15:56:14.359,95.4500,100
57374359724255,15:56:14.359,95.4500,100
57374360295833,15:56:14.360,95.4400,29
57374361233879,15:56:14.361,95.4400,71
57374362136614,15:56:14.362,95.4400,100
57374363197705,15:56:14.363,95.4400,100
57374614778205,15:56:14.614,95.4300,32
57376948778763,15:56:16.948,95.4200,29
57377878649269,15:56:17.878,95.4200,39
57377878649269,15:56:17.878,95.4200,61
57379757991658,15:56:19.757,95.4200,100
57379758004691,15:56:19.758,95.4200,39
57380467791253,15:56:20.467,95.4200,100
57386701722219,15:56:26.701,95.4100,61
57394188294269,15:56:34.188,95.4100,39
57394188294269,15:56:34.188,95.4100,100
57394188453013,15:56:34.188,95.4100,100
57394190557584,15:56:34.190,95.4000,100
57394190586802,15:56:34.190,95.4000,100
57394192510880,15:56:34.192,95.3900,11
57395014147419,15:56:35.014,95.3900,60
57395014147419,15:56:35.014,95.3900,40
57399316128990,15:56:39.316,95.3900,60
57399316128990,15:56:39.316,95.3800,100
57409801208196,15:56:49.801,95.3500,200
57409801208196,15:56:49.801,95.3500,100
57409802668989,15:56:49.802,95.3600,35
57410023113526,15:56:50.023,95.3500,100
57410023113526,15:56:50.023,95.3500,3
57410023113526,15:56:50.023,95.3500,97
57447160790104,15:57:27.160,95.3500,82
57455242343388,15:57:35.242,95.3400,100
57455242343388,15:57:35.242,95.3400,100
57455242372319,15:57:35.242,95.3400,97
57455242428226,15:57:35.242,95.3400,3
57464073080215,15:57:44.073,95.3300,38
57468136665872,15:57:48.136,95.3300,62
57468136665872,15:57:48.136,95.3300,138
57468136712249,15:57:48.136,95.3300,40
57468137200423,15:57:48.137,95.3300,22
57471841309440,15:57:51.841,95.3400,200
57471841951250,15:57:51.841,95.3400,43
57475483857991,15:57:55.483,95.3700,100
57481482898292,15:58:01.482,95.3900,99
57481482924113,15:58:01.482,95.3900,1
57481483633765,15:58:01.483,95.3800,3
57481484867217,15:58:01.484,95.3900,100
57481486346787,15:58:01.486,95.3900,100
57489253262430,15:58:09.253,95.3700,19
57489253263015,15:58:09.253,95.3700,19
57507532288636,15:58:27.532,95.3300,11
57507532310441,15:58:27.532,95.3300,41
57507532317147,15:58:27.532,95.3300,48
57507532317147,15:58:27.532,95.3300,100
57507532317147,15:58:27.532,95.3300,41
57507532345851,15:58:27.532,95.3300,3
57507532451742,15:58:27.532,95.3300,50
57507532572475,15:58:27.532,95.3300,46
57507532600403,15:58:27.532,95.3300,54
57507532741583,15:58:27.532,95.3300,6
57507535595324,15:58:27.535,95.3300,3
57508122886026,15:58:28.122,95.3300,3
57508122886026,15:58:28.122,95.3300,97
57520390284803,15:58:40.390,95.3000,91
57522608117565,15:58:42.608,95.3200,2
57526626302918,15:58:46.626,95.3400,3
57526626328899,15:58:46.626,95.3400,97
57526626328899,15:58:46.626,95.3400,166
57526626791156,15:58:46.626,95.3400,28
57526626818447,15:58:46.626,95.3400,62
57535994124508,15:58:55.994,95.3600,100
57535994124508,15:58:55.994,95.3700,100
57535994124508,15:58:55.994,95.3800,100
57536296576930,15:58:56.296,95.4100,100
57537418324201,15:58:57.418,95.4100,50
57537418324201,15:58:57.418,95.4100,50
57540924856181,15:59:00.924,95.4000,100
57543301912298,15:59:03.301,95.4200,100
57550687709568,15:59:10.687,95.4500,5
57550687709568,15:59:10.687,95.4500,100
57552065875323,15:59:12.065,95.4400,100
57555011647234,15:59:15.011,95.4600,100
57555011647234,15:59:15.011,95.4800,100
57556339925288,15:59:16.339,95.4600,100
57556339925288,15:59:16.339,95.4600,39
57556339925288,15:59:16.339,95.4600,47
57556339926417,15:59:16.339,95.4600,14
57556483975350,15:59:16.483,95.5000,38
57556484358619,15:59:16.484,95.5000,62
57559531527837,15:59:19.531,95.5300,100
57559531527837,15:59:19.531,95.5300,100
57564481852009,15:59:24.481,95.5200,100
57564481852009,15:59:24.481,95.5200,4
57564482316713,15:59:24.482,95.5200,96
57564482316713,15:59:24.482,95.5200,107
57569482819065,15:59:29.482,95.5200,100
57569482819065,15:59:29.482,95.5200,100
57569483210383,15:59:29.483,95.5200,207
57574484711470,15:59:34.484,95.5400,100
57574484737498,15:59:34.484,95.5400,23
57574485060189,15:59:34.485,95.5400,3
57574485060189,15:59:34.485,95.5400,100
57577481162700,15:59:37.481,95.5500,7
57577481676020,15:59:37.481,95.5500,85
57577481676020,15:59:37.481,95.5500,100
57577481676020,15:59:37.481,95.5500,10
57577482397490,15:59:37.482,95.5500,30
57577560471385,15:59:37.560,95.5300,100
57583005850940,15:59:43.005,95.4900,97
57588547243283,15:59:48.547,95.5000,1
57600559212178,16:00:00.559,0.0000,0
