timestamp,time,price,volume
34200345042982,09:30:00.345,0.0000,0
34406696200519,09:33:26.696,18.8200,100
34406798206240,09:33:26.798,18.8200,51
34406798260708,09:33:26.798,18.8100,100
34502958570861,09:35:02.958,18.8400,18
34551180547854,09:35:51.180,18.7800,40
34551204469452,09:35:51.204,18.8000,7
34552589538596,09:35:52.589,18.8000,100
34552589538596,09:35:52.589,18.8000,100
34552589985165,09:35:52.589,18.8100,100
34556528732886,09:35:56.528,18.8100,4
34574727591346,09:36:14.727,18.8300,27
34575813330190,09:36:15.813,18.8300,28
34632877181628,09:37:12.877,18.8500,100
34651616097980,09:37:31.616,18.8500,10
34651670442931,09:37:31.670,18.8300,1
34668081692365,09:37:48.081,18.8200,4
34722853805087,09:38:42.853,18.8300,100
34748535646522,09:39:08.535,18.8400,2
34752907069334,09:39:12.907,18.8300,84
34809944912516,09:40:09.944,18.8100,100
34834314532416,09:40:34.314,18.8100,30
34837205897173,09:40:37.205,18.8100,100
34842396890301,09:40:42.396,18.8100,200
34842396890301,09:40:42.396,18.8100,100
34842396890301,09:40:42.396,18.8100,100
34842396890301,09:40:42.396,18.8100,100
34842396890301,09:40:42.396,18.8100,100
34842396890301,09:40:42.396,18.8100,63
34842396920325,09:40:42.396,18.8100,37
34842421192927,09:40:42.421,18.8200,2
34854935061521,09:40:54.935,18.8100,100
34854983265880,09:40:54.983,18.8100,30
34875869152232,09:41:15.869,18.8200,100
34900335981954,09:41:40.335,18.8100,1
34900370153646,09:41:40.370,18.8000,100
34900370153646,09:41:40.370,18.8000,100
34900370732581,09:41:40.370,18.8000,200
34900370732581,09:41:40.370,18.8000,100
34903755299168,09:41:43.755,18.8000,100
34915777621062,09:41:55.777,18.8100,30
34935455699873,09:42:15.455,18.8100,100
34935455785553,09:42:15.455,18.8100,70
34936722040880,09:42:16.722,18.8200,100
34957465969354,09:42:37.465,18.8000,100
34981801948446,09:43:01.801,18.8000,100
34981801948446,09:43:01.801,18.8000,100
34983631228009,09:43:03.631,18.7900,100
34999167877613,09:43:19.167,18.7900,70
34999167903727,09:43:19.167,18.7900,100
34999168742119,09:43:19.168,18.7800,100
34999186757572,09:43:19.186,18.7800,100
35013460334381,09:43:33.460,18.7800,100
35013460334381,09:43:33.460,18.7800,100
35013460334381,09:43:33.460,18.7800,49
35013460362736,09:43:33.460,18.7800,51
35013460436356,09:43:33.460,18.7800,100
35021547762090,09:43:41.547,18.7800,100
35037032759840,09:43:57.032,18.7800,92
35037032767441,09:43:57.032,18.7800,8
35040275337840,09:44:00.275,18.7900,100
35047818763720,09:44:07.818,18.7800,100
35047818763720,09:44:07.818,18.7800,100
35047825062358,09:44:07.825,18.7800,40
35047879307975,09:44:07.879,18.7800,100
35048564640450,09:44:08.564,18.7900,100
35054729767654,09:44:14.729,18.8000,100
35055153546885,09:44:15.153,18.7900,100
35055153546885,09:44:15.153,18.7900,24
35061766151338,09:44:21.766,18.7900,22
35061766155183,09:44:21.766,18.7900,78
35074239276704,09:44:34.239,18.7900,100
35074239276704,09:44:34.239,18.7900,100
35074274614526,09:44:34.274,18.7900,11
35093915288640,09:44:53.915,18.7800,100
35093915288640,09:44:53.915,18.7800,6
35093915316668,09:44:53.915,18.7800,194
35102166498833,09:45:02.166,18.7900,1
35102166498833,09:45:02.166,18.7900,99
35103844567297,09:45:03.844,18.7800,100
35116546188957,09:45:16.546,18.7900,30
35127023053796,09:45:27.023,18.8100,100
35128259401346,09:45:28.259,18.8000,1
35183291726950,09:46:23.291,18.7900,100
35230372487280,09:47:10.372,18.7800,100
35232135921674,09:47:12.135,18.7800,1
35234733685991,09:47:14.733,18.7800,30
35286737666240,09:48:06.737,18.7700,100
35286837912727,09:48:06.837,18.7700,1
35290539440250,09:48:10.539,18.7600,100
35303521066300,09:48:23.521,18.7500,100
35303521066300,09:48:23.521,18.7500,1
35303521066300,09:48:23.521,18.7500,99
35346817172578,09:49:06.817,18.7500,100
35361503693829,09:49:21.503,18.7600,100
35361504523112,09:49:21.504,18.7700,199
35361504523112,09:49:21.504,18.7700,100
35362004157168,09:49:22.004,18.7800,100
35363204483098,09:49:23.204,18.7900,100
35373140437420,09:49:33.140,18.7800,100
35373140437420,09:49:33.140,18.7800,100
35373217990972,09:49:33.217,18.7800,100
35388340900107,09:49:48.340,18.7800,100
35424067306846,09:50:24.067,18.7900,100
35470572533808,09:51:10.572,18.8200,60
35473485335019,09:51:13.485,18.8200,30
35492198380832,09:51:32.198,18.8100,100
35492263661464,09:51:32.263,18.8100,30
35530871006205,09:52:10.871,18.8100,100
35562871828140,09:52:42.871,18.8000,100
35576154912708,09:52:56.154,18.8000,100
35627494361226,09:53:47.494,18.8000,200
35627494361226,09:53:47.494,18.8000,100
35627494361226,09:53:47.494,18.8000,100
35634064174168,09:53:54.064,18.8000,100
35634064174168,09:53:54.064,18.8000,600
35634064201345,09:53:54.064,18.8000,560
35634079282159,09:53:54.079,18.8100,100
35634152573094,09:53:54.152,18.8100,100
35701165751753,09:55:01.165,18.8400,30
35701167055017,09:55:01.167,18.8400,30
35701240067830,09:55:01.240,18.8400,30
35703055030599,09:55:03.055,18.8400,30
35727250569201,09:55:27.250,18.8400,70
35756228614675,09:55:56.228,18.8100,100
35756228614675,09:55:56.228,18.8100,100
35770415044660,09:56:10.415,18.8100,100
35782354494831,09:56:22.354,18.8200,100
35782384830786,09:56:22.384,18.8200,100
35782384855965,09:56:22.384,18.8200,100
35782384855965,09:56:22.384,18.8200,100
35782384855965,09:56:22.384,18.8200,100
35782469348038,09:56:22.469,18.8200,100
35787066494831,09:56:27.066,18.8100,100
35849580630821,09:57:29.580,18.8300,100
35851385986409,09:57:31.385,18.8300,60
35931788314452,09:58:51.788,18.8200,100
35931788314452,09:58:51.788,18.8200,100
35948817487968,09:59:08.817,18.8400,92
35999069878357,09:59:59.069,18.8300,100
36008504622231,10:00:08.504,18.8200,100
36071245139263,10:01:11.245,18.8100,100
36071245139263,10:01:11.245,18.8100,1
36071283382280,10:01:11.283,18.8000,1
36111366902791,10:01:51.366,18.7900,100
36111366928121,10:01:51.366,18.7900,1
36111366928121,10:01:51.366,18.7900,100
36141029671160,10:02:21.029,18.7800,23
36141346263667,10:02:21.346,18.7800,1
36166651722650,10:02:46.651,18.7800,2
36166691917503,10:02:46.691,18.7700,100
36166707180103,10:02:46.707,18.7600,100
36166707180103,10:02:46.707,18.7600,100
36166707567544,10:02:46.707,18.7600,100
36166707567544,10:02:46.707,18.7600,100
36167152789131,10:02:47.152,18.7600,100
36237215712412,10:03:57.215,18.7800,60
36256581083909,10:04:16.581,18.8000,24
36256581083909,10:04:16.581,18.8000,100
36289085728671,10:04:49.085,18.7900,100
36289085728671,10:04:49.085,18.7900,100
36359535600621,10:05:59.535,18.8000,100
36359535600621,10:05:59.535,18.8000,100
36369705827201,10:06:09.705,18.8200,27
36369705901320,10:06:09.705,18.8200,100
36433411040572,10:07:13.411,18.8300,100
36433411040572,10:07:13.411,18.8300,100
36433411040572,10:07:13.411,18.8300,100
36435203012165,10:07:15.203,18.8300,100
36435203012165,10:07:15.203,18.8300,100
36437327006927,10:07:17.327,18.8300,100
36437327006927,10:07:17.327,18.8300,100
36437327006927,10:07:17.327,18.8300,100
36438326934440,10:07:18.326,18.8300,100
36438326934440,10:07:18.326,18.8300,100
36487880017338,10:08:07.880,18.8400,100
36487880042642,10:08:07.880,18.8400,100
36487880042642,10:08:07.880,18.8400,27
36537108180899,10:08:57.108,18.8700,100
36549088629841,10:09:09.088,18.8800,100
36662719832776,10:11:02.719,18.8800,30
36662719832776,10:11:02.719,18.8800,100
36662719832776,10:11:02.719,18.8800,200
36662719832776,10:11:02.719,18.8800,80
36663414416823,10:11:03.414,18.8800,100
36708697069665,10:11:48.697,18.8900,100
36733558620814,10:12:13.558,18.9000,29
36813834404269,10:13:33.834,18.9100,100
36813855519427,10:13:33.855,18.9100,100
36862964715872,10:14:22.964,18.9100,198
36862964718606,10:14:22.964,18.9100,2
36896038216899,10:14:56.038,18.9100,100
36931069175309,10:15:31.069,18.9000,100
36936113968771,10:15:36.113,18.8900,100
36944037530587,10:15:44.037,18.9000,100
37077894657749,10:17:57.894,18.9000,100
37077894657749,10:17:57.894,18.9000,100
37077894657749,10:17:57.894,18.9000,200
37087337405465,10:18:07.337,18.8900,200
37087540355781,10:18:07.540,18.8900,100
37087540355781,10:18:07.540,18.8900,100
37150971697115,10:19:10.971,18.8900,100
37221793456023,10:20:21.793,18.9000,100
37221793456023,10:20:21.793,18.9000,27
37283016410636,10:21:23.016,18.9200,18
37306158047345,10:21:46.158,18.9100,28
37353297009629,10:22:33.297,18.9100,5
37369972718634,10:22:49.972,18.9000,100
37369972718634,10:22:49.972,18.9000,100
37378293857976,10:22:58.293,18.8900,49
37378293873863,10:22:58.293,18.8900,51
37396256547707,10:23:16.256,18.8700,100
37397543618164,10:23:17.543,18.8700,68
37397543646905,10:23:17.543,18.8700,32
37397543646905,10:23:17.543,18.8700,100
37398917062509,10:23:18.917,18.8700,15
37446568526088,10:24:06.568,18.8700,100
37466388006381,10:24:26.388,18.8800,25
37469811107243,10:24:29.811,18.8800,2
37474730817821,10:24:34.730,18.8900,100
37474753855746,10:24:34.753,18.8900,100
37806919945474,10:30:06.919,18.9000,100
37806919969904,10:30:06.919,18.9000,100
37845307467744,10:30:45.307,18.9000,100
37845307467744,10:30:45.307,18.9000,100
37845307467744,10:30:45.307,18.9000,100
37845307467744,10:30:45.307,18.9000,28
37845307467744,10:30:45.307,18.9000,1
37845307467744,10:30:45.307,18.9000,100
37845338141594,10:30:45.338,18.9000,100
37854552041225,10:30:54.552,18.8900,100
37945013727283,10:32:25.013,18.8650,234
37952778257634,10:32:32.778,18.8700,100
37953099574964,10:32:33.099,18.8700,34
37953099574964,10:32:33.099,18.8700,100
37953099574964,10:32:33.099,18.8700,66
37953099606395,10:32:33.099,18.8700,34
37953099606395,10:32:33.099,18.8700,97
37953100140143,10:32:33.100,18.8700,30
38010243932216,10:33:30.243,18.8800,100
38037022225102,10:33:57.022,18.8900,10
38037022250601,10:33:57.022,18.8900,90
38037022250601,10:33:57.022,18.8900,65
38037023130130,10:33:57.023,18.8900,100
38063364816861,10:34:23.364,18.8900,20
38063364856991,10:34:23.364,18.9000,100
38063365827334,10:34:23.365,18.9000,100
38064263666097,10:34:24.263,18.9000,100
38069637827617,10:34:29.637,18.8900,9
38107437672699,10:35:07.437,18.8900,60
38117833926584,10:35:17.833,18.8800,100
38117833926584,10:35:17.833,18.8800,100
38119037894347,10:35:19.037,18.8800,100
38119037894347,10:35:19.037,18.8800,74
38137690296939,10:35:37.690,18.8900,100
38137690296939,10:35:37.690,18.8900,100
38237883579165,10:37:17.883,18.8900,100
38237883579165,10:37:17.883,18.8900,65
38237955104681,10:37:17.955,18.8900,100
38237955104681,10:37:17.955,18.8900,100
38237955627743,10:37:17.955,18.8900,77
38237956831334,10:37:17.956,18.8900,123
38237956831334,10:37:17.956,18.8900,100
38237956831334,10:37:17.956,18.8900,23
38255204392576,10:37:35.204,18.8800,300
38255204392576,10:37:35.204,18.8800,19
38294711606997,10:38:14.711,18.8800,100
38294711606997,10:38:14.711,18.8800,16
38298555997295,10:38:18.555,18.8900,60
38298556024249,10:38:18.556,18.8900,40
38298556024249,10:38:18.556,18.8900,100
38316048736476,10:38:36.048,18.9100,100
38324070481054,10:38:44.070,18.9200,100
38324070481054,10:38:44.070,18.9200,20
38324070481054,10:38:44.070,18.9200,100
38324104110033,10:38:44.104,18.9200,100
38324104110033,10:38:44.104,18.9200,100
38324104110033,10:38:44.104,18.9200,100
38324104110033,10:38:44.104,18.9200,100
38328986134300,10:38:48.986,18.9300,60
38328986159537,10:38:48.986,18.9300,40
38343245281614,10:39:03.245,18.9400,100
38343245785975,10:39:03.245,18.9400,100
38343245785975,10:39:03.245,18.9400,100
38343245835292,10:39:03.245,18.9400,98
38345341372398,10:39:05.341,18.9500,12
38355129464196,10:39:15.129,18.9500,12
38355129489407,10:39:15.129,18.9500,76
38358128380885,10:39:18.128,18.9500,11
38365021581437,10:39:25.021,18.9400,29
38365021581437,10:39:25.021,18.9400,21
38365021618580,10:39:25.021,18.9400,79
38365021739204,10:39:25.021,18.9400,100
38365021739204,10:39:25.021,18.9400,100
38365025360165,10:39:25.025,18.9400,200
38401019720427,10:40:01.019,18.9400,89
38412423525900,10:40:12.423,18.9400,100
38412465453253,10:40:12.465,18.9400,100
38412465453253,10:40:12.465,18.9400,100
38412465453253,10:40:12.465,18.9400,100
38421422506081,10:40:21.422,18.9400,100
38421422861903,10:40:21.422,18.9400,100
38432400300990,10:40:32.400,18.9500,60
38432400330170,10:40:32.400,18.9500,40
38432400949453,10:40:32.400,18.9500,100
38432400949453,10:40:32.400,18.9500,100
38465133854179,10:41:05.133,18.9500,38
38508644463045,10:41:48.644,18.9400,100
38520734773201,10:42:00.734,18.9400,60
38520734840131,10:42:00.734,18.9400,40
38520735189916,10:42:00.735,18.9400,100
38520735193717,10:42:00.735,18.9400,100
38520735326372,10:42:00.735,18.9400,27
38520735353308,10:42:00.735,18.9400,73
38520735353308,10:42:00.735,18.9400,27
38531639345267,10:42:11.639,18.9400,62
38531640696603,10:42:11.640,18.9400,38
38531640696603,10:42:11.640,18.9400,100
38587313311497,10:43:07.313,18.9300,100
38587313311497,10:43:07.313,18.9300,61
38592193867912,10:43:12.193,18.9100,200
38592193867912,10:43:12.193,18.9100,100
38592193867912,10:43:12.193,18.9100,100
38592193867912,10:43:12.193,18.9100,100
38592193867912,10:43:12.193,18.9100,700
38592193877801,10:43:12.193,18.9100,100
38592193957181,10:43:12.193,18.9100,100
38592194903511,10:43:12.194,18.9100,100
38592194903511,10:43:12.194,18.9100,100
38592194903511,10:43:12.194,18.9100,100
38592206968363,10:43:12.206,18.9100,100
38592231939091,10:43:12.231,18.9100,100
38592231939091,10:43:12.231,18.9100,200
38592231939091,10:43:12.231,18.9100,100
38592244488912,10:43:12.244,18.9100,100
38592314499540,10:43:12.314,18.9200,100
38592317699171,10:43:12.317,18.9200,100
38592317765865,10:43:12.317,18.9200,100
38592318054531,10:43:12.318,18.9200,100
38594572634370,10:43:14.572,18.9100,100
38594572634370,10:43:14.572,18.9100,100
38594572634370,10:43:14.572,18.9100,200
38596433800360,10:43:16.433,18.9000,100
38596433800360,10:43:16.433,18.9000,100
38596433844186,10:43:16.433,18.9000,100
38600265673862,10:43:20.265,18.9000,100
38603509939366,10:43:23.509,18.9000,100
38603509939366,10:43:23.509,18.9000,100
38603509939366,10:43:23.509,18.9000,100
38603509939366,10:43:23.509,18.9000,100
38603509939366,10:43:23.509,18.9000,100
38603509939366,10:43:23.509,18.9000,100
38603509939366,10:43:23.509,18.9000,200
38605036104775,10:43:25.036,18.9000,100
38605036104775,10:43:25.036,18.9000,50
38607897304548,10:43:27.897,18.9000,100
38607897304548,10:43:27.897,18.9000,100
38607897304548,10:43:27.897,18.9000,100
38607897304548,10:43:27.897,18.9000,100
38607897304548,10:43:27.897,18.9000,100
38613458839937,10:43:33.458,18.9000,100
38613458869993,10:43:33.458,18.9000,25
38630386903807,10:43:50.386,18.9000,100
38630386903807,10:43:50.386,18.9000,200
38630386903807,10:43:50.386,18.9000,100
38630386903807,10:43:50.386,18.9000,100
38630386903807,10:43:50.386,18.9000,100
38630386903807,10:43:50.386,18.9000,100
38655205313873,10:44:15.205,18.9000,200
38655205313873,10:44:15.205,18.9000,147
38655205313873,10:44:15.205,18.9000,18
38655205427904,10:44:15.205,18.9100,100
38655205427904,10:44:15.205,18.9100,85
38655205968711,10:44:15.205,18.9100,15
38655206470132,10:44:15.206,18.9100,100
38655206482414,10:44:15.206,18.9100,100
38655206497011,10:44:15.206,18.9100,100
38655206504883,10:44:15.206,18.9100,100
38655206504883,10:44:15.206,18.9100,75
38655206518993,10:44:15.206,18.9100,100
38655206533412,10:44:15.206,18.9100,25
38655206533412,10:44:15.206,18.9100,75
38655206535995,10:44:15.206,18.9100,25
38655206698469,10:44:15.206,18.9100,30
38661229168217,10:44:21.229,18.9100,100
38661229168217,10:44:21.229,18.9100,100
38661229168217,10:44:21.229,18.9100,100
38661229168217,10:44:21.229,18.9100,152
38661230133317,10:44:21.230,18.9200,14
38661230134527,10:44:21.230,18.9200,86
38661230134527,10:44:21.230,18.9200,64
38716750278689,10:45:16.750,18.9150,100
38728429186769,10:45:28.429,18.9100,200
38728429186769,10:45:28.429,18.9100,100
38728429186769,10:45:28.429,18.9100,100
38729364536011,10:45:29.364,18.9050,100
38729364536011,10:45:29.364,18.9000,100
38729364536011,10:45:29.364,18.9000,100
38729364536011,10:45:29.364,18.9000,100
38729364536011,10:45:29.364,18.9000,100
38729364538266,10:45:29.364,18.9000,19
38729364538266,10:45:29.364,18.9000,81
38729365191835,10:45:29.365,18.9000,100
38730727366937,10:45:30.727,18.9000,83
38730727390905,10:45:30.727,18.9000,153
38733268871545,10:45:33.268,18.9000,300
38733268871545,10:45:33.268,18.9000,100
38746107024652,10:45:46.107,18.9000,100
38773551102551,10:46:13.551,18.9000,20
38773551102551,10:46:13.551,18.9000,16
38773551102551,10:46:13.551,18.9000,5
38802616062402,10:46:42.616,18.9000,100
38802616112991,10:46:42.616,18.9000,142
38844432883351,10:47:24.432,18.9100,100
38861456493501,10:47:41.456,18.9100,100
38885219172693,10:48:05.219,18.9100,50
38885219172693,10:48:05.219,18.9100,16
38953847430915,10:49:13.847,18.9200,100
38953847430915,10:49:13.847,18.9200,100
38953847430915,10:49:13.847,18.9200,100
38954257837219,10:49:14.257,18.9200,41
38976220522201,10:49:36.220,18.9300,100
38976220522201,10:49:36.220,18.9300,100
39001483390981,10:50:01.483,18.9200,20
39001483390981,10:50:01.483,18.9200,80
39001483417095,10:50:01.483,18.9200,120
39022742905057,10:50:22.742,18.9200,100
39022742929189,10:50:22.742,18.9200,100
39144138258269,10:52:24.138,18.9200,100
39144138258269,10:52:24.138,18.9200,50
39169809604856,10:52:49.809,18.9300,100
39169810271196,10:52:49.810,18.9300,27
39223099485000,10:53:43.099,18.9200,50
39223099744995,10:53:43.099,18.9200,50
39242161921000,10:54:02.161,18.9200,60
39242162036006,10:54:02.162,18.9200,30
39242162095140,10:54:02.162,18.9200,110
39242162095140,10:54:02.162,18.9200,190
39242162103205,10:54:02.162,18.9200,24
39269474006237,10:54:29.474,18.9300,18
39269474006237,10:54:29.474,18.9300,100
39269474006237,10:54:29.474,18.9300,20
39302661117607,10:55:02.661,18.9300,100
39302661117607,10:55:02.661,18.9300,69
39302661117607,10:55:02.661,18.9300,31
39302661144155,10:55:02.661,18.9300,69
39307555702587,10:55:07.555,18.9200,100
39307555702587,10:55:07.555,18.9200,100
39312272247443,10:55:12.272,18.9200,100
39312272247443,10:55:12.272,18.9200,74
39334437479220,10:55:34.437,18.9400,14
39409124416199,10:56:49.124,18.9400,20
39409172765011,10:56:49.172,18.9400,80
39452866533897,10:57:32.866,18.9400,100
39452866533897,10:57:32.866,18.9400,100
39466908011791,10:57:46.908,18.9400,21
39510934110463,10:58:30.934,18.9400,1
39583443901118,10:59:43.443,18.9400,5
39583443901118,10:59:43.443,18.9400,43
39583443901118,10:59:43.443,18.9400,100
39583446709657,10:59:43.446,18.9400,100
39583446709657,10:59:43.446,18.9400,100
39583446709657,10:59:43.446,18.9400,100
39598250385525,10:59:58.250,18.9300,100
39598250385525,10:59:58.250,18.9300,100
39598250385525,10:59:58.250,18.9300,100
39598250385525,10:59:58.250,18.9300,17
39598250687844,10:59:58.250,18.9300,100
39598250687844,10:59:58.250,18.9300,100
39598250687844,10:59:58.250,18.9300,100
39663397584099,11:01:03.397,18.9300,100
39663397584099,11:01:03.397,18.9300,100
39663397584099,11:01:03.397,18.9300,157
39663476447481,11:01:03.476,18.9400,30
39663476485063,11:01:03.476,18.9400,60
39663476511294,11:01:03.476,18.9400,10
39663476511294,11:01:03.476,18.9400,50
39663478546058,11:01:03.478,18.9400,30
39814547848739,11:03:34.547,18.9400,100
39996285880565,11:06:36.285,18.9500,100
39996285880565,11:06:36.285,18.9500,100
39996285880565,11:06:36.285,18.9500,133
39996285880565,11:06:36.285,18.9500,20
40125288706997,11:08:45.288,18.9700,100
40125288706997,11:08:45.288,18.9700,100
40125319239049,11:08:45.319,18.9700,50
40125319296818,11:08:45.319,18.9700,50
40125319342594,11:08:45.319,18.9700,100
40125319342594,11:08:45.319,18.9700,100
40245447430542,11:10:45.447,18.9600,100
40245447430542,11:10:45.447,18.9600,300
40245447430542,11:10:45.447,18.9600,100
40245447430542,11:10:45.447,18.9600,100
40245447430542,11:10:45.447,18.9600,72
40245447463030,11:10:45.447,18.9600,28
40245447493170,11:10:45.447,18.9600,28
40245447891594,11:10:45.447,18.9600,100
40245448051983,11:10:45.448,18.9600,49
40245448095732,11:10:45.448,18.9600,23
40245452853060,11:10:45.452,18.9500,100
40245452853060,11:10:45.452,18.9500,100
40245452853060,11:10:45.452,18.9500,100
40392950386237,11:13:12.950,18.9500,100
40392950386237,11:13:12.950,18.9500,138
40392950386237,11:13:12.950,18.9500,100
40462744519701,11:14:22.744,18.9600,20
40462744561219,11:14:22.744,18.9600,80
40531184816595,11:15:31.184,18.9550,100
40531184816595,11:15:31.184,18.9500,100
40531184816595,11:15:31.184,18.9500,100
40531413735530,11:15:31.413,18.9500,25
40531559351748,11:15:31.559,18.9400,100
40562805039624,11:16:02.805,18.9500,60
40562805066559,11:16:02.805,18.9500,40
40564667051930,11:16:04.667,18.9500,100
40564675577502,11:16:04.675,18.9500,100
40564675577502,11:16:04.675,18.9500,100
40564675577502,11:16:04.675,18.9500,100
40564675577502,11:16:04.675,18.9500,100
40579085955091,11:16:19.085,18.9500,20
40582902023160,11:16:22.902,18.9600,14
40582902023160,11:16:22.902,18.9600,100
40582902023160,11:16:22.902,18.9600,100
40582903748054,11:16:22.903,18.9600,100
40582903814693,11:16:22.903,18.9600,100
40582903885507,11:16:22.903,18.9600,100
40582904416099,11:16:22.904,18.9600,100
40584493018864,11:16:24.493,18.9600,60
40584493273306,11:16:24.493,18.9600,40
40584493273306,11:16:24.493,18.9600,20
40584493300273,11:16:24.493,18.9600,80
40584493300273,11:16:24.493,18.9600,100
40584493300273,11:16:24.493,18.9600,100
40643623331666,11:17:23.623,18.9600,43
40714134752188,11:18:34.134,18.9600,100
40714134752188,11:18:34.134,18.9600,100
40714134752188,11:18:34.134,18.9600,15
40751056962318,11:19:11.056,18.9600,100
40871517085554,11:21:11.517,18.9600,100
40930183571592,11:22:10.183,18.9500,100
40930183571592,11:22:10.183,18.9500,300
40930183571592,11:22:10.183,18.9500,22
40930280351718,11:22:10.280,18.9400,100
40960013677509,11:22:40.013,18.9400,55
40960056050089,11:22:40.056,18.9400,45
40960056050089,11:22:40.056,18.9400,55
40960056076553,11:22:40.056,18.9400,45
41002340069361,11:23:22.340,18.9400,100
41013515872266,11:23:33.515,18.9400,20
41028208790084,11:23:48.208,18.9500,60
41028208834152,11:23:48.208,18.9500,40
41161442494639,11:26:01.442,18.9400,115
41244723905608,11:27:24.723,18.9400,100
41244723939016,11:27:24.723,18.9400,100
41244723939016,11:27:24.723,18.9400,19
41244723939016,11:27:24.723,18.9400,15
41390014435124,11:29:50.014,18.9400,100
41390015295871,11:29:50.015,18.9400,100
41476275925112,11:31:16.275,18.9300,100
41476275925112,11:31:16.275,18.9300,100
41497997337148,11:31:37.997,18.9300,100
41497997352765,11:31:37.997,18.9300,100
41497997404283,11:31:37.997,18.9300,19
41723223149916,11:35:23.223,18.9400,45
41723223149916,11:35:23.223,18.9400,15
41723223149916,11:35:23.223,18.9400,100
41723224981364,11:35:23.224,18.9400,100
41723225020508,11:35:23.225,18.9400,100
41723225039883,11:35:23.225,18.9400,100
41795036559941,11:36:35.036,18.9300,100
41795036559941,11:36:35.036,18.9300,100
41795036559941,11:36:35.036,18.9300,300
41906807208693,11:38:26.807,18.9200,100
41982178406049,11:39:42.178,18.9100,100
41982178406049,11:39:42.178,18.9100,214
41982178478934,11:39:42.178,18.9100,86
41982178478934,11:39:42.178,18.9100,118
42014119747429,11:40:14.119,18.9000,100
42014119747429,11:40:14.119,18.9000,100
42134059564161,11:42:14.059,18.9000,100
42134059564161,11:42:14.059,18.9000,100
42134059564161,11:42:14.059,18.9000,164
42134059564161,11:42:14.059,18.9000,14
42134059676512,11:42:14.059,18.9100,159
42136440020921,11:42:16.440,18.9000,9
42363355789256,11:46:03.355,18.9000,100
42436959315281,11:47:16.959,18.9000,35
42436959436491,11:47:16.959,18.9000,265
42436959459886,11:47:16.959,18.9000,100
42437053179869,11:47:17.053,18.9000,12
42437053179869,11:47:17.053,18.9000,88
42437053210126,11:47:17.053,18.9000,12
42442665270529,11:47:22.665,18.9000,100
42564779882000,11:49:24.779,18.9100,100
42564779882000,11:49:24.779,18.9100,159
42564779882000,11:49:24.779,18.9100,14
42564779882000,11:49:24.779,18.9100,100
42564781479586,11:49:24.781,18.9100,100
42564781512838,11:49:24.781,18.9100,100
42564781526879,11:49:24.781,18.9100,100
42564781553092,11:49:24.781,18.9100,100
42564787210757,11:49:24.787,18.9100,100
42564794178968,11:49:24.794,18.9100,100
42564794178968,11:49:24.794,18.9100,100
42564797995880,11:49:24.797,18.9100,100
42564797995880,11:49:24.797,18.9100,27
42564800247957,11:49:24.800,18.9100,73
42565284151448,11:49:25.284,18.9200,100
42612931911054,11:50:12.931,18.9100,20
42612931911054,11:50:12.931,18.9100,93
42612931918586,11:50:12.931,18.9100,53
42612932040454,11:50:12.932,18.9100,54
42612932040454,11:50:12.932,18.9100,100
42693924141326,11:51:33.924,18.8900,100
42790823203508,11:53:10.823,18.8900,100
42790823232283,11:53:10.823,18.8900,13
42800716525707,11:53:20.716,18.8900,100
42800716525707,11:53:20.716,18.8900,100
42842330629588,11:54:02.330,18.8850,100
42842330629588,11:54:02.330,18.8800,100
42842330629588,11:54:02.330,18.8800,100
42842330709523,11:54:02.330,18.8800,100
42847463316471,11:54:07.463,18.8700,300
42847463316471,11:54:07.463,18.8700,100
42847463316471,11:54:07.463,18.8700,100
42847463729174,11:54:07.463,18.8700,100
42847463729174,11:54:07.463,18.8700,100
42847463900191,11:54:07.463,18.8700,100
42973407056241,11:56:13.407,18.8600,100
42980120644176,11:56:20.120,18.8400,100
42980120644176,11:56:20.120,18.8400,100
43006341164779,11:56:46.341,18.8400,15
43008393979252,11:56:48.393,18.8400,100
43014442610171,11:56:54.442,18.8200,17
43014442644135,11:56:54.442,18.8200,19
43014442736416,11:56:54.442,18.8200,14
43016250085720,11:56:56.250,18.8300,100
43016250085720,11:56:56.250,18.8300,100
43053635430415,11:57:33.635,18.8400,100
43053635430415,11:57:33.635,18.8400,36
43053635655072,11:57:33.635,18.8400,64
43054021250321,11:57:34.021,18.8400,100
43054021250321,11:57:34.021,18.8400,100
43054021250321,11:57:34.021,18.8400,100
43054021250321,11:57:34.021,18.8400,100
43056191468593,11:57:36.191,18.8400,100
43216944348760,12:00:16.944,18.8500,100
43216944348760,12:00:16.944,18.8500,100
43216944379295,12:00:16.944,18.8500,32
43216944379295,12:00:16.944,18.8500,8
43245808401867,12:00:45.808,18.8500,100
43245808401867,12:00:45.808,18.8500,100
43245808401867,12:00:45.808,18.8500,100
43250636572586,12:00:50.636,18.8500,100
43278671605212,12:01:18.671,18.8600,100
43285799149179,12:01:25.799,18.8500,20
43360536469401,12:02:40.536,18.8600,100
43360536469401,12:02:40.536,18.8600,11
43360536469401,12:02:40.536,18.8600,89
43360536525892,12:02:40.536,18.8600,11
43360536525892,12:02:40.536,18.8600,113
43360537581502,12:02:40.537,18.8600,100
43361959021173,12:02:41.959,18.8600,35
43369404651243,12:02:49.404,18.8600,100
43369404651243,12:02:49.404,18.8600,100
43527548923905,12:05:27.548,18.8600,100
43541272709236,12:05:41.272,18.8600,100
43637556964454,12:07:17.556,18.8700,9
43637556964454,12:07:17.556,18.8700,100
43637556964454,12:07:17.556,18.8700,15
43879218559825,12:11:19.218,18.8800,100
43879218559825,12:11:19.218,18.8800,159
43879218559825,12:11:19.218,18.8800,8
43879218565888,12:11:19.218,18.8800,57
43879218565888,12:11:19.218,18.8800,10
44217169649077,12:16:57.169,18.8900,100
44217169649077,12:16:57.169,18.8900,100
44217169649077,12:16:57.169,18.8900,100
44217169935090,12:16:57.169,18.8900,9
44282785976831,12:18:02.785,18.8900,22
44282786213377,12:18:02.786,18.8900,13
44506830149090,12:21:46.830,18.8800,100
44800822234816,12:26:40.822,18.8700,50
44800822286196,12:26:40.822,18.8700,50
45147660455811,12:32:27.660,18.8600,100
45147660455811,12:32:27.660,18.8600,100
45147660455811,12:32:27.660,18.8600,100
45151366397393,12:32:31.366,18.8600,100
45215722416904,12:33:35.722,18.8600,100
45221349639966,12:33:41.349,18.8500,100
45221349639966,12:33:41.349,18.8500,100
45251415227187,12:34:11.415,18.8600,100
45251415227187,12:34:11.415,18.8600,100
45251415227187,12:34:11.415,18.8600,100
45251415227187,12:34:11.415,18.8600,300
45251415227187,12:34:11.415,18.8600,100
45251415227187,12:34:11.415,18.8600,12
45689787576749,12:41:29.787,18.8600,100
45689787673508,12:41:29.787,18.8600,100
46003763941741,12:46:43.763,18.8450,4
46162261678098,12:49:22.261,18.8400,100
46162764309253,12:49:22.764,18.8400,100
46162764309253,12:49:22.764,18.8400,26
46162764309253,12:49:22.764,18.8400,50
46199165732459,12:49:59.165,18.8400,60
46199165759563,12:49:59.165,18.8400,40
46199165759563,12:49:59.165,18.8400,100
46428011273031,12:53:48.011,18.8400,100
46428012069936,12:53:48.012,18.8400,70
46457066792713,12:54:17.066,18.8300,200
46489997500058,12:54:49.997,18.8300,16
46489997500058,12:54:49.997,18.8300,5
46525369740277,12:55:25.369,18.8300,100
46669203966286,12:57:49.203,18.8300,13
46838830777008,13:00:38.830,18.8300,50
46838830875028,13:00:38.830,18.8300,50
46838831268994,13:00:38.831,18.8300,100
47424392531923,13:10:24.392,18.8300,100
47424392531923,13:10:24.392,18.8300,20
47456055691203,13:10:56.055,18.8300,50
47456055691203,13:10:56.055,18.8300,100
47456055691203,13:10:56.055,18.8300,100
47607980432613,13:13:27.980,18.8300,100
47771494099181,13:16:11.494,18.8300,85
47827986469276,13:17:07.986,18.8200,100
47992152240628,13:19:52.152,18.8100,46
47992584687364,13:19:52.584,18.8000,60
47992584730800,13:19:52.584,18.8000,40
48002861702392,13:20:02.861,18.7900,100
48053038077303,13:20:53.038,18.7900,100
48164347725827,13:22:44.347,18.7900,12
48164347790410,13:22:44.347,18.7900,88
48211354554947,13:23:31.354,18.7900,100
48211354554947,13:23:31.354,18.7900,100
48211354554947,13:23:31.354,18.7900,5
48211541142262,13:23:31.541,18.7900,100
48488544877922,13:28:08.544,18.7900,100
48540077980777,13:29:00.077,18.7900,4
48540077980777,13:29:00.077,18.7900,1
48540078115723,13:29:00.078,18.7900,50
48540078192152,13:29:00.078,18.7900,10
48540078208143,13:29:00.078,18.7900,39
48598025985042,13:29:58.025,18.7900,100
48961349259979,13:36:01.349,18.7850,1
49007980082795,13:36:47.980,18.7800,100
49011612795485,13:36:51.612,18.7850,100
49081373424120,13:38:01.373,18.7850,4
49579318244244,13:46:19.318,18.7900,100
49579318244244,13:46:19.318,18.7900,100
49579318431576,13:46:19.318,18.7900,60
49579318431576,13:46:19.318,18.7900,100
50028095936435,13:53:48.095,18.8000,8
50156203556111,13:55:56.203,18.7900,64
50156203653828,13:55:56.203,18.7900,90
50156203760281,13:55:56.203,18.7900,2
50156203771402,13:55:56.203,18.7900,100
50156203850269,13:55:56.203,18.7900,144
50156203850269,13:55:56.203,18.7900,43
50156203850269,13:55:56.203,18.7900,6
50156237955618,13:55:56.237,18.7900,48
50157813044510,13:55:57.813,18.7900,100
50220749738182,13:57:00.749,18.8000,192
50220749738182,13:57:00.749,18.8000,100
50281344445900,13:58:01.344,18.8050,9
50330800295683,13:58:50.800,18.8000,10
50330800300502,13:58:50.800,18.8000,30
50330800300502,13:58:50.800,18.8000,7
50330800363159,13:58:50.800,18.8000,100
50362280291050,13:59:22.280,18.8000,47
50362280291050,13:59:22.280,18.8000,100
50362280291050,13:59:22.280,18.8000,53
50362280450539,13:59:22.280,18.8000,147
50402703787940,14:00:02.703,18.8050,100
50402707615884,14:00:02.707,18.8100,100
50407342101690,14:00:07.342,18.8200,100
50407574710039,14:00:07.574,18.8200,100
50409004312228,14:00:09.004,18.8300,100
50446510049098,14:00:46.510,18.8300,8
50537838235610,14:02:17.838,18.8200,82
50537839019691,14:02:17.839,18.8200,18
50598917089800,14:03:18.917,18.8300,100
50598917112544,14:03:18.917,18.8300,100
50598917112544,14:03:18.917,18.8300,17
50598917112544,14:03:18.917,18.8300,100
50598917663702,14:03:18.917,18.8400,58
50598917781139,14:03:18.917,18.8400,42
50632041938009,14:03:52.041,18.8900,31
50632042526976,14:03:52.042,18.9000,60
50632500735692,14:03:52.500,18.8900,60
50652624520770,14:04:12.624,18.9000,40
50652624520770,14:04:12.624,18.9000,30
50652647940951,14:04:12.647,18.9000,100
50652647950516,14:04:12.647,18.9000,100
50657696567601,14:04:17.696,18.8900,200
50657696567601,14:04:17.696,18.8900,42
50657696567601,14:04:17.696,18.8900,100
50665287935239,14:04:25.287,18.9000,5
50665290864780,14:04:25.290,18.9000,200
50665291274354,14:04:25.291,18.9000,100
50686513384051,14:04:46.513,18.9000,96
50691375852830,14:04:51.375,18.9100,100
50693805889753,14:04:53.805,18.9100,100
50695398900281,14:04:55.398,18.9100,40
50696954096825,14:04:56.954,18.9100,62
50696954201803,14:04:56.954,18.9100,238
50696954360444,14:04:56.954,18.9100,100
50696954433964,14:04:56.954,18.9100,100
50704442478213,14:05:04.442,18.9200,60
50759248754439,14:05:59.248,18.9200,60
50761763766120,14:06:01.763,18.9300,61
50761763824632,14:06:01.763,18.9300,39
50761763824632,14:06:01.763,18.9300,61
50761763908931,14:06:01.763,18.9300,39
50812926205082,14:06:52.926,18.9350,100
50878891117025,14:07:58.891,18.9300,50
50878892114388,14:07:58.892,18.9300,15
50878892114388,14:07:58.892,18.9300,100
50909485713887,14:08:29.485,18.9400,33
50942774304321,14:09:02.774,18.9500,100
50942774304321,14:09:02.774,18.9500,10
50942774304321,14:09:02.774,18.9500,40
50950911067257,14:09:10.911,18.9500,50
50981173867222,14:09:41.173,18.9500,44
51001443943859,14:10:01.443,18.9400,200
51001443943859,14:10:01.443,18.9400,100
51001790543890,14:10:01.790,18.9400,100
51004876039421,14:10:04.876,18.9400,24
51006450741996,14:10:06.450,18.9400,6
51006450741996,14:10:06.450,18.9400,10
51006451307411,14:10:06.451,18.9400,100
51006451307411,14:10:06.451,18.9400,34
51040067842234,14:10:40.067,18.9400,200
51040082026160,14:10:40.082,18.9500,200
51040082026160,14:10:40.082,18.9500,100
51040082026160,14:10:40.082,18.9500,44
51040082026160,14:10:40.082,18.9500,100
51040082026160,14:10:40.082,18.9500,13
51040092114019,14:10:40.092,18.9500,177
51040092114019,14:10:40.092,18.9500,100
51040092114019,14:10:40.092,18.9500,100
51040092114019,14:10:40.092,18.9500,100
51040092114019,14:10:40.092,18.9500,100
51040101566490,14:10:40.101,18.9600,100
51040101566490,14:10:40.101,18.9600,100
51040101566490,14:10:40.101,18.9600,100
51040101566490,14:10:40.101,18.9600,100
51040104745403,14:10:40.104,18.9600,100
51040110948859,14:10:40.110,18.9700,100
51040110948859,14:10:40.110,18.9700,100
51040113406110,14:10:40.113,18.9700,100
51040113881511,14:10:40.113,18.9700,100
51040113881511,14:10:40.113,18.9700,100
51040150195953,14:10:40.150,18.9650,100
51040154080329,14:10:40.154,18.9700,100
51040169872046,14:10:40.169,18.9700,100
51040182746615,14:10:40.182,18.9700,31
51040186380636,14:10:40.186,18.9700,100
51040198394310,14:10:40.198,18.9700,100
51040198394310,14:10:40.198,18.9700,100
51040354733381,14:10:40.354,18.9700,100
51048489788241,14:10:48.489,18.9600,51
51048489819750,14:10:48.489,18.9600,49
51061019309893,14:11:01.019,18.9600,131
51082104938950,14:11:22.104,18.9900,100
51082467151989,14:11:22.467,18.9900,100
51082467151989,14:11:22.467,18.9900,100
51094200174312,14:11:34.200,19.0000,500
51109160680882,14:11:49.160,18.9900,100
51109160680882,14:11:49.160,18.9900,100
51121731925988,14:12:01.731,18.9800,100
51150231607427,14:12:30.231,18.9700,64
51150235742224,14:12:30.235,18.9700,10
51193027957025,14:13:13.027,18.9800,24
51193027957025,14:13:13.027,18.9800,140
51193027964265,14:13:13.027,18.9800,60
51193027964265,14:13:13.027,18.9800,13
51193027964265,14:13:13.027,18.9800,9
51212677931141,14:13:32.677,18.9800,27
51212678506130,14:13:32.678,18.9800,55
51212678506130,14:13:32.678,18.9800,100
51212678506130,14:13:32.678,18.9800,200
51212689784644,14:13:32.689,18.9800,100
51212689784644,14:13:32.689,18.9800,100
51212689784644,14:13:32.689,18.9800,100
51212700829657,14:13:32.700,18.9800,44
51256044041138,14:14:16.044,18.9800,86
51263247136491,14:14:23.247,18.9800,1
51263247201777,14:14:23.247,18.9800,9
51263276060598,14:14:23.276,18.9800,54
51275811204984,14:14:35.811,18.9900,15
51275811204984,14:14:35.811,18.9900,14
51275811372114,14:14:35.811,18.9900,100
51300177815716,14:15:00.177,18.9900,100
51331123153744,14:15:31.123,18.9900,75
51331123238352,14:15:31.123,18.9900,25
51348188973169,14:15:48.188,18.9900,100
51348189281982,14:15:48.189,18.9900,40
51364113832985,14:16:04.113,18.9900,100
51364113832985,14:16:04.113,18.9900,23
51400205718870,14:16:40.205,19.0000,82
51400208118871,14:16:40.208,19.0000,2
51473291450444,14:17:53.291,19.0000,59
51473291492795,14:17:53.291,19.0000,41
51485121790529,14:18:05.121,19.0000,88
51597690233035,14:19:57.690,19.0000,52
51597692836650,14:19:57.692,19.0000,10
51598344061804,14:19:58.344,19.0000,100
51619707606358,14:20:19.707,19.0100,100
51619707606358,14:20:19.707,19.0100,100
51619707606358,14:20:19.707,19.0100,86
51635662840717,14:20:35.662,19.0000,50
51635662840717,14:20:35.662,19.0000,100
51676883535916,14:21:16.883,19.0100,30
51755586509773,14:22:35.586,19.0000,100
51756591971947,14:22:36.591,19.0000,100
51779294852785,14:22:59.294,19.0100,37
51779297374254,14:22:59.297,19.0100,16
51853693710162,14:24:13.693,19.0100,300
51853693710162,14:24:13.693,19.0100,100
51856776363066,14:24:16.776,19.0000,75
51859508353988,14:24:19.508,19.0000,100
51859508353988,14:24:19.508,19.0000,100
51921816733872,14:25:21.816,19.0000,8
51964528327050,14:26:04.528,19.0000,54
51964528354444,14:26:04.528,19.0000,38
51964528354444,14:26:04.528,19.0000,100
51964528354444,14:26:04.528,19.0000,58
51964528418863,14:26:04.528,19.0000,42
51972013959738,14:26:12.013,18.9900,100
51972013959738,14:26:12.013,18.9900,5
52174667447120,14:29:34.667,18.9800,40
52176268862804,14:29:36.268,18.9800,60
52176268882759,14:29:36.268,18.9750,700
52203940996751,14:30:03.940,18.9750,400
52204778462950,14:30:04.778,18.9700,50
52230016722581,14:30:30.016,18.9700,21
52269968726647,14:31:09.968,18.9700,79
52269968726647,14:31:09.968,18.9700,100
52269968726647,14:31:09.968,18.9700,35
52269968726647,14:31:09.968,18.9700,100
52300745024188,14:31:40.745,18.9750,300
52308725118815,14:31:48.725,18.9750,100
52310499718781,14:31:50.499,18.9700,100
52473010662072,14:34:33.010,18.9700,100
52473010662072,14:34:33.010,18.9700,100
52473010662072,14:34:33.010,18.9700,30
52572539015098,14:36:12.539,18.9700,100
52572539045652,14:36:12.539,18.9700,300
52572539773403,14:36:12.539,18.9700,100
52579104410423,14:36:19.104,18.9700,38
52579104532011,14:36:19.104,18.9700,62
52579104532011,14:36:19.104,18.9700,13
52579104841698,14:36:19.104,18.9700,87
52579104841698,14:36:19.104,18.9700,100
52579124028186,14:36:19.124,18.9700,10
52580908810695,14:36:20.908,18.9700,20
52609814026377,14:36:49.814,18.9800,27
52609814026377,14:36:49.814,18.9800,27
52728231577322,14:38:48.231,18.9900,89
52728231632463,14:38:48.231,18.9900,11
52728231632463,14:38:48.231,18.9900,100
52728231632463,14:38:48.231,18.9900,100
52728231632463,14:38:48.231,18.9900,27
52728231632463,14:38:48.231,18.9900,9
52740943699182,14:39:00.943,19.0000,117
52745304001302,14:39:05.304,19.0050,100
52745304003026,14:39:05.304,19.0050,100
52764105466201,14:39:24.105,19.0000,46
52764105466201,14:39:24.105,19.0000,54
52764105528861,14:39:24.105,19.0000,46
52764105530469,14:39:24.105,19.0000,100
52764106399717,14:39:24.106,19.0000,100
52765482000979,14:39:25.482,18.9950,800
52860442256234,14:41:00.442,19.0000,100
52860442256234,14:41:00.442,19.0000,40
52869682015820,14:41:09.682,19.0150,300
52892281709610,14:41:32.281,19.0100,100
52892281709610,14:41:32.281,19.0100,200
52892281709610,14:41:32.281,19.0100,45
52892282331826,14:41:32.282,19.0100,59
52892282357579,14:41:32.282,19.0100,41
52892282357579,14:41:32.282,19.0100,14
52933584023071,14:42:13.584,19.0100,42
53079625199468,14:44:39.625,19.0200,100
53079625199468,14:44:39.625,19.0200,50
53079625199468,14:44:39.625,19.0200,100
53079625199468,14:44:39.625,19.0200,100
53086007480104,14:44:46.007,19.0300,100
53160550137874,14:46:00.550,19.0400,45
53170041387405,14:46:10.041,19.0400,52
53191455000612,14:46:31.455,19.0450,800
53216218791114,14:46:56.218,19.0500,141
53216218791114,14:46:56.218,19.0500,100
53216218791114,14:46:56.218,19.0500,100
53216481156348,14:46:56.481,19.0600,100
53216481156348,14:46:56.481,19.0600,200
53216481156348,14:46:56.481,19.0600,100
53216481156348,14:46:56.481,19.0600,100
53216481778426,14:46:56.481,19.0600,50
53228369176719,14:47:08.369,19.0600,46
53293042884527,14:48:13.042,19.0700,50
53293042893613,14:48:13.042,19.0700,50
53293042893613,14:48:13.042,19.0700,25
53293042902971,14:48:13.042,19.0750,100
53293042902971,14:48:13.042,19.0700,50
53293042915241,14:48:13.042,19.0700,25
53326041835088,14:48:46.041,19.0600,28
53372521222185,14:49:32.521,19.0500,28
53413088443378,14:50:13.088,19.0400,16
53509443003890,14:51:49.443,19.0400,5
53509443003890,14:51:49.443,19.0400,95
53509443020965,14:51:49.443,19.0400,5
53509443020965,14:51:49.443,19.0400,100
53526677062134,14:52:06.677,19.0500,100
53526677062134,14:52:06.677,19.0500,55
53570137357661,14:52:50.137,19.0700,200
53570137357661,14:52:50.137,19.0700,100
53596859056310,14:53:16.859,19.0700,2
53631899176615,14:53:51.899,19.0700,100
53631899176615,14:53:51.899,19.0700,11
53694540059761,14:54:54.540,19.0800,100
53694540059761,14:54:54.540,19.0800,56
53694540224739,14:54:54.540,19.0800,56
53694540279218,14:54:54.540,19.0800,25
53783878997162,14:56:23.878,19.0800,100
53783879074368,14:56:23.879,19.0800,100
53789900558586,14:56:29.900,19.0800,100
53792387004268,14:56:32.387,19.0750,300
53866684200504,14:57:46.684,19.0900,3
53900441431809,14:58:20.441,19.1000,2
54245482805543,15:04:05.482,19.1000,100
54245482805543,15:04:05.482,19.1000,300
54246290397955,15:04:06.290,19.0900,100
54246290397955,15:04:06.290,19.0900,100
54246290437233,15:04:06.290,19.0900,100
54257994990890,15:04:17.994,19.0800,200
54257994990890,15:04:17.994,19.0800,700
54257994990890,15:04:17.994,19.0800,300
54257995975657,15:04:17.995,19.0800,14
54306518363654,15:05:06.518,19.0800,86
54306518363654,15:05:06.518,19.0800,100
54320310901199,15:05:20.310,19.0800,100
54320310901199,15:05:20.310,19.0800,100
54320310901199,15:05:20.310,19.0800,100
54320310934127,15:05:20.310,19.0800,61
54320310934127,15:05:20.310,19.0800,16
54320310934127,15:05:20.310,19.0800,3
54326342255622,15:05:26.342,19.0800,200
54365654085672,15:06:05.654,19.0700,100
54365654085672,15:06:05.654,19.0700,100
54393334515361,15:06:33.334,19.0600,100
54393334515361,15:06:33.334,19.0600,100
54480709093375,15:08:00.709,19.0700,300
54480709093375,15:08:00.709,19.0700,100
54480709093375,15:08:00.709,19.0700,60
54480709093375,15:08:00.709,19.0700,100
54490227149829,15:08:10.227,19.0800,100
54490227179291,15:08:10.227,19.0800,60
54545306053720,15:09:05.306,19.0800,100
54551440704496,15:09:11.440,19.0800,46
54551440933718,15:09:11.440,19.0800,200
54551440963411,15:09:11.440,19.0800,103
54551441016274,15:09:11.441,19.0800,51
54877347374127,15:14:37.347,19.0600,77
54877347374127,15:14:37.347,19.0600,100
54877347374127,15:14:37.347,19.0600,100
54877347374127,15:14:37.347,19.0600,23
54877347559857,15:14:37.347,19.0600,77
54910192676355,15:15:10.192,19.0700,3
54910192676355,15:15:10.192,19.0700,97
54910652320504,15:15:10.652,19.0700,3
54929389718124,15:15:29.389,19.0800,100
54998520979608,15:16:38.520,19.0900,24
54998521006169,15:16:38.521,19.0950,100
54998521006169,15:16:38.521,19.0900,21
54998521049970,15:16:38.521,19.0900,55
54998521049970,15:16:38.521,19.0900,100
54998521049970,15:16:38.521,19.0900,19
54999810645255,15:16:39.810,19.0800,1
54999810820554,15:16:39.810,19.0800,99
55047546216557,15:17:27.546,19.0850,100
55047546674233,15:17:27.546,19.0800,100
55130138886877,15:18:50.138,19.0700,100
55130138886877,15:18:50.138,19.0700,100
55180779216328,15:19:40.779,19.0800,94
55180779216328,15:19:40.779,19.0800,6
55188903069962,15:19:48.903,19.0800,100
55300309518979,15:21:40.309,19.0800,100
55300656874340,15:21:40.656,19.0800,100
55303091068308,15:21:43.091,19.0800,100
55325515195166,15:22:05.515,19.0700,19
55328896247801,15:22:08.896,19.0700,81
55328896247801,15:22:08.896,19.0700,300
55342660283269,15:22:22.660,19.0600,68
55342661059120,15:22:22.661,19.0600,132
55370117487717,15:22:50.117,19.0500,189
55370117487717,15:22:50.117,19.0500,11
55410198467855,15:23:30.198,19.0500,100
55466625161541,15:24:26.625,19.0500,100
55466625161541,15:24:26.625,19.0500,189
55466626615059,15:24:26.626,19.0500,67
55479223139595,15:24:39.223,19.0400,100
55479226176180,15:24:39.226,19.0400,100
55479227478296,15:24:39.227,19.0300,60
55623465341832,15:27:03.465,19.0300,42
55676468516770,15:27:56.468,19.0400,180
55676468527596,15:27:56.468,19.0400,20
55676468527596,15:27:56.468,19.0400,3
55676468527596,15:27:56.468,19.0400,93
55676468527596,15:27:56.468,19.0400,15
55740257697483,15:29:00.257,19.0450,100
55741935397022,15:29:01.935,19.0400,200
55741935460774,15:29:01.935,19.0400,200
55792371012268,15:29:52.371,19.0350,100
55792874018870,15:29:52.874,19.0350,200
55800688371475,15:30:00.688,19.0300,200
55800693222478,15:30:00.693,19.0300,100
55820258156750,15:30:20.258,19.0150,100
55872409399068,15:31:12.409,19.0200,10
55872409399068,15:31:12.409,19.0200,13
55872409399068,15:31:12.409,19.0200,3
55877495021359,15:31:17.495,19.0250,300
55877495639116,15:31:17.495,19.0250,3
55880258473302,15:31:20.258,19.0250,97
55963047429217,15:32:43.047,19.0300,100
55963047429217,15:32:43.047,19.0300,100
55963047429217,15:32:43.047,19.0300,100
55963047429217,15:32:43.047,19.0300,129
55963048263339,15:32:43.048,19.0300,75
55968225272796,15:32:48.225,19.0300,100
55968314715547,15:32:48.314,19.0300,100
55968317006258,15:32:48.317,19.0300,100
56043253315411,15:34:03.253,19.0300,82
56043253405672,15:34:03.253,19.0300,18
56043253405672,15:34:03.253,19.0300,89
56043253433103,15:34:03.253,19.0300,11
56043253433103,15:34:03.253,19.0300,100
56052694096189,15:34:12.694,19.0200,200
56060259240981,15:34:20.259,19.0150,100
56196867779234,15:36:36.867,19.0100,100
56196867779234,15:36:36.867,19.0100,100
56196867855302,15:36:36.867,19.0100,36
56211496641721,15:36:51.496,19.0100,100
56211496641721,15:36:51.496,19.0100,100
56211496641721,15:36:51.496,19.0100,100
56211523729149,15:36:51.523,19.0150,3
56323521392644,15:38:43.521,19.0200,12
56387471658321,15:39:47.471,19.0100,200
56387471658321,15:39:47.471,19.0100,9
56394235576465,15:39:54.235,19.0150,3
56403513854156,15:40:03.513,19.0100,60
56403513879498,15:40:03.513,19.0100,60
56403519216041,15:40:03.519,19.0100,100
56403519262145,15:40:03.519,19.0100,71
56403519262145,15:40:03.519,19.0100,100
56403519262145,15:40:03.519,19.0100,100
56463118723652,15:41:03.118,19.0000,100
56463118723652,15:41:03.118,19.0000,100
56481001518085,15:41:21.001,19.0000,200
56481002034631,15:41:21.002,19.0000,27
56498845023970,15:41:38.845,19.0000,100
56498845023970,15:41:38.845,19.0000,100
56581804329555,15:43:01.804,19.0000,100
56581804329555,15:43:01.804,19.0000,100
56581804329555,15:43:01.804,19.0000,100
56581804329555,15:43:01.804,19.0000,10
56581804329555,15:43:01.804,19.0000,100
56581804329555,15:43:01.804,19.0000,100
56581804329555,15:43:01.804,19.0000,200
56581804329555,15:43:01.804,19.0000,100
56581804329555,15:43:01.804,19.0000,100
56581931890292,15:43:01.931,19.0050,40
56581932007802,15:43:01.932,19.0050,60
56638050774845,15:43:58.050,19.0050,100
56664391339463,15:44:24.391,19.0050,100
56670293028398,15:44:30.293,19.0000,73
56670293120503,15:44:30.293,19.0000,127
56670293120503,15:44:30.293,19.0000,100
56700112154676,15:45:00.112,18.9900,200
56700112154676,15:45:00.112,18.9900,6
56700112847425,15:45:00.112,18.9900,100
56700146881853,15:45:00.146,18.9900,200
56700146881853,15:45:00.146,18.9900,100
56706071000378,15:45:06.071,18.9750,300
56755839003436,15:45:55.839,18.9800,100
56755839003436,15:45:55.839,18.9800,100
56755839003436,15:45:55.839,18.9800,100
56755839003436,15:45:55.839,18.9800,100
56755839003436,15:45:55.839,18.9800,263
56755839003436,15:45:55.839,18.9800,700
56755839003436,15:45:55.839,18.9800,198
56755839003436,15:45:55.839,18.9800,16
56755839003436,15:45:55.839,18.9800,36
56755839041896,15:45:55.839,18.9800,64
56755839041896,15:45:55.839,18.9800,3
56755839041896,15:45:55.839,18.9800,100
56822837066720,15:47:02.837,18.9800,100
56822837066720,15:47:02.837,18.9800,100
56852688119634,15:47:32.688,18.9700,100
56852688119634,15:47:32.688,18.9700,100
56852688119634,15:47:32.688,18.9700,100
56887231802474,15:48:07.231,18.9600,100
56929896354090,15:48:49.896,18.9500,100
56929896354090,15:48:49.896,18.9500,11
56929896354090,15:48:49.896,18.9500,100
56929896354090,15:48:49.896,18.9500,89
56969664726984,15:49:29.664,18.9400,5
56971856558307,15:49:31.856,18.9400,95
56971856558307,15:49:31.856,18.9400,5
56973055351211,15:49:33.055,18.9400,500
56973055351211,15:49:33.055,18.9400,200
56973055351211,15:49:33.055,18.9400,200
56973055351211,15:49:33.055,18.9400,28
56973055351211,15:49:33.055,18.9400,100
56973055351211,15:49:33.055,18.9400,100
56973055351211,15:49:33.055,18.9400,100
56973055351211,15:49:33.055,18.9400,200
56973055351211,15:49:33.055,18.9400,235
56973064754536,15:49:33.064,18.9450,7
56974951144765,15:49:34.951,18.9500,200
56974951144765,15:49:34.951,18.9500,300
56974951144765,15:49:34.951,18.9500,3
56974951144765,15:49:34.951,18.9500,23
56974951178136,15:49:34.951,18.9500,77
56974951178136,15:49:34.951,18.9500,100
56974951178136,15:49:34.951,18.9500,100
57001373211496,15:50:01.373,18.9550,75
57103714683252,15:51:43.714,18.9550,100
57129504563348,15:52:09.504,18.9500,100
57139445430516,15:52:19.445,18.9500,7
57139445430516,15:52:19.445,18.9500,36
57143068202041,15:52:23.068,18.9400,100
57143068202041,15:52:23.068,18.9400,100
57144667909254,15:52:24.667,18.9350,5
57152684118231,15:52:32.684,18.9300,63
57152684408495,15:52:32.684,18.9300,37
57152684408495,15:52:32.684,18.9300,56
57156493265105,15:52:36.493,18.9300,200
57157562476637,15:52:37.562,18.9300,44
57157562476637,15:52:37.562,18.9300,7
57157562476637,15:52:37.562,18.9300,49
57159639959746,15:52:39.639,18.9300,1
57167754952731,15:52:47.754,18.9300,150
57175378182292,15:52:55.378,18.9250,100
57175378182292,15:52:55.378,18.9200,100
57213931545465,15:53:33.931,18.9200,100
57213931545465,15:53:33.931,18.9200,200
57213931545465,15:53:33.931,18.9200,100
57213931581886,15:53:33.931,18.9200,65
57214934498937,15:53:34.934,18.9200,100
57215274028111,15:53:35.274,18.9150,300
57220375905987,15:53:40.375,18.9200,100
57247215931639,15:54:07.215,18.9100,100
57247215931639,15:54:07.215,18.9100,40
57247216110474,15:54:07.216,18.9100,100
57255767823955,15:54:15.767,18.9100,29
57267312004984,15:54:27.312,18.9050,300
57269083135494,15:54:29.083,18.9100,200
57269083135494,15:54:29.083,18.9100,100
57269083135494,15:54:29.083,18.9100,400
57269083135494,15:54:29.083,18.9100,200
57269083135494,15:54:29.083,18.9100,4
57269083135494,15:54:29.083,18.9100,109
57269083135494,15:54:29.083,18.9100,17
57270815837260,15:54:30.815,18.9200,3
57270815837260,15:54:30.815,18.9200,101
57285037304027,15:54:45.037,18.9200,100
57296119011768,15:54:56.119,18.9200,80
57301020585528,15:55:01.020,18.9300,174
57301020585528,15:55:01.020,18.9300,186
57301020585528,15:55:01.020,18.9300,100
57302271360349,15:55:02.271,18.9300,100
57371608669085,15:56:11.608,18.9400,200
57371608669085,15:56:11.608,18.9400,179
57371608669085,15:56:11.608,18.9400,117
57371608669085,15:56:11.608,18.9400,4
57466194021099,15:57:46.194,18.9300,100
57469925351651,15:57:49.925,18.9300,200
57469925351651,15:57:49.925,18.9300,100
57469925351651,15:57:49.925,18.9300,400
57473289995536,15:57:53.289,18.9250,300
57481154120074,15:58:01.154,18.9250,116
57481154164448,15:58:01.154,18.9250,116
57481154203494,15:58:01.154,18.9250,5
57481154221558,15:58:01.154,18.9300,13
57481154221558,15:58:01.154,18.9300,3
57520545178738,15:58:40.545,18.9300,100
57520950091917,15:58:40.950,18.9300,100
57545265533992,15:59:05.265,18.9400,158
57545265533992,15:59:05.265,18.9400,75
57545265563472,15:59:05.265,18.9400,25
57545265563472,15:59:05.265,18.9400,147
57546927446786,15:59:06.927,18.9500,5
57551363522437,15:59:11.363,18.9500,67
57551370729567,15:59:11.370,18.9500,200
57551370729567,15:59:11.370,18.9500,100
57551371085940,15:59:11.371,18.9500,100
57551371085940,15:59:11.371,18.9500,100
57551393820310,15:59:11.393,18.9500,100
57559380885331,15:59:19.380,18.9600,100
57561517359717,15:59:21.517,18.9600,100
57561838340066,15:59:21.838,18.9600,100
57565041554387,15:59:25.041,18.9550,100
57565041554387,15:59:25.041,18.9700,100
57565041554387,15:59:25.041,18.9700,100
57565041554387,15:59:25.041,18.9700,100
57565041554387,15:59:25.041,18.9700,100
57567804275303,15:59:27.804,18.9800,100
57579109904028,15:59:39.109,18.9900,100
57583143910860,15:59:43.143,18.9900,100
57600260794233,16:00:00.260,0.0000,0
