timestamp,time,price,volume
34200331170589,09:30:00.331,0.0000,0
34407331516784,09:33:27.331,81.7400,100
34410433656077,09:33:30.433,81.6000,43
34410433656077,09:33:30.433,81.6000,100
34410433829045,09:33:30.433,81.5700,88
34410434511483,09:33:30.434,81.3800,20
34410438028077,09:33:30.438,81.5600,54
35091613615674,09:44:51.613,80.2700,37
35091613640921,09:44:51.613,80.2700,13
35711245741953,09:55:11.245,80.0200,20
36011129229079,10:00:11.129,80.0100,20
36011132467944,10:00:11.132,79.7400,100
36011132557288,10:00:11.132,79.6800,100
36011143916276,10:00:11.143,79.6800,100
36030343118107,10:00:30.343,79.8000,111
36158622069885,10:02:38.622,79.7000,40
36451104996853,10:07:31.104,79.7400,64
36679423673785,10:11:19.423,79.7500,20
36683447866149,10:11:23.447,79.9800,40
36735668466344,10:12:15.668,79.8000,35
36763564985641,10:12:43.564,80.0600,100
36763575422010,10:12:43.575,80.1000,100
36763575530013,10:12:43.575,80.1000,60
36763575532469,10:12:43.575,80.1000,40
36763575532469,10:12:43.575,80.1000,7
36763575852543,10:12:43.575,80.0000,100
36763576117455,10:12:43.576,80.1000,100
36763576142685,10:12:43.576,80.1000,100
36763576305019,10:12:43.576,80.1000,100
36763576305019,10:12:43.576,80.1000,100
36763576305019,10:12:43.576,80.1000,100
36806799665029,10:13:26.799,80.3000,18
36806799689210,10:13:26.799,80.3000,82
36806800023257,10:13:26.800,80.3000,77
36806800121683,10:13:26.800,80.1900,100
36829137243596,10:13:49.137,80.1700,37
36829137795570,10:13:49.137,80.1700,63
36829137795570,10:13:49.137,80.1900,100
36829137795570,10:13:49.137,80.1900,100
36829137795570,10:13:49.137,80.1900,60
36829137822548,10:13:49.137,80.1900,40
36829137822548,10:13:49.137,80.1900,23
36829138044233,10:13:49.138,80.1900,100
37062019898184,10:17:42.019,80.1000,49
37346298309597,10:22:26.298,80.7000,2
37634985670146,10:27:14.985,80.3500,35
37944184091272,10:32:24.184,80.3500,67
38260641268651,10:37:40.641,80.9400,39
38421862393477,10:40:21.862,80.9900,40
38421862393477,10:40:21.862,80.9800,60
38464005620015,10:41:04.005,80.9900,10
38464009529697,10:41:04.009,80.9800,100
38464009529697,10:41:04.009,80.9800,100
38464009913411,10:41:04.009,80.9900,60
38468543268035,10:41:08.543,80.9200,5
38471661574291,10:41:11.661,80.7900,100
38537196180024,10:42:17.196,80.7800,100
38537196238585,10:42:17.196,80.7800,100
38537196322052,10:42:17.196,80.7800,30
38537196346348,10:42:17.196,80.7800,69
38537196429850,10:42:17.196,80.7700,100
38541098435285,10:42:21.098,80.6300,60
38548015954796,10:42:28.015,80.6800,100
38550039784835,10:42:30.039,80.6800,100
38820028251462,10:47:00.028,80.8800,35
38820028269995,10:47:00.028,80.8800,65
38839510506031,10:47:19.510,81.0000,100
38855409013657,10:47:35.409,80.8000,50
39054082158873,10:50:54.082,80.9500,100
39213735317701,10:53:33.735,80.9300,100
39213735987293,10:53:33.735,80.9200,5
39213737238545,10:53:33.737,80.9100,30
39213737705718,10:53:33.737,80.9100,60
39233647135231,10:53:53.647,80.8400,100
39461023991719,10:57:41.023,80.6900,28
39527061357008,10:58:47.061,80.7600,28
39654012863981,11:00:54.012,81.2100,1
39744138818677,11:02:24.138,81.1900,1
39744138843723,11:02:24.138,81.1900,98
39748684475940,11:02:28.684,81.0800,57
39751672796164,11:02:31.672,81.1500,100
40120541415887,11:08:40.541,81.1200,20
40137929467377,11:08:57.929,81.0500,19
40153699122053,11:09:13.699,81.0400,1
40191336587643,11:09:51.336,81.1500,6
40259911585488,11:10:59.911,81.0700,4
40259912281476,11:10:59.912,81.0600,100
40259912602889,11:10:59.912,81.0500,5
40259912628265,11:10:59.912,81.0500,95
40288615018233,11:11:28.615,80.9700,100
40308992031051,11:11:48.992,80.9800,1
40351025023244,11:12:31.025,80.9900,21
40564682757383,11:16:04.682,81.0100,100
40653890647743,11:17:33.890,81.0000,5
40653890647743,11:17:33.890,80.9900,43
40765033785692,11:19:25.033,80.9900,57
40765034238620,11:19:25.034,80.9700,100
40939360056672,11:22:19.360,80.6200,1
40939360056672,11:22:19.360,80.6200,43
40939360523629,11:22:19.360,80.7100,4
40939360548651,11:22:19.360,80.7100,96
40939360587635,11:22:19.360,80.7100,4
41244851672512,11:27:24.851,80.6100,58
41498060052011,11:31:38.060,80.6300,100
41498060052011,11:31:38.060,80.6100,1
41498060078945,11:31:38.060,80.6100,4
41498060078945,11:31:38.060,80.6100,96
41843960545313,11:37:23.960,80.3000,21
41843960545313,11:37:23.960,80.3000,22
41860094910129,11:37:40.094,80.4500,96
41860094910129,11:37:40.094,80.4800,4
41860095037757,11:37:40.095,80.4900,5
41860095059214,11:37:40.095,80.4900,95
41860664579303,11:37:40.664,80.6100,100
42151205179907,11:42:31.205,80.5900,54
42450242518299,11:47:30.242,80.8300,57
42744521540972,11:52:24.521,80.9100,38
43343527840633,12:02:23.527,80.9800,5
43343527840633,12:02:23.527,80.8900,25
43392451336832,12:03:12.451,81.1100,23
43392451336832,12:03:12.451,81.1300,100
43962236219840,12:12:42.236,81.1900,19
43962236219840,12:12:42.236,81.1900,45
44226240029192,12:17:06.240,81.2900,5
44255644429919,12:17:35.644,81.2900,56
44443250674851,12:20:43.250,81.2400,5
44548691459548,12:22:28.691,81.1400,55
45013671408770,12:30:13.671,81.3700,5
45013671408770,12:30:13.671,81.3900,5
45013671408770,12:30:13.671,81.4000,90
45013671435984,12:30:13.671,81.4000,10
45143216764522,12:32:23.216,81.3200,52
45143221247098,12:32:23.221,81.3100,3
45203970741461,12:33:23.970,81.3100,97
45203970741461,12:33:23.970,81.3100,100
45203970741461,12:33:23.970,81.3100,3
45203971098713,12:33:23.971,81.3100,54
45203971349529,12:33:23.971,81.3000,100
45215814627593,12:33:35.814,81.1900,5
45215814982216,12:33:35.814,81.1800,5
45215815007253,12:33:35.815,81.1800,95
45460686137083,12:37:40.686,80.9500,26
45548498550969,12:39:08.498,80.9500,100
45553742328913,12:39:13.742,81.0000,120
45553742353687,12:39:13.742,81.0000,100
45741030183417,12:42:21.030,80.9600,37
45741030208951,12:42:21.030,80.9600,63
45741030349348,12:42:21.030,80.9600,100
45741030706806,12:42:21.030,80.9500,1
45741030706806,12:42:21.030,80.9500,100
45741030706806,12:42:21.030,80.9500,100
45742310745488,12:42:22.310,80.9200,5
45742310788385,12:42:22.310,80.9200,95
45749749596255,12:42:29.749,80.9100,5
45842242770877,12:44:02.242,80.8200,1
46042829838793,12:47:22.829,80.9300,41
46350849789354,12:52:30.849,80.9300,46
46540723581254,12:55:40.723,80.9200,32
46540723587584,12:55:40.723,80.9200,68
46540724167083,12:55:40.724,80.9200,100
46540909538306,12:55:40.909,80.9300,100
46541464391664,12:55:41.464,81.0300,5
46541464391664,12:55:41.464,81.0400,95
46560924642951,12:56:00.924,80.9300,100
46643072406592,12:57:23.072,80.9600,37
46773248835278,12:59:33.248,80.9800,10
46942734303892,13:02:22.734,80.9800,47
47099225201997,13:04:59.225,80.9700,100
47099226927229,13:04:59.226,80.9400,100
47099228414319,13:04:59.228,80.9300,5
47109500845820,13:05:09.500,80.9400,100
47181350255672,13:06:21.350,80.9900,5
47181350255672,13:06:21.350,81.0000,5
47181350255672,13:06:21.350,81.0000,2
47181350334865,13:06:21.350,81.0000,12
47181350342455,13:06:21.350,81.0000,30
47181351143866,13:06:21.351,81.0000,56
47216100971866,13:06:56.100,81.0200,5
47216100971866,13:06:56.100,81.0600,7
47216101568848,13:06:56.101,81.0600,12
47239722608581,13:07:19.722,81.0300,46
47346548752631,13:09:06.548,81.1300,12
47346549250214,13:09:06.549,81.1800,1
47388194129157,13:09:48.194,81.1500,100
47388199861996,13:09:48.199,81.1500,100
47689400051475,13:14:49.400,81.1500,1
47689400279772,13:14:49.400,81.1400,100
47777301163889,13:16:17.301,81.1300,5
47777301163889,13:16:17.301,81.0700,95
47862930120371,13:17:42.930,81.0200,1
47862930120371,13:17:42.930,81.0200,45
47892663349095,13:18:12.663,81.1100,1
47896845155816,13:18:16.845,81.0100,1
48124003652997,13:22:04.003,80.8800,2
48148980837170,13:22:28.980,80.8800,18
48148980837170,13:22:28.980,80.8700,22
48177341451595,13:22:57.341,80.8500,100
48177345666807,13:22:57.345,80.8400,5
48449975424901,13:27:29.975,80.6400,62
48754394292867,13:32:34.394,80.6500,39
48923203205366,13:35:23.203,80.7000,5
48923203205366,13:35:23.203,80.7300,5
48923203205366,13:35:23.203,80.7300,2
48923203257025,13:35:23.203,80.7300,8
48923203257025,13:35:23.203,80.7600,4
48923203550816,13:35:23.203,80.7600,8
49221049448873,13:40:21.049,80.6600,5
49221053794910,13:40:21.053,80.6200,1
49330476062108,13:42:10.476,80.6100,5
49339118458251,13:42:19.118,80.5500,37
49495702768830,13:44:55.702,80.7000,5
49650137871819,13:47:30.137,80.6400,33
49650137871819,13:47:30.137,80.6300,14
49652413196124,13:47:32.413,80.6300,10
49652413196124,13:47:32.413,80.6300,90
49675154939083,13:47:55.154,80.6900,5
49936233786873,13:52:16.233,80.6800,5
49956436210196,13:52:36.436,80.6200,57
50145275239216,13:55:45.275,80.6200,87
50145275289277,13:55:45.275,80.6200,13
50145275357952,13:55:45.275,80.5900,2
50145277210384,13:55:45.277,80.5900,3
50241445102680,13:57:21.445,80.5500,31
50403762295318,14:00:03.762,80.6200,5
50405935720020,14:00:05.935,80.6600,5
50538769213027,14:02:18.769,80.7400,50
50558140655629,14:02:38.140,80.8700,5
50579117947100,14:02:59.117,81.0600,5
50579117947100,14:02:59.117,81.0800,95
50579117988223,14:02:59.117,81.0800,5
50632639077518,14:03:52.639,81.1700,81
50632639077518,14:03:52.639,81.1800,19
50703131845959,14:05:03.131,81.2400,48
50703131845959,14:05:03.131,81.3200,52
50703131872379,14:05:03.131,81.3200,48
50703131872983,14:05:03.131,81.3200,48
50703131893457,14:05:03.131,81.3200,48
50765255898362,14:06:05.255,81.3600,14
50765255898362,14:06:05.255,81.2300,76
50816102515499,14:06:56.102,81.2300,14
50816102515499,14:06:56.102,81.2300,1
50816102515499,14:06:56.102,81.2300,85
50816103197573,14:06:56.103,81.2300,10
50816103391251,14:06:56.103,81.2300,5
50816103391251,14:06:56.103,81.2200,100
50816250010672,14:06:56.250,81.3000,5
50843232433485,14:07:23.232,81.3000,15
50957024989880,14:09:17.024,81.3800,5
50957028426710,14:09:17.028,81.5100,100
50988494239003,14:09:48.494,81.3300,30
50988494239003,14:09:48.494,81.3300,5
51037590623670,14:10:37.590,81.2400,2
51037591465068,14:10:37.591,81.2200,5
51287590708798,14:14:47.590,81.4100,5
51360872108787,14:16:00.872,81.4800,100
51464772821392,14:17:44.772,81.4100,63
51659381780657,14:20:59.381,81.6000,5
51659381780657,14:20:59.381,81.6300,5
51749211603749,14:22:29.211,81.5900,48
51970916325113,14:26:10.916,81.7100,50
51970916355382,14:26:10.916,81.6900,2
51970916358347,14:26:10.916,81.6800,5
52060742012743,14:27:40.742,81.4000,47
52350968745231,14:32:30.968,81.3600,47
52614873642476,14:36:54.873,81.3900,6
52644184770682,14:37:24.184,81.4200,5
52655418313500,14:37:35.418,81.5200,5
52655418313500,14:37:35.418,81.5900,5
52655418313500,14:37:35.418,81.6000,7
52660558966755,14:37:40.558,81.4400,46
52698768677167,14:38:18.768,81.4700,5
52720063682449,14:38:40.063,81.6700,100
52963060212205,14:42:43.060,81.6100,49
53041560671355,14:44:01.560,81.6300,5
53162295409606,14:46:02.295,81.7400,5
53226820550444,14:47:06.820,81.8900,100
53300977671247,14:48:20.977,81.8500,1
53466148866167,14:51:06.148,81.7800,4
53467081459347,14:51:07.081,81.7600,60
53481492877686,14:51:21.492,81.7300,5
53481497352310,14:51:21.497,81.6800,100
53625338689662,14:53:45.338,81.8600,100
53625624130140,14:53:45.624,81.8300,100
53849223421611,14:57:29.223,81.8300,10
54182434428213,15:03:02.434,81.8400,10
54340122958917,15:05:40.122,81.7600,142
54357626194147,15:05:57.626,81.6300,12
54358252933573,15:05:58.252,81.6900,68
54365887709529,15:06:05.887,81.6200,100
54480341200081,15:08:00.341,81.6500,10
54638581467163,15:10:38.581,81.6300,2
54667275822061,15:11:07.275,81.5900,12
54767364724075,15:12:47.364,81.5500,5
54767364724075,15:12:47.364,81.5500,100
54954808024815,15:15:54.808,81.5900,5
55051291835448,15:17:31.291,81.6000,57
55077414041847,15:17:57.414,81.6000,100
55077414112521,15:17:57.414,81.5900,100
55184478422290,15:19:44.478,81.4900,5
55237540312394,15:20:37.540,81.6300,100
55237540387048,15:20:37.540,81.6300,100
55446514550021,15:24:06.514,81.5200,5
55446523463029,15:24:06.523,81.5200,35
55446524356852,15:24:06.524,81.5200,65
55563353777406,15:26:03.353,81.4700,5
55583269246217,15:26:23.269,81.4700,100
55641975009113,15:27:21.975,81.4600,5
55641975073818,15:27:21.975,81.4500,100
55661359070197,15:27:41.359,81.4400,49
55725718735851,15:28:45.718,81.5900,65
55725718735851,15:28:45.718,81.6000,35
55725719092652,15:28:45.719,81.6000,65
55740331829880,15:29:00.331,81.6800,20
55750386514450,15:29:10.386,81.5100,100
55805166972520,15:30:05.166,81.4000,12
55898768504926,15:31:38.768,81.4900,10
55898768504926,15:31:38.768,81.5000,48
55898768520420,15:31:38.768,81.5000,42
55898768677447,15:31:38.768,81.5000,10
55954127224086,15:32:34.127,81.4500,91
55954127250009,15:32:34.127,81.4500,9
55954127250009,15:32:34.127,81.4500,81
55954127752230,15:32:34.127,81.4400,42
55963141433549,15:32:43.141,81.5300,20
56036632042947,15:33:56.632,81.4400,58
56054495665125,15:34:14.495,81.4200,100
56054496171197,15:34:14.496,81.4100,12
56132250610259,15:35:32.250,81.4200,5
56243315126712,15:37:23.315,81.5350,39
56251006794594,15:37:31.006,81.4700,100
56280132131744,15:38:00.132,81.5200,30
56280132131744,15:38:00.132,81.5100,70
56284667829979,15:38:04.667,81.5100,30
56284670380812,15:38:04.670,81.4500,70
56284670405248,15:38:04.670,81.4500,30
56396749874009,15:39:56.749,81.5300,100
56485667793043,15:41:25.667,81.4600,100
56485668406166,15:41:25.668,81.4500,100
56540570945940,15:42:20.570,81.4450,46
56574323431007,15:42:54.323,81.4600,10
56696728224742,15:44:56.728,81.5550,80
56917967089617,15:48:37.967,81.6600,5
56973450692032,15:49:33.450,81.6700,5
57005466367828,15:50:05.466,81.7200,100
57005494918658,15:50:05.494,81.7000,33
57076099240505,15:51:16.099,81.7700,3
57076099240505,15:51:16.099,81.7600,97
57076167535205,15:51:16.167,81.7600,3
57080545556124,15:51:20.545,81.7800,2
57096570274010,15:51:36.570,81.7700,1
57140333167583,15:52:20.333,81.7700,71
57140333181641,15:52:20.333,81.7700,29
57194637264859,15:53:14.637,81.6600,1
57194637264859,15:53:14.637,81.6600,92
57194637291101,15:53:14.637,81.6600,8
57194637291101,15:53:14.637,81.6600,100
57194637759385,15:53:14.637,81.6400,11
57194638198279,15:53:14.638,81.6600,11
57194638198279,15:53:14.638,81.6600,9
57194638265712,15:53:14.638,81.6600,1
57194638265712,15:53:14.638,81.6600,10
57211898274600,15:53:31.898,81.6400,100
57267299236672,15:54:27.299,81.6900,100
57270739670158,15:54:30.739,81.7300,100
57273401867742,15:54:33.401,81.7450,100
57273654032172,15:54:33.654,81.7450,100
57297808335780,15:54:57.808,81.7600,80
57304632721115,15:55:04.632,81.8050,100
57344126461845,15:55:44.126,81.7900,5
57367309678673,15:56:07.309,81.8050,59
57438523597492,15:57:18.523,81.8100,5
57444719402857,15:57:24.719,81.8100,35
57508567506926,15:58:28.567,81.8300,100
57534254281065,15:58:54.254,81.8700,100
57536231692345,15:58:56.231,81.8800,100
57538951784099,15:58:58.951,81.8800,100
57600429819080,16:00:00.429,0.0000,0
