timestamp,time,price,volume
14678232375021,04:04:38.232,13.5000,140
14678234060785,04:04:38.234,13.5000,50
14678234291230,04:04:38.234,13.5000,200
14935156387658,04:08:55.156,13.4400,184
15027714237725,04:10:27.714,13.4100,200
15039494365431,04:10:39.494,13.3900,100
15190884977271,04:13:10.884,13.4000,700
15243735503471,04:14:03.735,13.3200,1000
15301096672004,04:15:01.096,13.3200,800
16208732868497,04:30:08.732,13.3200,300
16208733041656,04:30:08.733,13.3200,132
16225942668516,04:30:25.942,13.3000,200
16301190133741,04:31:41.190,13.3400,380
16472467565513,04:34:32.467,13.3400,50
16777067765217,04:39:37.067,13.4100,300
16804186635703,04:40:04.186,13.4000,900
16891148578434,04:41:31.148,13.4100,200
17189008214721,04:46:29.008,13.4200,350
17380724628036,04:49:40.724,13.4300,30
17641159384724,04:54:01.159,13.4300,100
17724918062679,04:55:24.918,13.4800,100
17812572623658,04:56:52.572,13.5000,100
18054910365017,05:00:54.910,13.5000,50
18245494237690,05:04:05.494,13.5100,77
18987073141107,05:16:27.073,13.5000,98
19175648213501,05:19:35.648,13.5000,393
19225896996068,05:20:25.896,13.5000,362
19439259034203,05:23:59.259,13.5600,1067
19617422190126,05:26:57.422,13.6600,883
19627347911566,05:27:07.347,13.6800,300
19666279396450,05:27:46.279,13.6400,577
19804608874746,05:30:04.608,13.6000,492
19974805814175,05:32:54.805,13.5700,500
20164906997738,05:36:04.906,13.5800,501
20196459418245,05:36:36.459,13.5800,34
20285270361485,05:38:05.270,13.5700,1210
20574677044526,05:42:54.677,13.5700,14
21064251717250,05:51:04.251,13.5900,250
21376989989101,05:56:16.989,13.6700,690
21403256288925,05:56:43.256,13.6600,80
21517711207779,05:58:37.711,13.6800,500
21555056486332,05:59:15.056,13.6900,400
21632729153460,06:00:32.729,13.7000,250
21811289459950,06:03:31.289,13.6800,1000
21906531964829,06:05:06.531,13.6600,200
22016133523338,06:06:56.133,13.6600,200
22142156875568,06:09:02.156,13.6700,1000
22142229201438,06:09:02.229,13.6600,17
22175334735503,06:09:35.334,13.6800,20
22475610036582,06:14:35.610,13.7300,738
22538439617733,06:15:38.439,13.7300,600
22595011683247,06:16:35.011,13.7400,1000
22844999576237,06:20:44.999,13.7300,300
23245210540328,06:27:25.210,13.6800,105
23580819258995,06:33:00.819,13.7000,40
23814264468999,06:36:54.264,13.6700,81
24187860378786,06:43:07.860,13.7000,1000
24278066413115,06:44:38.066,13.8000,4
24278072839179,06:44:38.072,13.8700,1
24296322440054,06:44:56.322,13.8600,150
24347644709475,06:45:47.644,13.8600,140
24375320346935,06:46:15.320,13.8300,1400
24376870183754,06:46:16.870,13.8300,1400
24380957685056,06:46:20.957,13.8300,1400
24381018358959,06:46:21.018,13.8300,150
24399960745197,06:46:39.960,13.8100,1400
24404337688129,06:46:44.337,13.8000,1400
24619191716090,06:50:19.191,13.7600,1400
25140963886917,06:59:00.963,13.7600,100
25143996409132,06:59:03.996,13.7700,200
25196951370962,06:59:56.951,13.7800,1003
25200003836763,07:00:00.003,13.7700,600
25200004774169,07:00:00.004,13.7700,100
25269214333857,07:01:09.214,13.7600,1400
25291426780003,07:01:31.426,13.7700,1400
25292595588050,07:01:32.595,13.7700,1400
25406505624052,07:03:26.505,13.7500,500
25479092318245,07:04:39.092,13.7600,1400
25522873736592,07:05:22.873,13.7600,400
25581739850872,07:06:21.739,13.7600,400
25672885640141,07:07:52.885,13.8000,999
25672886196409,07:07:52.886,13.8000,391
25965917599948,07:12:45.917,13.8000,500
26006587332463,07:13:26.587,13.8100,1400
26006594212447,07:13:26.594,13.8000,1400
26039738927282,07:13:59.738,13.8000,250
26158947965125,07:15:58.947,13.7600,100
26227617112879,07:17:07.617,13.8000,1400
26364867600495,07:19:24.867,13.8100,250
26880834925047,07:28:00.834,13.7800,1000
26917788818714,07:28:37.788,13.7800,400
26953822589741,07:29:13.822,13.7800,352
27084484943914,07:31:24.484,13.7900,30
27295272017901,07:34:55.272,13.7800,1400
27316148355934,07:35:16.148,13.8100,10
27330906310967,07:35:30.906,13.8000,300
27330906310967,07:35:30.906,13.8000,100
27351858493559,07:35:51.858,13.8000,730
27382741439232,07:36:22.741,13.8100,100
27571887632267,07:39:31.887,13.8500,500
27946879002016,07:45:46.879,13.7600,200
28042589393322,07:47:22.589,13.7500,60
28240507255142,07:50:40.507,13.7900,82
28261225741192,07:51:01.225,13.7900,100
28797242986910,07:59:57.242,13.8300,210
28881111181636,08:01:21.111,13.8000,100
29021186717456,08:03:41.186,13.8000,275
29023420633542,08:03:43.420,13.8100,616
29197865848549,08:06:37.865,13.7900,1400
29319118374858,08:08:39.118,13.7900,50
29717666616265,08:15:17.666,13.8100,1000
30205220568649,08:23:25.220,13.7500,610
30258460702423,08:24:18.460,13.7200,900
30258460710981,08:24:18.460,13.7200,900
30258558338739,08:24:18.558,13.7200,400
30553161390233,08:29:13.161,13.7700,1000
30553169236042,08:29:13.169,13.7600,300
30728013796081,08:32:08.013,13.7700,405
30767525187688,08:32:47.525,13.7600,70
30998078928830,08:36:38.078,13.7900,200
31370903071727,08:42:50.903,13.8600,40
31393911195952,08:43:13.911,13.9000,400
31412323312778,08:43:32.323,13.9000,100
31412323327998,08:43:32.323,13.9000,5500
31418194808843,08:43:38.194,13.9000,1400
31436275606228,08:43:56.275,13.9000,200
31528003088197,08:45:28.003,13.9000,600
31567420822120,08:46:07.420,13.8900,260
31574508556484,08:46:14.508,13.8800,124
31583586286051,08:46:23.586,13.8800,20
31590064040572,08:46:30.064,13.8700,200
31673307502475,08:47:53.307,13.7700,1400
31673309222162,08:47:53.309,13.7800,1400
31752737349372,08:49:12.737,13.7500,1400
31755553998657,08:49:15.553,13.7400,100
31841945245179,08:50:41.945,13.7400,300
31841945245179,08:50:41.945,13.7400,700
31860860758632,08:51:00.860,13.7300,1400
31860868638362,08:51:00.868,13.7400,1400
31860868638362,08:51:00.868,13.7400,1200
31867153724346,08:51:07.153,13.7400,200
31870859927738,08:51:10.859,13.7100,100
31928282636455,08:52:08.282,13.7000,60
31956891081294,08:52:36.891,13.7200,1400
31968930528173,08:52:48.930,13.7000,400
32088371859568,08:54:48.371,13.7400,1750
32114028351104,08:55:14.028,13.7500,1200
32214843326821,08:56:54.843,13.7400,1400
32214897172231,08:56:54.897,13.7400,1400
32215045390036,08:56:55.045,13.7400,100
32215045390592,08:56:55.045,13.7400,100
32216096182627,08:56:56.096,13.7400,2000
32254381648692,08:57:34.381,13.7300,25
32725698252452,09:05:25.698,13.8600,100
32745018587011,09:05:45.018,13.8800,87
32761882217882,09:06:01.882,13.8800,1000
32839589675684,09:07:19.589,13.7400,128
32867198436194,09:07:47.198,13.7500,100
32919614190780,09:08:39.614,13.7500,124
33009552492137,09:10:09.552,13.7100,3500
33010410036333,09:10:10.410,13.7000,50
33019730077961,09:10:19.730,13.6700,1400
33019730077961,09:10:19.730,13.6800,1400
33019730140905,09:10:19.730,13.6700,100
33019730244621,09:10:19.730,13.6700,200
33019730574579,09:10:19.730,13.6700,25
33019730658488,09:10:19.730,13.6700,100
33019731504409,09:10:19.731,13.6800,725
33019731551043,09:10:19.731,13.6800,475
33019731551043,09:10:19.731,13.6800,300
33019731626263,09:10:19.731,13.6700,100
33019731722904,09:10:19.731,13.6800,100
33019731782968,09:10:19.731,13.6900,100
33019731796707,09:10:19.731,13.6700,100
33019732357053,09:10:19.732,13.6800,75
33019732394698,09:10:19.732,13.6800,225
33019732394698,09:10:19.732,13.6800,50
33019732722067,09:10:19.732,13.6800,250
33019732722067,09:10:19.732,13.6800,50
33019732923753,09:10:19.732,13.6800,300
33019733521498,09:10:19.733,13.6800,250
33019733613004,09:10:19.733,13.6800,550
33019733613004,09:10:19.733,13.6900,25
33019733635767,09:10:19.733,13.6900,100
33020079003365,09:10:20.079,13.6600,160
33022219038903,09:10:22.219,13.6500,100
33025274213819,09:10:25.274,13.6500,300
33025274213819,09:10:25.274,13.6500,950
33040440561754,09:10:40.440,13.6700,1400
33123971826893,09:12:03.971,13.7500,125
33245157481595,09:14:05.157,13.7500,25
33441303627137,09:17:21.303,13.8000,150
33467747969558,09:17:47.747,13.8000,100
33579581876135,09:19:39.581,13.8200,563
33645694622322,09:20:45.694,13.8500,1100
33645694626811,09:20:45.694,13.8500,900
33671901742031,09:21:11.901,13.8500,1000
33728478737212,09:22:08.478,13.8500,1300
33784246267865,09:23:04.246,13.8500,700
33784246267865,09:23:04.246,13.8500,2100
33784246278023,09:23:04.246,13.8500,2800
33784246530070,09:23:04.246,13.8500,300
33784246533510,09:23:04.246,13.8500,300
33784246863518,09:23:04.246,13.8500,2900
33784246865565,09:23:04.246,13.8500,2900
33784247474820,09:23:04.247,13.8500,6000
33784247965637,09:23:04.247,13.8500,1700
33800658969184,09:23:20.658,13.8600,200
33809376860351,09:23:29.376,13.8700,30
33841023051107,09:24:01.023,13.8900,1000
33841643917700,09:24:01.643,13.9000,250
33842401478969,09:24:02.401,13.8900,100
33842421010451,09:24:02.421,13.8700,100
33859719783108,09:24:19.719,13.8400,1300
33919042465803,09:25:19.042,13.8900,1300
33935969593178,09:25:35.969,13.8900,1300
33940348348854,09:25:40.348,13.8900,3
33940596010437,09:25:40.596,13.9200,2000
33940596137679,09:25:40.596,13.9300,137
33941485908842,09:25:41.485,13.9300,1000
33958456707907,09:25:58.456,13.9300,70
33966828019692,09:26:06.828,13.9300,1300
34004613646849,09:26:44.613,13.9200,1000
34032825313622,09:27:12.825,13.9000,700
34032825317752,09:27:12.825,13.9000,300
34093309010195,09:28:13.309,13.8700,100
34100533267700,09:28:20.533,13.8600,646
34160259939693,09:29:20.259,13.9000,1200
34199264593880,09:29:59.264,13.9100,1000
34200210171002,09:30:00.210,13.9300,100
34200465092111,09:30:00.465,13.9200,1100
34200481338545,09:30:00.481,13.9200,200
34200481338545,09:30:00.481,13.9200,100
34200503684195,09:30:00.503,13.9200,50
34200514483608,09:30:00.514,13.9200,1000
34200530523227,09:30:00.530,13.9200,50
34200536006651,09:30:00.536,13.9200,1000
34200536006651,09:30:00.536,13.9200,585
34200541083220,09:30:00.541,13.9200,10
34200546335338,09:30:00.546,13.9200,555
34200546335338,09:30:00.546,13.9200,635
34200551327273,09:30:00.551,13.9100,1000
34200594573773,09:30:00.594,0.0000,0
34201726717161,09:30:01.726,13.9400,100
34201798925518,09:30:01.798,13.9400,100
34202007520086,09:30:02.007,13.9300,500
34202078188667,09:30:02.078,13.9300,500
34202090069682,09:30:02.090,13.9300,1
34202091163433,09:30:02.091,13.9300,999
34204164719320,09:30:04.164,13.9200,1000
34204164719320,09:30:04.164,13.9200,100
34211116405853,09:30:11.116,13.9200,600
34214951269990,09:30:14.951,13.9300,297
34214951286474,09:30:14.951,13.9300,203
34222936900650,09:30:22.936,13.9300,100
34247924023973,09:30:47.924,13.9400,175
34249483451064,09:30:49.483,13.9500,25
34249483451064,09:30:49.483,13.9500,50
34249483451064,09:30:49.483,13.9500,1833
34249483451064,09:30:49.483,13.9500,200
34249483451064,09:30:49.483,13.9500,500
34249483451064,09:30:49.483,13.9500,100
34252292280374,09:30:52.292,13.9600,100
34252297068306,09:30:52.297,13.9600,100
34252297068306,09:30:52.297,13.9600,600
34252666033608,09:30:52.666,13.9600,600
34269363763292,09:31:09.363,13.9600,1300
34269363763292,09:31:09.363,13.9600,500
34269695635918,09:31:09.695,13.9600,300
34269696075516,09:31:09.696,13.9600,62
34271418658757,09:31:11.418,13.9700,1200
34278050590375,09:31:18.050,13.9600,100
34279354084667,09:31:19.354,13.9600,300
34279354088222,09:31:19.354,13.9600,200
34279354088222,09:31:19.354,13.9600,100
34282895116397,09:31:22.895,13.9600,500
34290467438912,09:31:30.467,13.9800,30
34290467438912,09:31:30.467,13.9800,200
34290467438912,09:31:30.467,13.9800,1
34290467438912,09:31:30.467,13.9800,100
34293873617689,09:31:33.873,13.9700,175
34297747030189,09:31:37.747,13.9800,100
34303365029878,09:31:43.365,13.9700,256
34315100460123,09:31:55.100,13.9500,5
34321372744158,09:32:01.372,13.9500,95
34322812055335,09:32:02.812,13.9500,500
34333745035424,09:32:13.745,13.9500,150
34333745035424,09:32:13.745,13.9500,200
34341138625360,09:32:21.138,13.9300,156
34344927115384,09:32:24.927,13.9200,250
34344927115384,09:32:24.927,13.9200,25
34345415995997,09:32:25.415,13.9200,400
34346240904896,09:32:26.240,13.9300,200
34347426718431,09:32:27.426,13.9400,256
34347428192371,09:32:27.428,13.9400,144
34347503058062,09:32:27.503,13.9400,100
34347503058062,09:32:27.503,13.9400,100
34347503058062,09:32:27.503,13.9400,200
34351810303403,09:32:31.810,13.9300,300
34351810340071,09:32:31.810,13.9300,100
34354730347263,09:32:34.730,13.8900,400
34354730347263,09:32:34.730,13.8900,800
34354730348043,09:32:34.730,13.8900,1200
34354730663279,09:32:34.730,13.8900,256
34354730953618,09:32:34.730,13.8900,1600
34354730960108,09:32:34.730,13.8900,1600
34354730997844,09:32:34.730,13.8900,100
34354731388512,09:32:34.731,13.8900,333
34354731819709,09:32:34.731,13.8900,225
34354731840073,09:32:34.731,13.8900,925
34354751594600,09:32:34.751,13.8900,1400
34354751595089,09:32:34.751,13.8900,1400
34354751607246,09:32:34.751,13.8900,100
34354754832079,09:32:34.754,13.8900,5586
34354754832079,09:32:34.754,13.8900,601
34354870874002,09:32:34.870,13.9000,283
34354870885283,09:32:34.870,13.9000,117
34364402176389,09:32:44.402,13.8800,12
34371000428344,09:32:51.000,13.8900,400
34387605623876,09:33:07.605,13.8900,400
34409744357253,09:33:29.744,13.8800,400
34411049869777,09:33:31.049,13.8700,700
34440623840617,09:34:00.623,13.8600,196
34440623881031,09:34:00.623,13.8600,818
34440623883824,09:34:00.623,13.8600,100
34440623913251,09:34:00.623,13.8600,746
34440623925192,09:34:00.623,13.8600,135
34440623925192,09:34:00.623,13.8600,611
34440623946573,09:34:00.623,13.8600,389
34445052746963,09:34:05.052,13.8600,400
34469027574476,09:34:29.027,13.8500,100
34471093036933,09:34:31.093,13.8400,1000
34489651069513,09:34:49.651,13.8500,800
34522504051052,09:35:22.504,13.8900,344
34522504239107,09:35:22.504,13.8900,500
34522504282225,09:35:22.504,13.8900,505
34522504425288,09:35:22.504,13.8900,100
34522504466584,09:35:22.504,13.8900,200
34522504488027,09:35:22.504,13.8900,1401
34527195045188,09:35:27.195,13.9000,600
34527195050814,09:35:27.195,13.9000,600
34527195443632,09:35:27.195,13.9000,800
34528614451054,09:35:28.614,13.9100,400
34530679052596,09:35:30.679,13.8900,450
34537736989527,09:35:37.736,13.8900,400
34537736989527,09:35:37.736,13.8900,2400
34537736989527,09:35:37.736,13.8900,700
34537736994685,09:35:37.736,13.8900,3500
34537737056327,09:35:37.737,13.8900,1195
34537737064803,09:35:37.737,13.8900,1205
34537737064803,09:35:37.737,13.8900,288
34537737071616,09:35:37.737,13.8900,112
34537737194476,09:35:37.737,13.8900,400
34537737194476,09:35:37.737,13.8900,1788
34537737231170,09:35:37.737,13.8900,324
34537737630306,09:35:37.737,13.8900,288
34537737630306,09:35:37.737,13.8900,91
34537737666960,09:35:37.737,13.8900,200
34537739999336,09:35:37.739,13.8900,209
34548871620792,09:35:48.871,13.9000,100
34553343166965,09:35:53.343,13.9000,400
34562387601286,09:36:02.387,13.9100,1
34579008449460,09:36:19.008,13.9100,300
34579008449460,09:36:19.008,13.9100,100
34603491347061,09:36:43.491,13.8900,200
34620310332265,09:37:00.310,13.8900,100
34621668595322,09:37:01.668,13.8900,400
34621668595322,09:37:01.668,13.8900,600
34623189700217,09:37:03.189,13.8900,324
34625547459842,09:37:05.547,13.9000,400
34625547460573,09:37:05.547,13.9000,400
34625547874243,09:37:05.547,13.9000,100
34625547937574,09:37:05.547,13.9000,100
34625547999663,09:37:05.547,13.9000,100
34625548072864,09:37:05.548,13.9000,100
34625548152323,09:37:05.548,13.9000,100
34627750744587,09:37:07.750,13.9000,100
34627750746703,09:37:07.750,13.9000,100
34627750789331,09:37:07.750,13.9000,100
34627750789331,09:37:07.750,13.9000,400
34630098195600,09:37:10.098,13.9000,500
34633234100310,09:37:13.234,13.9000,100
34651579400933,09:37:31.579,13.9000,100
34653227562888,09:37:33.227,13.8800,100
34653435940733,09:37:33.435,13.8700,100
34653435980420,09:37:33.435,13.8700,550
34653435980420,09:37:33.435,13.8700,27
34653436021067,09:37:33.436,13.8700,73
34685085390618,09:38:05.085,13.9000,1
34708756509420,09:38:28.756,13.9000,25
34715459668955,09:38:35.459,13.9000,69
34715459715893,09:38:35.459,13.9000,431
34715471938075,09:38:35.471,13.8900,500
34719809319868,09:38:39.809,13.8900,500
34740791743546,09:39:00.791,13.9000,1200
34740791744171,09:39:00.791,13.9000,1200
34740791761687,09:39:00.791,13.9000,5100
34740805679270,09:39:00.805,13.9100,500
34740805679270,09:39:00.805,13.9100,100
34740805679270,09:39:00.805,13.9100,100
34741742317364,09:39:01.742,13.9100,500
34744692061143,09:39:04.692,13.9100,100
34745403723087,09:39:05.403,13.9100,256
34746309160295,09:39:06.309,13.9000,1200
34757210545754,09:39:17.210,13.9200,1
34787782381850,09:39:47.782,13.9300,527
34787782423140,09:39:47.782,13.9300,230
34787782538866,09:39:47.782,13.9300,45
34787782736974,09:39:47.782,13.9300,198
34796313078633,09:39:56.313,13.9200,400
34803918060516,09:40:03.918,13.9200,400
34817927353217,09:40:17.927,13.9200,400
34817927353217,09:40:17.927,13.9200,1200
34827472596971,09:40:27.472,13.9100,300
34827472601183,09:40:27.472,13.9100,100
34836644505125,09:40:36.644,13.9000,2800
34836644505723,09:40:36.644,13.9000,1800
34836644505723,09:40:36.644,13.9000,1000
34836644560000,09:40:36.644,13.9000,300
34836644668503,09:40:36.644,13.9000,200
34836644853407,09:40:36.644,13.9000,381
34836644891314,09:40:36.644,13.9000,64
34836644930517,09:40:36.644,13.9000,100
34836645053060,09:40:36.645,13.9000,6255
34838370313568,09:40:38.370,13.8900,100
34868674734158,09:41:08.674,13.8800,100
34872526980264,09:41:12.526,13.8700,200
34873005462624,09:41:13.005,13.8600,100
34904664146209,09:41:44.664,13.8700,175
34904942863854,09:41:44.942,13.8700,225
34908835189002,09:41:48.835,13.8800,151
34913343460067,09:41:53.343,13.8900,21
34913798939534,09:41:53.798,13.8900,16
34914303765597,09:41:54.303,13.8900,71
34914303920800,09:41:54.303,13.8900,292
34920059326645,09:42:00.059,13.8900,256
34920059372481,09:42:00.059,13.8900,144
34920561922298,09:42:00.561,13.8800,400
34922602461821,09:42:02.602,13.8800,95
34941751999904,09:42:21.751,13.8900,100
34954693632764,09:42:34.693,13.8800,20
34964341828313,09:42:44.341,13.8800,100
34965047049183,09:42:45.047,13.8900,227
34990088072439,09:43:10.088,13.8900,143
34990088089883,09:43:10.088,13.8900,347
34990088089883,09:43:10.088,13.8900,361
34999190747007,09:43:19.190,13.9000,400
34999190747007,09:43:19.190,13.9000,100
34999190747629,09:43:19.190,13.9000,100
34999190747629,09:43:19.190,13.9000,400
34999191380596,09:43:19.191,13.9000,700
34999191380596,09:43:19.191,13.9000,10
34999191425711,09:43:19.191,13.9000,100
34999221826807,09:43:19.221,13.9000,300
34999221826807,09:43:19.221,13.9000,50
35011298427770,09:43:31.298,13.9000,28
35011298701461,09:43:31.298,13.9000,322
35034431837625,09:43:54.431,13.9000,400
35034431839664,09:43:54.431,13.9000,400
35047891303087,09:44:07.891,13.8900,5
35071363049351,09:44:31.363,13.8700,148
35071363093360,09:44:31.363,13.8700,52
35089342469367,09:44:49.342,13.8500,750
35089468484318,09:44:49.468,13.8400,50
35089468547145,09:44:49.468,13.8400,200
35092934389014,09:44:52.934,13.8500,100
35106733916143,09:45:06.733,13.8700,400
35106733916143,09:45:06.733,13.8700,3000
35128897538585,09:45:28.897,13.9000,500
35128897540299,09:45:28.897,13.9000,500
35128899601686,09:45:28.899,13.9000,500
35128899667909,09:45:28.899,13.9000,200
35128899667909,09:45:28.899,13.9000,100
35129893017078,09:45:29.893,13.9000,200
35129893019039,09:45:29.893,13.9000,200
35136043593347,09:45:36.043,13.9000,145
35136044028588,09:45:36.044,13.9000,255
35151887850488,09:45:51.887,13.9200,320
35154098644846,09:45:54.098,13.9200,100
35184508667310,09:46:24.508,13.9100,10
35186787404406,09:46:26.787,13.9100,100
35199854672802,09:46:39.854,13.9200,300
35208430203009,09:46:48.430,13.9100,100
35212346906518,09:46:52.346,13.9200,5
35215884843261,09:46:55.884,13.9200,400
35215884843261,09:46:55.884,13.9200,300
35215884843261,09:46:55.884,13.9200,1200
35226686854677,09:47:06.686,13.9200,400
35239002323760,09:47:19.002,13.9200,400
35252169274227,09:47:32.169,13.9300,1
35258507926594,09:47:38.507,13.9200,400
35258858259012,09:47:38.858,13.9000,56
35258858298432,09:47:38.858,13.9000,44
35258858303252,09:47:38.858,13.9000,44
35258858827787,09:47:38.858,13.9000,100
35258858827787,09:47:38.858,13.9000,165
35258859371843,09:47:38.859,13.9000,100
35262092661130,09:47:42.092,13.8900,256
35294704982408,09:48:14.704,13.9000,400
35295592614793,09:48:15.592,13.9000,200
35295592616236,09:48:15.592,13.9000,200
35323535989672,09:48:43.535,13.9200,400
35328927675171,09:48:48.927,13.9200,100
35351217648476,09:49:11.217,13.9100,44
35359167872277,09:49:19.167,13.9200,400
35359167872277,09:49:19.167,13.9200,200
35359167872277,09:49:19.167,13.9200,300
35359167874488,09:49:19.167,13.9200,900
35359168287471,09:49:19.168,13.9200,100
35359170533630,09:49:19.170,13.9200,112
35359170622318,09:49:19.170,13.9200,217
35359170795530,09:49:19.170,13.9200,871
35367764191326,09:49:27.764,13.9300,100
35367764191929,09:49:27.764,13.9300,100
35367764587967,09:49:27.764,13.9300,100
35372913867229,09:49:32.913,13.9200,100
35391518352505,09:49:51.518,13.9300,1000
35394767033849,09:49:54.767,13.9300,600
35394767034516,09:49:54.767,13.9300,500
35394767034516,09:49:54.767,13.9300,100
35397841579944,09:49:57.841,13.9300,100
35397841579944,09:49:57.841,13.9300,100
35401264651281,09:50:01.264,13.9400,200
35401264651281,09:50:01.264,13.9400,500
35401264651281,09:50:01.264,13.9400,200
35401264651281,09:50:01.264,13.9400,200
35403710601981,09:50:03.710,13.9400,100
35409383633028,09:50:09.383,13.9300,200
35435948442072,09:50:35.948,13.9300,100
35435948442786,09:50:35.948,13.9300,100
35453046575704,09:50:53.046,13.9300,100
35467875202531,09:51:07.875,13.9300,33
35475806790079,09:51:15.806,13.9400,1300
35475806790079,09:51:15.806,13.9400,400
35494066378432,09:51:34.066,13.9400,400
35494066378432,09:51:34.066,13.9400,100
35499504396557,09:51:39.504,13.9400,100
35501004914333,09:51:41.004,13.9400,350
35519171064659,09:51:59.171,13.9400,400
35527534575371,09:52:07.534,13.9500,25
35527534575371,09:52:07.534,13.9500,1
35527534575371,09:52:07.534,13.9500,74
35527534576295,09:52:07.534,13.9500,100
35527534630705,09:52:07.534,13.9500,100
35527536135285,09:52:07.536,13.9500,726
35527536135285,09:52:07.536,13.9500,900
35527647211035,09:52:07.647,13.9600,470
35533077485752,09:52:13.077,13.9600,100
35533284883821,09:52:13.284,13.9600,21
35533285533955,09:52:13.285,13.9600,96
35533285539054,09:52:13.285,13.9600,283
35537226550658,09:52:17.226,13.9500,110
35538791669975,09:52:18.791,13.9500,290
35538791669975,09:52:18.791,13.9500,100
35543023697567,09:52:23.023,13.9300,375
35543023734231,09:52:23.023,13.9300,500
35543025347195,09:52:23.025,13.9300,100
35543025381766,09:52:23.025,13.9300,100
35543028076703,09:52:23.028,13.9300,200
35543028569306,09:52:23.028,13.9300,100
35543029155287,09:52:23.029,13.9300,925
35545779319097,09:52:25.779,13.9200,300
35559500126656,09:52:39.500,13.9200,200
35578903652286,09:52:58.903,13.9200,400
35580289828230,09:53:00.289,13.9200,400
35588861334819,09:53:08.861,13.9200,400
35600931447686,09:53:20.931,13.9200,256
35600931491662,09:53:20.931,13.9200,144
35609796531783,09:53:29.796,13.9200,10
35630151372254,09:53:50.151,13.9300,10
35630151372254,09:53:50.151,13.9300,100
35634296297234,09:53:54.296,13.9500,100
35637823550439,09:53:57.823,13.9500,23
35637823576239,09:53:57.823,13.9500,76
35638395281186,09:53:58.395,13.9500,34
35638395281186,09:53:58.395,13.9500,100
35638395281186,09:53:58.395,13.9500,200
35638395363721,09:53:58.395,13.9500,100
35638395363721,09:53:58.395,13.9500,100
35638395363721,09:53:58.395,13.9500,100
35638395363721,09:53:58.395,13.9500,100
35638395363721,09:53:58.395,13.9500,100
35638395363721,09:53:58.395,13.9500,266
35641409236776,09:54:01.409,13.9600,100
35641409677360,09:54:01.409,13.9600,100
35641409677360,09:54:01.409,13.9600,100
35641409677360,09:54:01.409,13.9600,100
35642580450649,09:54:02.580,13.9600,256
35642580497140,09:54:02.580,13.9600,144
35686530983758,09:54:46.530,13.9600,256
35686531418951,09:54:46.531,13.9600,677
35732246586725,09:55:32.246,13.9500,100
35741363107518,09:55:41.363,13.9600,400
35741363108016,09:55:41.363,13.9600,400
35741363161403,09:55:41.363,13.9600,1492
35741363348128,09:55:41.363,13.9600,275
35745739692007,09:55:45.739,13.9500,100
35751534462313,09:55:51.534,13.9400,1000
35761239470468,09:56:01.239,13.9000,400
35761239470468,09:56:01.239,13.9000,19
35761239485700,09:56:01.239,13.9000,499
35761239492708,09:56:01.239,13.9000,500
35761239506251,09:56:01.239,13.9000,339
35761239525559,09:56:01.239,13.9000,643
35768812510334,09:56:08.812,13.8800,56
35771397818609,09:56:11.397,13.8700,400
35771416253589,09:56:11.416,13.8700,200
35771416253589,09:56:11.416,13.8700,1000
35771416253589,09:56:11.416,13.8700,100
35771416253589,09:56:11.416,13.8700,400
35771416253589,09:56:11.416,13.8700,100
35771421472243,09:56:11.421,13.8700,100
35771421472243,09:56:11.421,13.8700,400
35771433558407,09:56:11.433,13.8700,100
35772211171579,09:56:12.211,13.8600,454
35772211174368,09:56:12.211,13.8600,46
35776524860895,09:56:16.524,13.8500,100
35776524860895,09:56:16.524,13.8500,200
35779365903603,09:56:19.365,13.8500,100
35779365903603,09:56:19.365,13.8500,197
35779365912603,09:56:19.365,13.8500,203
35779365949242,09:56:19.365,13.8500,203
35780893694526,09:56:20.893,13.8600,46
35780893694526,09:56:20.893,13.8600,10
35780893744838,09:56:20.893,13.8600,90
35817496497358,09:56:57.496,13.8200,100
35817496497358,09:56:57.496,13.8200,100
35817501730767,09:56:57.501,13.8100,100
35817501730767,09:56:57.501,13.8100,100
35817501730767,09:56:57.501,13.8100,100
35817501730767,09:56:57.501,13.8100,400
35817502125724,09:56:57.502,13.8000,500
35817502125724,09:56:57.502,13.8000,1500
35817502125724,09:56:57.502,13.8000,100
35817502125724,09:56:57.502,13.8000,100
35817502125724,09:56:57.502,13.8000,100
35817502125724,09:56:57.502,13.8000,400
35817507015628,09:56:57.507,13.8000,100
35817514936236,09:56:57.514,13.8000,100
35817514963169,09:56:57.514,13.8000,100
35817515017827,09:56:57.515,13.8000,100
35817515093707,09:56:57.515,13.8000,100
35817515170732,09:56:57.515,13.8000,100
35844780246413,09:57:24.780,13.8200,100
35863202814034,09:57:43.202,13.8200,156
35863202859865,09:57:43.202,13.8200,500
35863202862060,09:57:43.202,13.8200,190
35863202870481,09:57:43.202,13.8200,746
35863202874553,09:57:43.202,13.8200,408
35863202874553,09:57:43.202,13.8200,92
35863202876853,09:57:43.202,13.8200,746
35863203218908,09:57:43.203,13.8200,162
35863283662231,09:57:43.283,13.8100,400
35863283662231,09:57:43.283,13.8100,100
35863283662231,09:57:43.283,13.8100,300
35863283751753,09:57:43.283,13.8100,800
35863283949911,09:57:43.283,13.8100,200
35863284028967,09:57:43.284,13.8100,800
35863284342853,09:57:43.284,13.8100,400
35863288166921,09:57:43.288,13.8100,500
35863288166921,09:57:43.288,13.8100,600
35900767715684,09:58:20.767,13.8200,97
35900767741669,09:58:20.767,13.8200,903
35910138466037,09:58:30.138,13.8100,1200
35910138466037,09:58:30.138,13.8100,200
35912258805879,09:58:32.258,13.7900,36
35913921208419,09:58:33.921,13.7900,400
35913921208419,09:58:33.921,13.7900,100
35913921208419,09:58:33.921,13.7900,400
35913921344726,09:58:33.921,13.7900,100
35913921344726,09:58:33.921,13.7900,100
35913923260302,09:58:33.923,13.7900,300
35913923260302,09:58:33.923,13.7900,400
35913951512457,09:58:33.951,13.7800,50
35914477485466,09:58:34.477,13.7900,400
35915188523516,09:58:35.188,13.8000,256
35915188560781,09:58:35.188,13.8000,144
35931046469741,09:58:51.046,13.8000,500
35938309004726,09:58:58.309,13.8000,400
35940132658590,09:59:00.132,13.8000,400
35949550250832,09:59:09.550,13.8000,400
35966604049928,09:59:26.604,13.7800,100
35966604094422,09:59:26.604,13.7800,100
35966604141927,09:59:26.604,13.7800,100
35966604183663,09:59:26.604,13.7800,500
35966604220520,09:59:26.604,13.7800,200
35966606390547,09:59:26.606,13.7800,900
35977128569649,09:59:37.128,13.8000,100
35981938267644,09:59:41.938,13.8100,100
35981938267644,09:59:41.938,13.8100,300
35998943591934,09:59:58.943,13.8100,100
36002006635240,10:00:02.006,13.8200,100
36002190389514,10:00:02.190,13.8300,100
36002190389514,10:00:02.190,13.8300,11
36002190389514,10:00:02.190,13.8300,89
36005359978119,10:00:05.359,13.8500,825
36007820504534,10:00:07.820,13.8600,100
36007820526945,10:00:07.820,13.8600,500
36007820556190,10:00:07.820,13.8600,35
36007820585012,10:00:07.820,13.8600,330
36007820631941,10:00:07.820,13.8600,35
36018429205375,10:00:18.429,13.8600,54
36021356012827,10:00:21.356,13.8700,300
36022532623634,10:00:22.532,13.8700,88
36022532636321,10:00:22.532,13.8700,312
36024789758260,10:00:24.789,13.8700,400
36032310977031,10:00:32.310,13.8700,256
36032311022953,10:00:32.311,13.8700,144
36051697912949,10:00:51.697,13.8600,400
36066159250214,10:01:06.159,13.8500,256
36066159294919,10:01:06.159,13.8500,144
36072605619706,10:01:12.605,13.8600,100
36072605619706,10:01:12.605,13.8600,11
36072605619706,10:01:12.605,13.8600,89
36072605619706,10:01:12.605,13.8600,11
36072605619706,10:01:12.605,13.8600,89
36080174243235,10:01:20.174,13.8600,100
36118185731824,10:01:58.185,13.8600,257
36118185745718,10:01:58.185,13.8600,143
36119085835877,10:01:59.085,13.8700,400
36119085835877,10:01:59.085,13.8700,1750
36121640435424,10:02:01.640,13.8800,504
36121640446352,10:02:01.640,13.8800,1105
36122704304458,10:02:02.704,13.8800,256
36122704348611,10:02:02.704,13.8800,98
36122704363544,10:02:02.704,13.8800,146
36141555830285,10:02:21.555,13.8800,256
36141555884982,10:02:21.555,13.8800,144
36141555884982,10:02:21.555,13.8800,2
36141556407813,10:02:21.556,13.8800,48
36145881980264,10:02:25.881,13.8800,364
36145881993008,10:02:25.881,13.8800,36
36163324234233,10:02:43.324,13.8700,400
36171685011113,10:02:51.685,13.8400,100
36180673448255,10:03:00.673,13.8400,400
36191783059929,10:03:11.783,13.8400,99
36191979188562,10:03:11.979,13.8400,100
36191979233574,10:03:11.979,13.8400,201
36191979233574,10:03:11.979,13.8400,5
36202791043344,10:03:22.791,13.8300,200
36220449864746,10:03:40.449,13.8400,400
36220449864746,10:03:40.449,13.8400,50
36220449864746,10:03:40.449,13.8400,100
36241144249936,10:04:01.144,13.8500,153
36241144274499,10:04:01.144,13.8500,247
36244480154504,10:04:04.480,13.8600,200
36244480417041,10:04:04.480,13.8600,200
36254322229347,10:04:14.322,13.8500,256
36260119461339,10:04:20.119,13.8500,144
36260119461339,10:04:20.119,13.8500,112
36260119548337,10:04:20.119,13.8500,88
36262007837574,10:04:22.007,13.8500,100
36266638954264,10:04:26.638,13.8400,745
36266638962392,10:04:26.638,13.8400,1493
36266638966136,10:04:26.638,13.8400,162
36276166773537,10:04:36.166,13.8400,300
36276166775570,10:04:36.166,13.8400,100
36289303183371,10:04:49.303,13.8600,400
36300215783294,10:05:00.215,13.8600,256
36300215948697,10:05:00.215,13.8600,144
36302393768157,10:05:02.393,13.8600,256
36304096192273,10:05:04.096,13.8700,400
36304096192273,10:05:04.096,13.8700,100
36304096192273,10:05:04.096,13.8700,100
36310627103643,10:05:10.627,13.8700,400
36328733137209,10:05:28.733,13.8700,56
36328734049651,10:05:28.734,13.8700,344
36333877047808,10:05:33.877,13.8800,101
36337582199240,10:05:37.582,13.8800,11
36337582199240,10:05:37.582,13.8800,89
36337582199240,10:05:37.582,13.8800,400
36337582199240,10:05:37.582,13.8800,100
36338789656547,10:05:38.789,13.8800,300
36338789657037,10:05:38.789,13.8800,100
36341891283810,10:05:41.891,13.8700,100
36342545649812,10:05:42.545,13.8700,207
36342545654459,10:05:42.545,13.8700,193
36344848220733,10:05:44.848,13.8700,101
36344848656689,10:05:44.848,13.8700,299
36344854785913,10:05:44.854,13.8700,300
36344854785913,10:05:44.854,13.8700,100
36344854785913,10:05:44.854,13.8700,11
36344854785913,10:05:44.854,13.8700,400
36351067994503,10:05:51.067,13.8700,11
36351067994503,10:05:51.067,13.8700,100
36362205486824,10:06:02.205,13.8700,111
36362205922451,10:06:02.205,13.8700,289
36387551233831,10:06:27.551,13.8800,100
36388511307056,10:06:28.511,13.8900,800
36390154473061,10:06:30.154,13.8900,256
36390154522934,10:06:30.154,13.8900,144
36393141621795,10:06:33.141,13.8900,56
36393142487185,10:06:33.142,13.8900,344
36400429858183,10:06:40.429,13.8900,400
36403790528671,10:06:43.790,13.8800,100
36403790583258,10:06:43.790,13.8800,100
36403791361103,10:06:43.791,13.8800,100
36406425897751,10:06:46.425,13.8800,100
36417890926131,10:06:57.890,13.8500,52
36417890981744,10:06:57.890,13.8500,348
36421942368194,10:07:01.942,13.8500,256
36421942686292,10:07:01.942,13.8500,144
36423714961705,10:07:03.714,13.8500,56
36423715132676,10:07:03.715,13.8500,247
36436091297051,10:07:16.091,13.8400,56
36437758575853,10:07:17.758,13.8400,300
36437772766151,10:07:17.772,13.8400,100
36451480062656,10:07:31.480,13.8300,256
36451480105810,10:07:31.480,13.8300,300
36451480108406,10:07:31.480,13.8300,1337
36451480109624,10:07:31.480,13.8300,307
36461392475494,10:07:41.392,13.8300,200
36472945410706,10:07:52.945,13.8300,250
36474197055644,10:07:54.197,13.8300,91
36474197553346,10:07:54.197,13.8300,59
36489074879012,10:08:09.074,13.8300,400
36500348427797,10:08:20.348,13.8300,3
36505743742432,10:08:25.743,13.8300,100
36505743785987,10:08:25.743,13.8300,97
36506672323880,10:08:26.672,13.8300,400
36507863445891,10:08:27.863,13.8300,156
36507863445891,10:08:27.863,13.8300,19
36507863481913,10:08:27.863,13.8300,81
36510158608788,10:08:30.158,13.8300,256
36543459992872,10:09:03.459,13.8600,300
36549449986458,10:09:09.449,13.8500,100
36611139499331,10:10:11.139,13.8600,75
36612538775426,10:10:12.538,13.8600,300
36632675720431,10:10:32.675,13.8600,290
36632675741917,10:10:32.675,13.8600,10
36648538702387,10:10:48.538,13.8600,300
36665575615853,10:11:05.575,13.8600,100
36719624246249,10:11:59.624,13.8400,300
36752675215546,10:12:32.675,13.8300,300
36752675215546,10:12:32.675,13.8300,100
36752675215546,10:12:32.675,13.8300,100
36768275009952,10:12:48.275,13.8200,1
36773496037116,10:12:53.496,13.8300,300
36785569013847,10:13:05.569,13.8500,100
36793968576129,10:13:13.968,13.8500,256
36793968624110,10:13:13.968,13.8500,44
36802183471662,10:13:22.183,13.8500,56
36809154308914,10:13:29.154,13.8500,144
36809154324068,10:13:29.154,13.8500,100
36809154324068,10:13:29.154,13.8500,100
36809154324068,10:13:29.154,13.8500,300
36809154330174,10:13:29.154,13.8500,100
36809184058115,10:13:29.184,13.8600,300
36809184058115,10:13:29.184,13.8600,100
36812821258855,10:13:32.821,13.8600,262
36812821291824,10:13:32.821,13.8600,26
36812821307410,10:13:32.821,13.8600,12
36815560457538,10:13:35.560,13.8600,100
36841187593097,10:14:01.187,13.8700,153
36869010983561,10:14:29.010,13.8900,400
36869010983561,10:14:29.010,13.8900,100
36870181882395,10:14:30.181,13.8900,100
36870181906100,10:14:30.181,13.8900,100
36888355594070,10:14:48.355,13.9000,400
36888355594070,10:14:48.355,13.9000,50
36888355594070,10:14:48.355,13.9000,100
36888355594070,10:14:48.355,13.9000,600
36888359552349,10:14:48.359,13.9100,100
36888359552349,10:14:48.359,13.9100,400
36888359552349,10:14:48.359,13.9100,100
36888359552349,10:14:48.359,13.9100,100
36888360114148,10:14:48.360,13.9100,100
36888360114148,10:14:48.360,13.9100,300
36888360196584,10:14:48.360,13.9100,100
36888360196584,10:14:48.360,13.9100,100
36888360196584,10:14:48.360,13.9100,100
36888360196584,10:14:48.360,13.9100,100
36888360196584,10:14:48.360,13.9100,100
36888360212852,10:14:48.360,13.9100,100
36888361353760,10:14:48.361,13.9100,100
36888361353760,10:14:48.361,13.9100,100
36888361353760,10:14:48.361,13.9100,100
36888361353760,10:14:48.361,13.9100,300
36888361353760,10:14:48.361,13.9100,41
36888361934917,10:14:48.361,13.9100,59
36888361934917,10:14:48.361,13.9100,100
36888361934917,10:14:48.361,13.9100,100
36888361934917,10:14:48.361,13.9100,100
36888361934917,10:14:48.361,13.9100,100
36888361934917,10:14:48.361,13.9100,100
36888362013674,10:14:48.362,13.9100,100
36888362013674,10:14:48.362,13.9100,100
36888362013674,10:14:48.362,13.9100,100
36888362013674,10:14:48.362,13.9100,100
36888362020737,10:14:48.362,13.9100,100
36890856458961,10:14:50.856,13.9000,300
36899277917073,10:14:59.277,13.8900,100
36901338701766,10:15:01.338,13.9000,11
36901338701766,10:15:01.338,13.9000,89
36901338701766,10:15:01.338,13.9000,200
36903476169282,10:15:03.476,13.9000,300
36912770667225,10:15:12.770,13.9100,1
36920573132316,10:15:20.573,13.9000,156
36920573178889,10:15:20.573,13.9000,144
36970450764141,10:16:10.450,13.9000,50
37005195852507,10:16:45.195,13.8900,199
37020451481454,10:17:00.451,13.8700,100
37020451484814,10:17:00.451,13.8700,100
37020451545522,10:17:00.451,13.8700,100
37042769167093,10:17:22.769,13.8600,256
37045823431315,10:17:25.823,13.8400,310
37045823482702,10:17:25.823,13.8400,217
37045823503892,10:17:25.823,13.8400,473
37047399642451,10:17:27.399,13.8300,1000
37076196845639,10:17:56.196,13.8300,256
37088479417832,10:18:08.479,13.8300,281
37088479452058,10:18:08.479,13.8300,282
37088479475949,10:18:08.479,13.8300,522
37088479476423,10:18:08.479,13.8300,172
37088479479598,10:18:08.479,13.8300,747
37088479506605,10:18:08.479,13.8300,396
37091271803375,10:18:11.271,13.8200,256
37091488174679,10:18:11.488,13.8100,300
37092670103537,10:18:12.670,13.8200,300
37116832804948,10:18:36.832,13.8300,300
37151194240497,10:19:11.194,13.8300,100
37152589443464,10:19:12.589,13.8300,60
37160091270707,10:19:20.091,13.8300,256
37165232606462,10:19:25.232,13.8400,100
37165232606462,10:19:25.232,13.8400,300
37165232606462,10:19:25.232,13.8400,900
37165232607612,10:19:25.232,13.8400,300
37167580708885,10:19:27.580,13.8400,300
37174879858141,10:19:34.879,13.8500,50
37178933175773,10:19:38.933,13.8600,300
37195900159035,10:19:55.900,13.8500,100
37198948885640,10:19:58.948,13.8500,200
37198948885640,10:19:58.948,13.8500,56
37236324095787,10:20:36.324,13.8300,300
37278218352515,10:21:18.218,13.8300,270
37279536308020,10:21:19.536,13.8300,30
37303843766191,10:21:43.843,13.8500,1491
37303843778684,10:21:43.843,13.8500,509
37314075147307,10:21:54.075,13.8600,1
37314898729325,10:21:54.898,13.8600,299
37321242714785,10:22:01.242,13.8500,100
37333977512193,10:22:13.977,13.8600,100
37333977550067,10:22:13.977,13.8600,100
37355813897349,10:22:35.813,13.8500,256
37355813940201,10:22:35.813,13.8500,710
37355813943165,10:22:35.813,13.8500,1034
37430361883339,10:23:50.361,13.8200,300
37434501934431,10:23:54.501,13.8100,200
37434517525083,10:23:54.517,13.8000,400
37434517525083,10:23:54.517,13.8000,37
37434518346932,10:23:54.518,13.8000,63
37434518346932,10:23:54.518,13.8000,37
37434530488828,10:23:54.530,13.8000,63
37434531623865,10:23:54.531,13.8000,100
37434531623865,10:23:54.531,13.8000,237
37434537451193,10:23:54.537,13.8000,200
37434538010422,10:23:54.538,13.8000,100
37436931700599,10:23:56.931,13.8000,300
37461492130748,10:24:21.492,13.8000,1
37461492130748,10:24:21.492,13.8000,99
37461492449934,10:24:21.492,13.8000,151
37462978108706,10:24:22.978,13.7900,100
37463225855568,10:24:23.225,13.7800,201
37463227730221,10:24:23.227,13.7800,99
37468573281441,10:24:28.573,13.7500,5470
37468573281441,10:24:28.573,13.7500,100
37468574102671,10:24:28.574,13.7500,100
37468574102671,10:24:28.574,13.7500,100
37468574139836,10:24:28.574,13.7500,226
37468574153016,10:24:28.574,13.7500,74
37468602783830,10:24:28.602,13.7500,100
37468602783830,10:24:28.602,13.7500,100
37468602783830,10:24:28.602,13.7500,200
37468602783830,10:24:28.602,13.7500,100
37472310289591,10:24:32.310,13.7500,100
37472837164615,10:24:32.837,13.7500,300
37473048483014,10:24:33.048,13.7400,1
37473048483014,10:24:33.048,13.7400,100
37482123337937,10:24:42.123,13.7600,56
37482123385754,10:24:42.123,13.7600,344
37485888480832,10:24:45.888,13.7700,200
37485888480832,10:24:45.888,13.7700,300
37485888576618,10:24:45.888,13.7700,100
37485888807255,10:24:45.888,13.7700,300
37486012877690,10:24:46.012,13.7700,100
37486012877690,10:24:46.012,13.7700,156
37490123859992,10:24:50.123,13.7700,11
37490123859992,10:24:50.123,13.7700,11
37490123859992,10:24:50.123,13.7700,78
37490123911352,10:24:50.123,13.7700,522
37490123911352,10:24:50.123,13.7700,178
37493284203833,10:24:53.284,13.7700,300
37493284203833,10:24:53.284,13.7700,100
37531082415355,10:25:31.082,13.7500,100
37531142095813,10:25:31.142,13.7600,256
37531142137472,10:25:31.142,13.7600,580
37531142137941,10:25:31.142,13.7600,544
37531142173109,10:25:31.142,13.7600,500
37531142212698,10:25:31.142,13.7600,440
37531142244365,10:25:31.142,13.7600,500
37531142324582,10:25:31.142,13.7600,500
37531142384361,10:25:31.142,13.7600,500
37531142420699,10:25:31.142,13.7600,55
37531343331672,10:25:31.343,13.7700,300
37536804172719,10:25:36.804,13.7800,200
37597525924866,10:26:37.525,13.7900,100
37614783755158,10:26:54.783,13.8000,140
37614783772922,10:26:54.783,13.8000,65
37614784192004,10:26:54.784,13.8000,5
37614784192004,10:26:54.784,13.8000,259
37614784201244,10:26:54.784,13.8000,841
37617271204068,10:26:57.271,13.8100,300
37620979322210,10:27:00.979,13.8200,300
37624646679544,10:27:04.646,13.8200,256
37624646733025,10:27:04.646,13.8200,44
37633431111555,10:27:13.431,13.8100,212
37633431133644,10:27:13.431,13.8100,1426
37633431134981,10:27:13.431,13.8100,362
37674952134728,10:27:54.952,13.8100,300
37688306137829,10:28:08.306,13.8200,300
37688306137829,10:28:08.306,13.8200,100
37688311126701,10:28:08.311,13.8200,100
37688311126701,10:28:08.311,13.8200,100
37688311126701,10:28:08.311,13.8200,300
37704965696921,10:28:24.965,13.8000,23
37704965712128,10:28:24.965,13.8000,477
37704965712128,10:28:24.965,13.8000,200
37721561077723,10:28:41.561,13.8000,300
37722977390218,10:28:42.977,13.8000,500
37723789865633,10:28:43.789,13.8100,300
37736719374628,10:28:56.719,13.8000,300
37736719374628,10:28:56.719,13.8000,100
37741749962319,10:29:01.749,13.8000,100
37741749962319,10:29:01.749,13.8000,100
37755505528122,10:29:15.505,13.8000,200
37755505528122,10:29:15.505,13.8000,100
37755505778252,10:29:15.505,13.8000,100
37760504038323,10:29:20.504,13.8000,100
37766834120580,10:29:26.834,13.7900,300
37770998010832,10:29:30.998,13.7900,256
37772104937169,10:29:32.104,13.8000,300
37775776481859,10:29:35.776,13.8200,1200
37776111179084,10:29:36.111,13.8200,400
37776143751750,10:29:36.143,13.8200,156
37776143786183,10:29:36.143,13.8200,100
37776144438703,10:29:36.144,13.8200,1394
37776931733951,10:29:36.931,13.8200,100
37776931805737,10:29:36.931,13.8300,300
37776931805737,10:29:36.931,13.8300,57
37776931805737,10:29:36.931,13.8300,100
37777574260330,10:29:37.574,13.8300,256
37778043488972,10:29:38.043,13.8300,44
37778482252684,10:29:38.482,13.8300,261
37787759317526,10:29:47.759,13.8200,300
37795209132007,10:29:55.209,13.8000,300
37795209331868,10:29:55.209,13.7900,44
37795209331868,10:29:55.209,13.7900,300
37795210160170,10:29:55.210,13.7800,100
37795210259351,10:29:55.210,13.7800,100
37795210526197,10:29:55.210,13.7800,100
37795210533286,10:29:55.210,13.7800,100
37795210665353,10:29:55.210,13.7800,100
37795367485573,10:29:55.367,13.7800,100
37795367485573,10:29:55.367,13.7800,300
37795368280811,10:29:55.368,13.7900,100
37795368280811,10:29:55.368,13.7900,246
37795368295314,10:29:55.368,13.7900,54
37800068866985,10:30:00.068,13.8000,300
37800068866985,10:30:00.068,13.8100,300
37800068866985,10:30:00.068,13.8100,100
37800068866985,10:30:00.068,13.8200,300
37800068866985,10:30:00.068,13.8300,100
37800068866985,10:30:00.068,13.8300,300
37800068866985,10:30:00.068,13.8400,300
37800068866985,10:30:00.068,13.8400,100
37800068866985,10:30:00.068,13.8400,300
37800070952466,10:30:00.070,13.8200,200
37800072634178,10:30:00.072,13.8200,50
37800072731410,10:30:00.072,13.8200,50
37800072731410,10:30:00.072,13.8200,100
37800072731410,10:30:00.072,13.8200,100
37800072731410,10:30:00.072,13.8200,100
37800080159451,10:30:00.080,13.8200,100
37800080159451,10:30:00.080,13.8300,300
37800080159451,10:30:00.080,13.8300,100
37800080159451,10:30:00.080,13.8300,100
37800080159451,10:30:00.080,13.8300,392
37800080159451,10:30:00.080,13.8300,8
37800080244517,10:30:00.080,13.8300,100
37800080460801,10:30:00.080,13.8300,100
37800080484408,10:30:00.080,13.8300,11
37800080509939,10:30:00.080,13.8300,200
37800080532450,10:30:00.080,13.8300,100
37800080532450,10:30:00.080,13.8300,89
37800081830947,10:30:00.081,13.8400,300
37800081830947,10:30:00.081,13.8400,11
37800081830947,10:30:00.081,13.8400,185
37800081830947,10:30:00.081,13.8400,86
37800081830947,10:30:00.081,13.8400,1944
37800081830947,10:30:00.081,13.8500,200
37800081830947,10:30:00.081,13.8500,100
37800081830947,10:30:00.081,13.8500,25
37800081830947,10:30:00.081,13.8500,100
37800081830947,10:30:00.081,13.8500,750
37800081830947,10:30:00.081,13.8500,100
37800081896914,10:30:00.081,13.8500,100
37800083405261,10:30:00.083,13.8600,20
37800084831886,10:30:00.084,13.8700,300
37800084831886,10:30:00.084,13.8700,190
37800084831886,10:30:00.084,13.8700,10
37800084840017,10:30:00.084,13.8700,90
37800084840017,10:30:00.084,13.8700,100
37800085985005,10:30:00.085,13.8700,100
37800086002287,10:30:00.086,13.8900,300
37800086002287,10:30:00.086,13.9000,2
37800086002287,10:30:00.086,13.9000,3000
37800086002287,10:30:00.086,13.9000,5000
37800086002287,10:30:00.086,13.9300,100
37800086002287,10:30:00.086,13.9400,100
37800086510117,10:30:00.086,13.8700,100
37800086639772,10:30:00.086,13.9000,100
37800086953061,10:30:00.086,13.9200,100
37800089702428,10:30:00.089,13.9100,100
37800089923459,10:30:00.089,13.9300,200
37800089923459,10:30:00.089,13.9300,200
37800089923459,10:30:00.089,13.9300,100
37800089923459,10:30:00.089,13.9300,100
37800089989416,10:30:00.089,13.9200,11
37800090060298,10:30:00.090,13.9300,589
37800090268256,10:30:00.090,13.9300,11
37800090652878,10:30:00.090,13.9400,234
37800090910196,10:30:00.090,13.9300,100
37800091008193,10:30:00.091,13.9400,200
37800091027636,10:30:00.091,13.9400,66
37800091027636,10:30:00.091,13.9400,100
37800091058799,10:30:00.091,13.9500,90
37800091306963,10:30:00.091,13.9500,20
37800091367909,10:30:00.091,13.9500,41
37800091367909,10:30:00.091,13.9500,50
37800091367909,10:30:00.091,13.9500,25
37800093473419,10:30:00.093,13.9600,200
37800093473419,10:30:00.093,13.9600,11
37800093473419,10:30:00.093,13.9600,589
37800094406171,10:30:00.094,13.9500,100
37800094406171,10:30:00.094,13.9500,100
37800094406171,10:30:00.094,13.9500,4
37800100936926,10:30:00.100,13.9700,2100
37800100967720,10:30:00.100,13.9700,7004
37800101007189,10:30:00.101,13.9700,896
37800101007189,10:30:00.101,13.9700,4
37800101007189,10:30:00.101,13.9700,1200
37800106351735,10:30:00.106,13.9700,122
37800106695281,10:30:00.106,13.9700,78
37800106695281,10:30:00.106,13.9700,200
37800106695281,10:30:00.106,13.9700,141
37800106992441,10:30:00.106,13.9700,175
37800113663388,10:30:00.113,13.9700,175
37800113908042,10:30:00.113,13.9700,109
37800113908042,10:30:00.113,13.9700,66
37800119701366,10:30:00.119,13.9700,30
37800119947568,10:30:00.119,13.9700,104
37800119947568,10:30:00.119,13.9700,100
37800119947568,10:30:00.119,13.9700,100
37800119947568,10:30:00.119,13.9700,100
37800138753216,10:30:00.138,13.9700,700
37800138838589,10:30:00.138,13.9700,400
37800138857871,10:30:00.138,13.9700,400
37800138870352,10:30:00.138,13.9700,100
37800148594022,10:30:00.148,13.9700,100
37800148594022,10:30:00.148,13.9700,200
37800148594022,10:30:00.148,13.9700,200
37800177214833,10:30:00.177,13.9600,400
37800193765390,10:30:00.193,13.9700,400
37800193765390,10:30:00.193,13.9700,300
37800193765390,10:30:00.193,13.9700,89
37800193765390,10:30:00.193,13.9700,100
37800204050784,10:30:00.204,13.9700,1500
37800204050784,10:30:00.204,13.9700,400
37800204050784,10:30:00.204,13.9700,100
37800205861671,10:30:00.205,13.9600,1700
37800205861671,10:30:00.205,13.9600,1300
37800251366641,10:30:00.251,13.9500,528
37800251366641,10:30:00.251,13.9500,100
37800251880588,10:30:00.251,13.9600,100
37800252526706,10:30:00.252,13.9700,100
37800252526706,10:30:00.252,13.9700,300
37800282078104,10:30:00.282,13.9500,21
37800282082731,10:30:00.282,13.9500,79
37800283556144,10:30:00.283,13.9500,300
37800283615294,10:30:00.283,13.9500,314
37800283876216,10:30:00.283,13.9500,986
37800283876216,10:30:00.283,13.9500,300
37800283876216,10:30:00.283,13.9500,100
37800283955357,10:30:00.283,13.9500,100
37800284018389,10:30:00.284,13.9500,2000
37800284039612,10:30:00.284,13.9500,100
37800284119835,10:30:00.284,13.9500,100
37800284146583,10:30:00.284,13.9500,1400
37800284196078,10:30:00.284,13.9500,100
37800284267831,10:30:00.284,13.9500,525
37800288451570,10:30:00.288,13.9500,775
37800288451570,10:30:00.288,13.9500,1000
37800288451570,10:30:00.288,13.9500,100
37800288451570,10:30:00.288,13.9500,200
37800294165069,10:30:00.294,13.9400,100
37800296659198,10:30:00.296,13.9500,400
37800296659198,10:30:00.296,13.9500,200
37800296700105,10:30:00.296,13.9500,100
37800296805025,10:30:00.296,13.9500,100
37800296881313,10:30:00.296,13.9500,100
37800296992285,10:30:00.296,13.9500,100
37800298013000,10:30:00.298,13.9500,900
37800298013000,10:30:00.298,13.9500,100
37800298013000,10:30:00.298,13.9500,300
37800298643011,10:30:00.298,13.9400,200
37800298643011,10:30:00.298,13.9400,200
37800302730422,10:30:00.302,13.9400,100
37800306747895,10:30:00.306,13.9400,200
37800347145583,10:30:00.347,13.9400,900
37800347184577,10:30:00.347,13.9400,600
37800363007478,10:30:00.363,13.9400,263
37800363017373,10:30:00.363,13.9400,175
37800363045726,10:30:00.363,13.9400,900
37800363063567,10:30:00.363,13.9400,175
37800363143323,10:30:00.363,13.9400,87
37800363143323,10:30:00.363,13.9400,88
37800363466983,10:30:00.363,13.9400,100
37800363575163,10:30:00.363,13.9400,212
37800363575163,10:30:00.363,13.9400,100
37800374294774,10:30:00.374,13.9400,11
37800374305754,10:30:00.374,13.9400,11
37800374324577,10:30:00.374,13.9400,1789
37800374324577,10:30:00.374,13.9400,11
37800374335417,10:30:00.374,13.9400,87
37800374335417,10:30:00.374,13.9400,91
37800374823400,10:30:00.374,13.9400,500
37800374921667,10:30:00.374,13.9400,100
37800375045031,10:30:00.375,13.9400,800
37800434800152,10:30:00.434,13.9500,1400
37800496124761,10:30:00.496,13.9700,1100
37800521026445,10:30:00.521,13.9800,1
37800521026445,10:30:00.521,13.9800,500
37800521026445,10:30:00.521,13.9800,100
37801355532580,10:30:01.355,13.9400,100
37801355532580,10:30:01.355,13.9400,100
37801355532580,10:30:01.355,13.9300,100
37802151496222,10:30:02.151,13.9500,100
37802151496222,10:30:02.151,13.9500,100
37803755982548,10:30:03.755,13.9300,100
37803755982548,10:30:03.755,13.9300,900
37803876865410,10:30:03.876,13.9300,100
37803961343442,10:30:03.961,13.9300,100
37803961775812,10:30:03.961,13.9300,109
37804044903183,10:30:04.044,13.9300,300
37804044903183,10:30:04.044,13.9300,100
37804044903183,10:30:04.044,13.9300,300
37804632606448,10:30:04.632,13.9200,100
37804906957144,10:30:04.906,13.9200,300
37806122331725,10:30:06.122,13.9300,100
37806545737268,10:30:06.545,13.9400,100
37806825462824,10:30:06.825,13.9500,100
37806825469780,10:30:06.825,13.9500,100
37814489411763,10:30:14.489,13.9500,100
37814876761532,10:30:14.876,13.9600,100
37814876824993,10:30:14.876,13.9600,100
37814953943546,10:30:14.953,13.9500,100
37816771121001,10:30:16.771,13.9200,300
37816782122218,10:30:16.782,13.9100,100
37816782122218,10:30:16.782,13.9100,100
37817124183011,10:30:17.124,13.9100,82
37817124617072,10:30:17.124,13.9100,18
37817211179388,10:30:17.211,13.9100,100
37817211179388,10:30:17.211,13.9100,100
37819400081635,10:30:19.400,13.9100,100
37819440809180,10:30:19.440,13.9100,100
37819471439119,10:30:19.471,13.9100,63
37819471477046,10:30:19.471,13.9100,100
37819471870424,10:30:19.471,13.9100,337
37826939167432,10:30:26.939,13.9400,256
37827927231850,10:30:27.927,13.9500,100
37828025861640,10:30:28.025,13.9500,143
37830123760281,10:30:30.123,13.9500,157
37830307817969,10:30:30.307,13.9500,100
37830307817969,10:30:30.307,13.9500,300
37831577576975,10:30:31.577,13.9800,300
37831577576975,10:30:31.577,13.9800,100
37831577576975,10:30:31.577,13.9800,100
37831619770728,10:30:31.619,13.9900,10
37831619770728,10:30:31.619,13.9900,100
37831619770728,10:30:31.619,13.9900,100
37832127707628,10:30:32.127,13.9900,300
37832127707628,10:30:32.127,13.9900,100
37832127707628,10:30:32.127,13.9900,100
37832128490707,10:30:32.128,13.9900,100
37832128490707,10:30:32.128,13.9900,100
37832593713052,10:30:32.593,13.9800,300
37835950894825,10:30:35.950,13.9900,100
37836514678671,10:30:36.514,13.9900,200
37836514678671,10:30:36.514,13.9900,100
37837017365276,10:30:37.017,14.0000,2
37837017365276,10:30:37.017,14.0000,1
37837017365276,10:30:37.017,14.0000,2
37837017365276,10:30:37.017,14.0000,1
37837017365276,10:30:37.017,14.0000,20
37837017365276,10:30:37.017,14.0000,1
37837017365276,10:30:37.017,14.0000,50
37837017365276,10:30:37.017,14.0000,23
37837017367928,10:30:37.017,14.0000,100
37838194834917,10:30:38.194,14.0000,200
37838194841320,10:30:38.194,14.0000,77
37838194841320,10:30:38.194,14.0000,52
37838194841320,10:30:38.194,14.0000,71
37838199749027,10:30:38.199,14.0000,2500
37838199757143,10:30:38.199,14.0000,2229
37838199757143,10:30:38.199,14.0000,271
37838200346203,10:30:38.200,14.0000,262
37838201699531,10:30:38.201,14.0000,222
37838201699531,10:30:38.201,14.0000,100
37838201699531,10:30:38.201,14.0000,69
37838201699531,10:30:38.201,14.0000,1
37838201699531,10:30:38.201,14.0000,200
37838201699531,10:30:38.201,14.0000,100
37838201699531,10:30:38.201,14.0000,500
37838201699531,10:30:38.201,14.0000,208
37838202083607,10:30:38.202,14.0000,106
37838341216157,10:30:38.341,13.9900,200
37838341216157,10:30:38.341,13.9900,100
37838341216157,10:30:38.341,13.9900,100
37838353277055,10:30:38.353,13.9900,100
37838353277055,10:30:38.353,13.9900,400
37838353277055,10:30:38.353,13.9900,200
37838353375254,10:30:38.353,13.9900,100
37838354365666,10:30:38.354,13.9900,100
37838366220398,10:30:38.366,13.9900,100
37838366220398,10:30:38.366,13.9900,100
37838366220398,10:30:38.366,13.9900,100
37838374145587,10:30:38.374,13.9900,500
37838720560537,10:30:38.720,13.9900,300
37838781483885,10:30:38.781,14.0000,3700
37838781489270,10:30:38.781,14.0000,986
37838781489270,10:30:38.781,14.0000,15
37838781489270,10:30:38.781,14.0000,200
37838781489270,10:30:38.781,14.0000,100
37838781489270,10:30:38.781,14.0000,2000
37838781489270,10:30:38.781,14.0000,399
37839041715954,10:30:39.041,14.0000,601
37839041715954,10:30:39.041,14.0000,99
37840840424379,10:30:40.840,14.0000,800
37840840426036,10:30:40.840,14.0000,401
37840840426036,10:30:40.840,14.0000,300
37841611214295,10:30:41.611,14.0000,1100
37841611214295,10:30:41.611,14.0000,1200
37841721920038,10:30:41.721,14.0000,1700
37841721920038,10:30:41.721,14.0000,100
37841721920038,10:30:41.721,14.0000,100
37841728950802,10:30:41.728,14.0000,500
37841728950802,10:30:41.728,14.0000,2700
37841728950802,10:30:41.728,14.0000,100
37841728950802,10:30:41.728,14.0000,100
37841834434553,10:30:41.834,14.0000,100
37841834434553,10:30:41.834,14.0000,100
37841930481469,10:30:41.930,14.0000,500
37841930481469,10:30:41.930,14.0000,100
37842397491006,10:30:42.397,14.0100,100
37842397491006,10:30:42.397,14.0100,200
37842816645929,10:30:42.816,14.0200,3200
37842816654975,10:30:42.816,14.0200,1800
37842816654975,10:30:42.816,14.0200,100
37842816654975,10:30:42.816,14.0200,300
37842847372728,10:30:42.847,14.0200,100
37842847372728,10:30:42.847,14.0200,300
37843114000207,10:30:43.114,14.0200,200
37843896005673,10:30:43.896,14.0400,100
37843896005673,10:30:43.896,14.0400,100
37846363987183,10:30:46.363,14.0400,300
37846364433433,10:30:46.364,14.0400,200
37846364433433,10:30:46.364,14.0400,100
37846364433433,10:30:46.364,14.0400,100
37846364433433,10:30:46.364,14.0400,100
37846366395601,10:30:46.366,14.0400,200
37846625968874,10:30:46.625,14.0400,11
37846625968874,10:30:46.625,14.0400,300
37846625968874,10:30:46.625,14.0400,89
37846899459196,10:30:46.899,14.0400,100
37846914741953,10:30:46.914,14.0400,300
37846914747082,10:30:46.914,14.0400,100
37846914747082,10:30:46.914,14.0400,200
37847613124170,10:30:47.613,14.0500,450
37847613124170,10:30:47.613,14.0500,500
37847613124170,10:30:47.613,14.0500,100
37847634324782,10:30:47.634,14.0500,70
37848324787798,10:30:48.324,14.0600,60
37848506882736,10:30:48.506,14.0600,300
37848506882736,10:30:48.506,14.0600,100
37849919804277,10:30:49.919,14.0700,300
37849919804277,10:30:49.919,14.0700,100
37850155712265,10:30:50.155,14.0700,200
37850734792571,10:30:50.734,14.0800,78
37850734792571,10:30:50.734,14.0800,600
37850734792571,10:30:50.734,14.0800,22
37851337370667,10:30:51.337,14.0800,300
37851337370667,10:30:51.337,14.0800,100
37851337439484,10:30:51.337,14.0800,100
37851364895424,10:30:51.364,14.0800,2000
37851364895424,10:30:51.364,14.0800,300
37851364895424,10:30:51.364,14.0800,100
37851533109314,10:30:51.533,14.0800,200
37851533109314,10:30:51.533,14.0800,100
37851533686086,10:30:51.533,14.0800,100
37851533686086,10:30:51.533,14.0800,600
37852153577884,10:30:52.153,14.0800,400
37852418396123,10:30:52.418,14.0800,100
37853190569215,10:30:53.190,14.0800,300
37854481798292,10:30:54.481,14.0800,100
37854481798292,10:30:54.481,14.0800,200
37855807401084,10:30:55.807,14.0700,300
37855807401084,10:30:55.807,14.0600,100
37855807401084,10:30:55.807,14.0600,100
37856377846004,10:30:56.377,14.0700,200
37856709065504,10:30:56.709,14.0600,100
37856709065504,10:30:56.709,14.0600,75
37856709086381,10:30:56.709,14.0600,25
37857622961937,10:30:57.622,14.0500,300
37857624521328,10:30:57.624,14.0400,100
37857624580253,10:30:57.624,14.0400,700
37857624614812,10:30:57.624,14.0400,37
37857624643517,10:30:57.624,14.0400,763
37857624643517,10:30:57.624,14.0400,462
37857624650148,10:30:57.624,14.0400,100
37857624676204,10:30:57.624,14.0400,500
37857624678673,10:30:57.624,14.0400,438
37857624678673,10:30:57.624,14.0400,7
37857624703399,10:30:57.624,14.0400,93
37857625668398,10:30:57.625,14.0400,200
37857625668398,10:30:57.625,14.0400,100
37857625668398,10:30:57.625,14.0400,300
37858522181532,10:30:58.522,14.0500,300
37858747905426,10:30:58.747,14.0500,200
37858747909580,10:30:58.747,14.0500,200
37859153986879,10:30:59.153,14.0400,200
37859352056587,10:30:59.352,14.0500,300
37860079579862,10:31:00.079,14.0400,225
37860079599888,10:31:00.079,14.0400,75
37866566533656,10:31:06.566,14.0500,300
37868369480382,10:31:08.369,14.0500,100
37868370142816,10:31:08.370,14.0500,300
37868370142816,10:31:08.370,14.0500,300
37868370142816,10:31:08.370,14.0500,100
37868374115177,10:31:08.374,14.0500,100
37868374115177,10:31:08.374,14.0500,100
37868374239611,10:31:08.374,14.0500,100
37868405870043,10:31:08.405,14.0500,100
37868405870043,10:31:08.405,14.0500,300
37868405870043,10:31:08.405,14.0500,100
37868405870043,10:31:08.405,14.0500,100
37868405870043,10:31:08.405,14.0500,100
37868405870043,10:31:08.405,14.0500,100
37868410281423,10:31:08.410,14.0500,100
37868410281423,10:31:08.410,14.0500,100
37868428796307,10:31:08.428,14.0500,256
37868428802076,10:31:08.428,14.0500,214
37870011256387,10:31:10.011,14.0400,100
37871448174161,10:31:11.448,14.0200,300
37872454306723,10:31:12.454,14.0400,256
37874597885335,10:31:14.597,14.0400,300
37874597885335,10:31:14.597,14.0400,100
37874597885335,10:31:14.597,14.0400,300
37876388327594,10:31:16.388,14.0400,300
37876388334305,10:31:16.388,14.0400,300
37876388366665,10:31:16.388,14.0400,708
37876388374288,10:31:16.388,14.0400,346
37876388393444,10:31:16.388,14.0400,146
37876388393444,10:31:16.388,14.0400,110
37876388464910,10:31:16.388,14.0400,190
37879065263291,10:31:19.065,14.0400,256
37883171040813,10:31:23.171,14.0700,200
37883171040813,10:31:23.171,14.0700,100
37888243486569,10:31:28.243,14.0800,100
37888903407785,10:31:28.903,14.0800,300
37892512834361,10:31:32.512,14.0800,300
37892512834361,10:31:32.512,14.0800,100
37900538163665,10:31:40.538,14.0800,100
37900538163665,10:31:40.538,14.0800,100
37901035394335,10:31:41.035,14.0800,67
37901939275818,10:31:41.939,14.0400,300
37903275606508,10:31:43.275,13.9900,100
37903275606508,10:31:43.275,13.9900,200
37903333706283,10:31:43.333,13.9900,100
37903374098812,10:31:43.374,14.0000,213
37903374109781,10:31:43.374,14.0000,87
37903374109781,10:31:43.374,14.0000,200
37904316807452,10:31:44.316,14.0000,300
37904317729989,10:31:44.317,13.9900,100
37904317729989,10:31:44.317,13.9900,200
37904317729989,10:31:44.317,13.9900,300
37904317729989,10:31:44.317,13.9900,100
37904334818405,10:31:44.334,14.0000,100
37904334818405,10:31:44.334,14.0000,100
37905481056235,10:31:45.481,14.0100,100
37905481490353,10:31:45.481,14.0100,200
37905501154039,10:31:45.501,14.0200,300
37905501154039,10:31:45.501,14.0200,100
37905510853517,10:31:45.510,14.0200,100
37906767355083,10:31:46.767,14.0300,100
37915677441654,10:31:55.677,14.0000,300
37915677441654,10:31:55.677,14.0000,100
37915677441654,10:31:55.677,14.0000,300
37921650015344,10:32:01.650,13.9800,56
37929698417966,10:32:09.698,13.9700,100
37929698539317,10:32:09.698,13.9700,200
37929698539317,10:32:09.698,13.9700,100
37929783414229,10:32:09.783,13.9700,300
37929787870073,10:32:09.787,13.9700,100
37929787870073,10:32:09.787,13.9700,1200
37936225896661,10:32:16.225,14.0000,79
37936225905941,10:32:16.225,14.0000,21
37936225905941,10:32:16.225,14.0000,300
37938549075870,10:32:18.549,14.0000,50
37938549075870,10:32:18.549,14.0000,50
37948747327582,10:32:28.747,14.0200,100
37948747764048,10:32:28.747,14.0200,188
37948751811191,10:32:28.751,14.0200,100
37948773367055,10:32:28.773,14.0300,100
37948773367055,10:32:28.773,14.0300,100
37948777159099,10:32:28.777,14.0300,100
37948777159099,10:32:28.777,14.0300,200
37948777159099,10:32:28.777,14.0300,300
37948778690248,10:32:28.778,14.0300,100
37948778690248,10:32:28.778,14.0300,100
37948779317373,10:32:28.779,14.0300,100
37948779317373,10:32:28.779,14.0300,100
37948793378515,10:32:28.793,14.0300,100
37948793378515,10:32:28.793,14.0300,100
37948793441584,10:32:28.793,14.0300,100
37948793463245,10:32:28.793,14.0300,100
37948793487751,10:32:28.793,14.0300,100
37948793487751,10:32:28.793,14.0300,100
37948793487751,10:32:28.793,14.0300,100
37948814041804,10:32:28.814,14.0300,100
37948814041804,10:32:28.814,14.0300,100
37948814041804,10:32:28.814,14.0300,100
37948814041804,10:32:28.814,14.0300,100
37948817784273,10:32:28.817,14.0300,100
37948817784273,10:32:28.817,14.0300,400
37948819442505,10:32:28.819,14.0300,100
37948819442505,10:32:28.819,14.0300,100
37948819442505,10:32:28.819,14.0300,100
37948819442505,10:32:28.819,14.0300,100
37948819442505,10:32:28.819,14.0300,100
37948971385663,10:32:28.971,14.0300,100
37950106764335,10:32:30.106,14.0300,100
37951376788573,10:32:31.376,14.0400,100
37951377223398,10:32:31.377,14.0400,54
37951377225893,10:32:31.377,14.0400,500
37951377263618,10:32:31.377,14.0400,96
37951377263618,10:32:31.377,14.0400,100
37951377263618,10:32:31.377,14.0400,4
37951377271588,10:32:31.377,14.0400,96
37951377271588,10:32:31.377,14.0400,100
37957201305425,10:32:37.201,14.0700,100
37957794379729,10:32:37.794,14.0700,100
37958399442345,10:32:38.399,14.0800,133
37958399442345,10:32:38.399,14.0800,100
37958432853914,10:32:38.432,14.0800,93
37958432864895,10:32:38.432,14.0800,7
37958432864895,10:32:38.432,14.0800,100
37958432864895,10:32:38.432,14.0800,300
37959081280544,10:32:39.081,14.0800,7
37961160132319,10:32:41.160,14.0800,256
37964630738326,10:32:44.630,14.0700,93
37971516105260,10:32:51.516,14.0400,200
37973662568497,10:32:53.662,14.0600,56
37973662883775,10:32:53.662,14.0600,194
37973662883775,10:32:53.662,14.0600,800
37975098058702,10:32:55.098,14.0800,100
37975098098740,10:32:55.098,14.0800,350
37976257134718,10:32:56.257,14.0800,2050
37976257134718,10:32:56.257,14.0800,100
37976889234591,10:32:56.889,14.0900,100
37976889234591,10:32:56.889,14.0900,9
37976898847614,10:32:56.898,14.1000,4
37976898847614,10:32:56.898,14.1000,210
37980992551547,10:33:00.992,14.0500,256
37982219782900,10:33:02.219,14.0500,100
37982219782900,10:33:02.219,14.0500,300
37982230457343,10:33:02.230,14.0500,100
37982247629933,10:33:02.247,14.0500,100
37982247629933,10:33:02.247,14.0500,300
37982247629933,10:33:02.247,14.0500,100
37982283227112,10:33:02.283,14.0500,100
37982283227112,10:33:02.283,14.0500,200
37982443467290,10:33:02.443,14.0600,300
37982473212746,10:33:02.473,14.0700,500
37984048895531,10:33:04.048,14.0800,53
37984048904685,10:33:04.048,14.0800,47
37990189855295,10:33:10.189,14.1000,790
37990189855295,10:33:10.189,14.1000,1610
37990189858772,10:33:10.189,14.1000,2400
37990189894458,10:33:10.189,14.1000,46
37990189898966,10:33:10.189,14.1000,200
37990189903950,10:33:10.189,14.1000,744
37990189903950,10:33:10.189,14.1000,2
37990189909286,10:33:10.189,14.1000,956
37990189913161,10:33:10.189,14.1000,42
37990189913161,10:33:10.189,14.1000,110
37990189913161,10:33:10.189,14.1000,100
37990189913161,10:33:10.189,14.1000,20
37990591228442,10:33:10.591,14.1100,750
37993876126465,10:33:13.876,14.1200,11
37994788740439,10:33:14.788,14.1400,1
37994788740439,10:33:14.788,14.1400,200
37994788740439,10:33:14.788,14.1400,200
37994788740439,10:33:14.788,14.1400,100
37994788740439,10:33:14.788,14.1400,299
37994788745952,10:33:14.788,14.1400,800
37994788791355,10:33:14.788,14.1400,901
37994788791355,10:33:14.788,14.1400,900
37995566977888,10:33:15.566,14.1300,100
38008763042537,10:33:28.763,14.1300,100
38008763202651,10:33:28.763,14.1300,900
38011654081877,10:33:31.654,14.1400,30
38018150912569,10:33:38.150,14.1000,300
38023666446657,10:33:43.666,14.1400,29
38023666880812,10:33:43.666,14.1400,33
38023723291745,10:33:43.723,14.1400,238
38023723330055,10:33:43.723,14.1500,300
38023723330055,10:33:43.723,14.1500,100
38023723330055,10:33:43.723,14.1500,25
38024165581364,10:33:44.165,14.1500,50
38028430661737,10:33:48.430,14.1500,300
38028445507481,10:33:48.445,14.1400,256
38028445548614,10:33:48.445,14.1400,44
38030155729546,10:33:50.155,14.1500,100
38030155729546,10:33:50.155,14.1500,100
38030156376340,10:33:50.156,14.1500,200
38030156376340,10:33:50.156,14.1500,300
38030461053139,10:33:50.461,14.1600,100
38033146823694,10:33:53.146,14.1300,1104
38033146829161,10:33:53.146,14.1300,896
38036315906864,10:33:56.315,14.1400,37
38039385496371,10:33:59.385,14.1500,100
38045504848652,10:34:05.504,14.1500,256
38051344817960,10:34:11.344,14.1400,456
38051344854334,10:34:11.344,14.1400,528
38051344893139,10:34:11.344,14.1400,116
38054467876674,10:34:14.467,14.1300,88
38054467902928,10:34:14.467,14.1300,252
38054468050031,10:34:14.468,14.1300,460
38054560212720,10:34:14.560,14.1200,33
38054560247429,10:34:14.560,14.1200,167
38061557666410,10:34:21.557,14.1000,100
38061557666410,10:34:21.557,14.1000,200
38061557776548,10:34:21.557,14.1000,90
38061557848462,10:34:21.557,14.1000,10
38061557848462,10:34:21.557,14.1000,10
38061557871827,10:34:21.557,14.1000,70
38061557984590,10:34:21.557,14.1000,90
38061558082971,10:34:21.558,14.1000,10
38061562240881,10:34:21.562,14.0900,100
38061567396798,10:34:21.567,14.0900,100
38061578723203,10:34:21.578,14.0900,100
38064257604584,10:34:24.257,14.1200,100
38072577772621,10:34:32.577,14.1300,100
38072578209094,10:34:32.578,14.1300,900
38073535775438,10:34:33.535,14.1500,30
38074912898432,10:34:34.912,14.1400,256
38083409226975,10:34:43.409,14.1500,51
38086485659823,10:34:46.485,14.1400,100
38097015109163,10:34:57.015,14.1000,99
38097015150109,10:34:57.015,14.1000,1467
38097015228429,10:34:57.015,14.1000,420
38097015234670,10:34:57.015,14.1000,304
38099678211862,10:34:59.678,14.1100,246
38102592371968,10:35:02.592,14.1300,100
38104410513107,10:35:04.410,14.1300,200
38104410513107,10:35:04.410,14.1300,100
38104410613491,10:35:04.410,14.1300,100
38104410613491,10:35:04.410,14.1300,300
38104430002594,10:35:04.430,14.1300,200
38104444643824,10:35:04.444,14.1300,100
38104444643824,10:35:04.444,14.1300,100
38105366519237,10:35:05.366,14.1500,200
38105366519237,10:35:05.366,14.1500,200
38107177150349,10:35:07.177,14.1600,1
38113658730122,10:35:13.658,14.1500,300
38120409205796,10:35:20.409,14.1700,100
38120409205796,10:35:20.409,14.1700,4
38120409220305,10:35:20.409,14.1700,196
38120421273985,10:35:20.421,14.1700,100
38123921126248,10:35:23.921,14.1600,50
38126683701756,10:35:26.683,14.1600,100
38126683701756,10:35:26.683,14.1600,300
38126684426420,10:35:26.684,14.1500,300
38126684426420,10:35:26.684,14.1500,395
38126684456310,10:35:26.684,14.1500,1105
38126851241499,10:35:26.851,14.1500,300
38126851241499,10:35:26.851,14.1500,100
38126859740247,10:35:26.859,14.1500,500
38128207812328,10:35:28.207,14.1500,100
38128207812328,10:35:28.207,14.1500,300
38138653978442,10:35:38.653,14.1500,300
38138653978442,10:35:38.653,14.1500,100
38138659484558,10:35:38.659,14.1400,1
38146066529896,10:35:46.066,14.1500,50
38160197177434,10:36:00.197,14.1100,67
38164495766021,10:36:04.495,14.1200,300
38176816096883,10:36:16.816,14.1500,28
38177399349568,10:36:17.399,14.1500,300
38178283479557,10:36:18.283,14.1500,300
38178483575353,10:36:18.483,14.1500,300
38182204362302,10:36:22.204,14.1500,233
38182204368196,10:36:22.204,14.1500,508
38182204377545,10:36:22.204,14.1500,108
38186842789347,10:36:26.842,14.1600,40
38186842789347,10:36:26.842,14.1600,500
38186842789347,10:36:26.842,14.1600,60
38186842837395,10:36:26.842,14.1600,40
38188020302662,10:36:28.020,14.1600,100
38193298358682,10:36:33.298,14.1600,400
38193298358682,10:36:33.298,14.1600,30
38203896067947,10:36:43.896,14.1600,400
38203896324023,10:36:43.896,14.1600,100
38203896328004,10:36:43.896,14.1600,100
38203896423465,10:36:43.896,14.1600,200
38203896423465,10:36:43.896,14.1600,35
38203896568403,10:36:43.896,14.1600,143
38203896774692,10:36:43.896,14.1600,222
38203896774692,10:36:43.896,14.1600,70
38211647627571,10:36:51.647,14.1700,500
38211647627571,10:36:51.647,14.1700,200
38214774676337,10:36:54.774,14.1600,100
38214774676337,10:36:54.774,14.1600,300
38214774676337,10:36:54.774,14.1600,1200
38214774676337,10:36:54.774,14.1600,300
38214774676337,10:36:54.774,14.1600,1000
38214795972008,10:36:54.795,14.1600,100
38214795972008,10:36:54.795,14.1600,300
38214795972008,10:36:54.795,14.1600,1200
38217463868257,10:36:57.463,14.1500,100
38218452064631,10:36:58.452,14.1400,400
38226599589713,10:37:06.599,14.1700,100
38226607638560,10:37:06.607,14.1800,3000
38226607638560,10:37:06.607,14.1800,100
38226607638560,10:37:06.607,14.1800,100
38226607958580,10:37:06.607,14.1800,100
38226607958580,10:37:06.607,14.1800,200
38226607958580,10:37:06.607,14.1800,200
38226612322688,10:37:06.612,14.1800,200
38226612322688,10:37:06.612,14.1800,200
38226612322688,10:37:06.612,14.1800,100
38226612322688,10:37:06.612,14.1800,400
38226617899271,10:37:06.617,14.1800,200
38226617899271,10:37:06.617,14.1800,11
38226617899271,10:37:06.617,14.1800,100
38226617899271,10:37:06.617,14.1800,900
38226617899271,10:37:06.617,14.1800,100
38226640171551,10:37:06.640,14.1800,300
38226640171551,10:37:06.640,14.1800,11
38226640171551,10:37:06.640,14.1800,900
38226640171551,10:37:06.640,14.1800,1300
38226640171551,10:37:06.640,14.1800,114
38226659476454,10:37:06.659,14.1800,134
38226659550173,10:37:06.659,14.1800,152
38226667185009,10:37:06.667,14.1800,11
38226667185009,10:37:06.667,14.1800,100
38226667185009,10:37:06.667,14.1800,400
38227449047130,10:37:07.449,14.1800,11
38231618266782,10:37:11.618,14.1900,1
38231618266782,10:37:11.618,14.1900,200
38231656876087,10:37:11.656,14.2000,15
38231656876087,10:37:11.656,14.2000,500
38231656876087,10:37:11.656,14.2000,100
38231656876087,10:37:11.656,14.2000,200
38231656876087,10:37:11.656,14.2000,400
38231656876087,10:37:11.656,14.2000,400
38231656876087,10:37:11.656,14.2000,5
38231656876087,10:37:11.656,14.2000,980
38231656885298,10:37:11.656,14.2000,20
38231656885298,10:37:11.656,14.2000,800
38231656885298,10:37:11.656,14.2000,200
38231656885298,10:37:11.656,14.2000,100
38231656885298,10:37:11.656,14.2000,900
38233137655987,10:37:13.137,14.1900,300
38233837619341,10:37:13.837,14.1900,600
38233837619341,10:37:13.837,14.1900,400
38233837619341,10:37:13.837,14.1900,24
38241704633890,10:37:21.704,14.1800,200
38249336656935,10:37:29.336,14.1500,70
38255317770133,10:37:35.317,14.1000,238
38255401846296,10:37:35.401,14.0900,30
38255401846296,10:37:35.401,14.0900,1000
38255401846296,10:37:35.401,14.0900,100
38258237519604,10:37:38.237,14.0500,100
38258251859769,10:37:38.251,14.0500,400
38258251859769,10:37:38.251,14.0500,100
38258251859769,10:37:38.251,14.0500,200
38258255718556,10:37:38.255,14.0500,100
38258286847613,10:37:38.286,14.0500,100
38258286847613,10:37:38.286,14.0500,100
38260423647941,10:37:40.423,14.0700,56
38260423697765,10:37:40.423,14.0700,44
38260505499992,10:37:40.505,14.0700,200
38262989649691,10:37:42.989,14.0800,56
38262989820444,10:37:42.989,14.0800,44
38262989820444,10:37:42.989,14.0800,56
38262989820444,10:37:42.989,14.0800,144
38289039157404,10:38:09.039,14.0900,100
38292043114690,10:38:12.043,14.0900,100
38307072130696,10:38:27.072,14.0800,500
38312378598795,10:38:32.378,14.1000,100
38313985573282,10:38:33.985,14.0900,100
38341039306329,10:39:01.039,14.1000,250
38343653712217,10:39:03.653,14.1000,100
38347049484219,10:39:07.049,14.0900,100
38347049484219,10:39:07.049,14.0900,200
38347049491475,10:39:07.049,14.0900,200
38347049999339,10:39:07.049,14.0900,100
38347050422022,10:39:07.050,14.0900,80
38357337907362,10:39:17.337,14.0600,100
38357337907362,10:39:17.337,14.0600,400
38358123015483,10:39:18.123,14.0400,100
38358123015483,10:39:18.123,14.0400,1200
38358123015483,10:39:18.123,14.0400,300
38358123015483,10:39:18.123,14.0400,100
38358124167023,10:39:18.124,14.0400,100
38358124167023,10:39:18.124,14.0400,50
38359548638947,10:39:19.548,14.0300,146
38359548647956,10:39:19.548,14.0300,254
38360598849925,10:39:20.598,14.0400,400
38360598849925,10:39:20.598,14.0400,100
38360599179366,10:39:20.599,14.0400,200
38360599976033,10:39:20.599,14.0500,238
38396298630339,10:39:56.298,14.0750,200
38396298630339,10:39:56.298,14.0800,400
38396298630339,10:39:56.298,14.0800,100
38396298630339,10:39:56.298,14.0800,100
38396298967146,10:39:56.298,14.0800,100
38396319961097,10:39:56.319,14.0900,100
38400077363497,10:40:00.077,14.0700,100
38400077702895,10:40:00.077,14.0700,300
38411694613794,10:40:11.694,14.0500,300
38411694613794,10:40:11.694,14.0500,100
38411694613794,10:40:11.694,14.0500,100
38411815614774,10:40:11.815,14.0600,100
38411816165640,10:40:11.816,14.0600,100
38411817405603,10:40:11.817,14.0600,100
38413819216690,10:40:13.819,14.0800,56
38418180592701,10:40:18.180,14.0700,100
38423195258354,10:40:23.195,14.1000,400
38429740084073,10:40:29.740,14.0900,100
38434990307646,10:40:34.990,14.1050,200
38464036670408,10:41:04.036,14.0700,100
38472008247739,10:41:12.008,14.0600,100
38510109513606,10:41:50.109,14.0500,400
38510109513606,10:41:50.109,14.0500,300
38510109513606,10:41:50.109,14.0500,100
38510109513606,10:41:50.109,14.0500,100
38510109513606,10:41:50.109,14.0500,1000
38510110240342,10:41:50.110,14.0500,100
38519388812225,10:41:59.388,14.0500,100
38520525134916,10:42:00.525,14.0600,2500
38520548845130,10:42:00.548,14.0700,100
38520548845130,10:42:00.548,14.0700,170
38520548872362,10:42:00.548,14.0700,30
38535572024402,10:42:15.572,14.0800,400
38538033682696,10:42:18.033,14.0700,156
38548838738474,10:42:28.838,14.0800,256
38552970556263,10:42:32.970,14.0800,256
38562431175553,10:42:42.431,14.0800,318
38577995540739,10:42:57.995,14.0500,50
38595711926945,10:43:15.711,14.0300,208
38595711936835,10:43:15.711,14.0300,792
38599725802048,10:43:19.725,14.0200,100
38599725834607,10:43:19.725,14.0200,100
38599770020484,10:43:19.770,14.0100,50
38599961833597,10:43:19.961,14.0100,21
38599961833597,10:43:19.961,14.0100,79
38599966893594,10:43:19.966,14.0100,100
38606042424595,10:43:26.042,14.0300,256
38606042468302,10:43:26.042,14.0300,144
38606074042655,10:43:26.074,14.0300,200
38606074042655,10:43:26.074,14.0300,100
38606074042655,10:43:26.074,14.0300,100
38606074042655,10:43:26.074,14.0300,399
38610696611136,10:43:30.696,14.0200,100
38624168830221,10:43:44.168,14.0200,100
38648407914796,10:44:08.407,14.0250,200
38648407914796,10:44:08.407,14.0300,400
38667239660736,10:44:27.239,14.0200,28
38673024369916,10:44:33.024,14.0200,400
38673024369916,10:44:33.024,14.0200,1000
38676871512896,10:44:36.871,14.0200,100
38676871512896,10:44:36.871,14.0200,400
38682953470158,10:44:42.953,14.0100,5100
38682953470158,10:44:42.953,14.0100,100
38682953470158,10:44:42.953,14.0100,800
38682953488590,10:44:42.953,14.0100,200
38682953583748,10:44:42.953,14.0000,1
38682953583748,10:44:42.953,14.0000,200
38682953583748,10:44:42.953,14.0000,1000
38682953583748,10:44:42.953,14.0000,1100
38682954006995,10:44:42.954,14.0000,100
38682971056835,10:44:42.971,13.9900,100
38682971056835,10:44:42.971,13.9900,5
38682971056835,10:44:42.971,13.9900,100
38682971454255,10:44:42.971,13.9900,100
38682971640559,10:44:42.971,13.9900,26
38682971676556,10:44:42.971,13.9900,74
38682971676556,10:44:42.971,13.9900,300
38689115690521,10:44:49.115,14.0000,400
38722865723185,10:45:22.865,14.0300,100
38725157877792,10:45:25.157,14.0300,100
38728409025747,10:45:28.409,14.0400,150
38735847209462,10:45:35.847,14.0100,200
38735847209462,10:45:35.847,14.0100,400
38735847209462,10:45:35.847,14.0100,100
38744614776262,10:45:44.614,14.0200,400
38758710761405,10:45:58.710,14.0300,100
38760076578725,10:46:00.076,14.0200,131
38778461018857,10:46:18.461,14.0500,256
38778461061089,10:46:18.461,14.0500,266
38778461064742,10:46:18.461,14.0500,346
38778461066729,10:46:18.461,14.0500,746
38778461089706,10:46:18.461,14.0500,386
38780482416279,10:46:20.482,14.0600,100
38780482416279,10:46:20.482,14.0600,400
38781447548384,10:46:21.447,14.0600,400
38782732968283,10:46:22.732,14.0500,256
38782733013778,10:46:22.733,14.0500,244
38786326700800,10:46:26.326,14.0600,400
38786326700800,10:46:26.326,14.0600,300
38786326700800,10:46:26.326,14.0600,100
38786331665270,10:46:26.331,14.0600,100
38786331665270,10:46:26.331,14.0600,200
38786332069794,10:46:26.332,14.0600,100
38786332069794,10:46:26.332,14.0600,100
38790343078853,10:46:30.343,14.0600,100
38791514488955,10:46:31.514,14.0600,100
38798458989674,10:46:38.458,14.0600,100
38801917152014,10:46:41.917,14.0800,800
38801917156718,10:46:41.917,14.0800,800
38801917189860,10:46:41.917,14.0800,400
38805892123148,10:46:45.892,14.0900,100
38807665489234,10:46:47.665,14.0900,100
38808071791002,10:46:48.071,14.0900,100
38808613158553,10:46:48.613,14.0800,400
38808613158553,10:46:48.613,14.0800,100
38825306784187,10:47:05.306,14.0600,400
38825843474162,10:47:05.843,14.0600,400
38848473166981,10:47:28.473,14.0700,156
38848473210054,10:47:28.473,14.0700,88
38848473214227,10:47:28.473,14.0700,256
38848473214227,10:47:28.473,14.0700,88
38875828549154,10:47:55.828,14.0700,200
38905333974939,10:48:25.333,14.0700,1000
38914087400026,10:48:34.087,14.0900,100
38914325427702,10:48:34.325,14.0900,156
38914325472481,10:48:34.325,14.0900,244
38914381630544,10:48:34.381,14.0900,100
38924332566479,10:48:44.332,14.0900,57
38949245450906,10:49:09.245,14.0600,200
38949245502577,10:49:09.245,14.0600,742
38949245518213,10:49:09.245,14.0600,58
38962485521294,10:49:22.485,14.0700,400
38962485521294,10:49:22.485,14.0700,300
38983838868732,10:49:43.838,14.0700,100
39007848557123,10:50:07.848,14.0700,74
39007848583252,10:50:07.848,14.0700,26
39031797234733,10:50:31.797,14.0700,400
39035530241030,10:50:35.530,14.0600,100
39046974334527,10:50:46.974,14.0400,400
39046974334527,10:50:46.974,14.0400,100
39046982037277,10:50:46.982,14.0300,400
39046982037277,10:50:46.982,14.0300,100
39046982037277,10:50:46.982,14.0300,97
39046982071420,10:50:46.982,14.0300,3
39068466382374,10:51:08.466,14.0900,100
39068466382374,10:51:08.466,14.0900,400
39068466382374,10:51:08.466,14.0900,100
39072085380439,10:51:12.085,14.0800,100
39072086158832,10:51:12.086,14.0800,100
39072086195144,10:51:12.086,14.0800,3
39072086754064,10:51:12.086,14.0800,100
39072089860644,10:51:12.089,14.0800,100
39072089860644,10:51:12.089,14.0800,100
39072089870190,10:51:12.089,14.0800,100
39072089870190,10:51:12.089,14.0800,11
39072089870190,10:51:12.089,14.0800,389
39080720424404,10:51:20.720,14.0900,11
39084465492395,10:51:24.465,14.0900,100
39086861841936,10:51:26.861,14.1000,1800
39086861845028,10:51:26.861,14.1000,1800
39086861893815,10:51:26.861,14.1000,675
39086861895393,10:51:26.861,14.1000,402
39086861941394,10:51:26.861,14.1000,323
39086861941394,10:51:26.861,14.1000,200
39086861941394,10:51:26.861,14.1000,223
39086862108096,10:51:26.862,14.1000,327
39086862108096,10:51:26.862,14.1000,173
39086862140504,10:51:26.862,14.1000,100
39086862234192,10:51:26.862,14.1000,65
39086862388082,10:51:26.862,14.1000,162
39087396824195,10:51:27.396,14.1100,400
39091741444070,10:51:31.741,14.1000,100
39091741444070,10:51:31.741,14.1000,400
39091741444070,10:51:31.741,14.1000,1200
39091741444070,10:51:31.741,14.1000,300
39091741444070,10:51:31.741,14.1000,1000
39091757177998,10:51:31.757,14.1000,100
39091760335714,10:51:31.760,14.1000,100
39091760335714,10:51:31.760,14.1000,400
39091858028631,10:51:31.858,14.1000,200
39091858028631,10:51:31.858,14.1000,100
39125912903244,10:52:05.912,14.1100,100
39125912903244,10:52:05.912,14.1100,300
39125912905801,10:52:05.912,14.1100,100
39154926363945,10:52:34.926,14.1200,100
39154926964226,10:52:34.926,14.1200,100
39155085841919,10:52:35.085,14.1200,200
39155085892330,10:52:35.085,14.1200,100
39201222719037,10:53:21.222,14.1300,100
39219730467648,10:53:39.730,14.1300,100
39266387302978,10:54:26.387,14.1500,215
39273480342003,10:54:33.480,14.1500,1300
39273480342003,10:54:33.480,14.1500,100
39273480342003,10:54:33.480,14.1500,400
39273480342003,10:54:33.480,14.1500,100
39273485129453,10:54:33.485,14.1500,100
39273485129453,10:54:33.485,14.1500,300
39273485129453,10:54:33.485,14.1500,200
39290646784549,10:54:50.646,14.1600,100
39297443931487,10:54:57.443,14.1600,100
39301127430888,10:55:01.127,14.1700,4
39301127430888,10:55:01.127,14.1700,300
39311111604930,10:55:11.111,14.1800,200
39311111606328,10:55:11.111,14.1800,700
39311111621302,10:55:11.111,14.1800,100
39311111641661,10:55:11.111,14.1800,200
39311111681000,10:55:11.111,14.1800,300
39312970517725,10:55:12.970,14.1900,2200
39312970520937,10:55:12.970,14.1900,2200
39312970906020,10:55:12.970,14.1900,600
39312970906020,10:55:12.970,14.1900,37500
39313339483444,10:55:13.339,14.2000,100
39313339488190,10:55:13.339,14.2000,100
39313340691102,10:55:13.340,14.2000,1000
39313340691102,10:55:13.340,14.2000,200
39313340691102,10:55:13.340,14.2000,310
39313340691102,10:55:13.340,14.2000,1090
39313340694831,10:55:13.340,14.2000,910
39313340694831,10:55:13.340,14.2000,100
39314662332182,10:55:14.662,14.2000,400
39314662343218,10:55:14.662,14.2000,100
39314662343218,10:55:14.662,14.2000,100
39314662343218,10:55:14.662,14.2000,100
39316408951353,10:55:16.408,14.2100,100
39319556574353,10:55:19.556,14.2200,15
39319556574353,10:55:19.556,14.2200,100
39319556574353,10:55:19.556,14.2200,4
39319556574353,10:55:19.556,14.2200,1200
39319710138336,10:55:19.710,14.2200,4599
39319710138336,10:55:19.710,14.2200,200
39319710138336,10:55:19.710,14.2200,100
39319710138336,10:55:19.710,14.2200,500
39319710138336,10:55:19.710,14.2200,200
39322055827209,10:55:22.055,14.2300,58
39323257620033,10:55:23.257,14.2400,4323
39323257620033,10:55:23.257,14.2400,1200
39323651692620,10:55:23.651,14.2500,40
39323651692620,10:55:23.651,14.2500,1
39323651692620,10:55:23.651,14.2500,600
39323651692620,10:55:23.651,14.2500,800
39323651692620,10:55:23.651,14.2500,30
39323651692620,10:55:23.651,14.2500,200
39323651692620,10:55:23.651,14.2500,100
39323651692620,10:55:23.651,14.2500,1
39323651692620,10:55:23.651,14.2500,1000
39323651692620,10:55:23.651,14.2500,100
39323651692620,10:55:23.651,14.2500,600
39323651953569,10:55:23.651,14.2500,100
39323651953569,10:55:23.651,14.2500,100
39323651953569,10:55:23.651,14.2500,300
39323652193037,10:55:23.652,14.2500,100
39323652264155,10:55:23.652,14.2500,685
39323652337665,10:55:23.652,14.2500,400
39323652338505,10:55:23.652,14.2500,400
39323652369828,10:55:23.652,14.2500,100
39323652397308,10:55:23.652,14.2500,100
39323652398908,10:55:23.652,14.2500,12
39323652435362,10:55:23.652,14.2500,75
39323652483947,10:55:23.652,14.2500,128
39323970973506,10:55:23.970,14.2500,300
39326233786414,10:55:26.233,14.2400,100
39327469840880,10:55:27.469,14.2400,100
39327469840880,10:55:27.469,14.2400,600
39327469840880,10:55:27.469,14.2400,100
39327469840880,10:55:27.469,14.2400,200
39327469840880,10:55:27.469,14.2400,300
39329721011777,10:55:29.721,14.2300,100
39329721445917,10:55:29.721,14.2300,300
39335988970502,10:55:35.988,14.2300,100
39335988970502,10:55:35.988,14.2300,500
39337788774427,10:55:37.788,14.2300,100
39353653360125,10:55:53.653,14.2300,253
39353653404680,10:55:53.653,14.2300,92
39353653404680,10:55:53.653,14.2300,100
39363691613568,10:56:03.691,14.2300,100
39397560372552,10:56:37.560,14.2500,100
39397560372552,10:56:37.560,14.2500,1000
39397560372552,10:56:37.560,14.2500,100
39410824142419,10:56:50.824,14.2400,200
39410893818163,10:56:50.893,14.2400,100
39410896716601,10:56:50.896,14.2400,100
39414976898657,10:56:54.976,14.2500,100
39414976927886,10:56:54.976,14.2500,200
39414977419243,10:56:54.977,14.2500,700
39416937207816,10:56:56.937,14.2500,200
39416937207816,10:56:56.937,14.2500,600
39419632884790,10:56:59.632,14.2500,200
39419722717476,10:56:59.722,14.2500,200
39419722717476,10:56:59.722,14.2500,200
39419722717476,10:56:59.722,14.2500,700
39419722717476,10:56:59.722,14.2500,200
39420052914377,10:57:00.052,14.2500,200
39420052914377,10:57:00.052,14.2500,1300
39420054361329,10:57:00.054,14.2500,1000
39420054361329,10:57:00.054,14.2500,700
39420054502713,10:57:00.054,14.2500,900
39420054502713,10:57:00.054,14.2500,800
39420054502713,10:57:00.054,14.2500,11
39420054502713,10:57:00.054,14.2500,100
39420054502713,10:57:00.054,14.2500,600
39420054502713,10:57:00.054,14.2500,100
39420054517327,10:57:00.054,14.2500,100
39420054559090,10:57:00.054,14.2500,100
39420054576980,10:57:00.054,14.2500,800
39430886914632,10:57:10.886,14.2600,200
39430886914632,10:57:10.886,14.2600,200
39431417010071,10:57:11.417,14.2600,100
39433612584366,10:57:13.612,14.2600,600
39433612584366,10:57:13.612,14.2600,100
39433612584366,10:57:13.612,14.2600,100
39433612987448,10:57:13.612,14.2600,100
39433612987448,10:57:13.612,14.2600,100
39433612987448,10:57:13.612,14.2600,600
39433613380624,10:57:13.613,14.2600,100
39433613380624,10:57:13.613,14.2600,100
39434808528256,10:57:14.808,14.2600,100
39435488009350,10:57:15.488,14.2700,100
39435488028346,10:57:15.488,14.2700,100
39435745018097,10:57:15.745,14.2900,100
39435745018097,10:57:15.745,14.2900,100
39435745018097,10:57:15.745,14.2900,200
39435745248793,10:57:15.745,14.2900,100
39435745248793,10:57:15.745,14.2900,100
39435745253266,10:57:15.745,14.2900,200
39435780723391,10:57:15.780,14.2900,106
39435780741740,10:57:15.780,14.2900,394
39435780741740,10:57:15.780,14.2900,700
39435984020598,10:57:15.984,14.2700,400
39435984024223,10:57:15.984,14.2700,300
39437066351584,10:57:17.066,14.2800,100
39437099803720,10:57:17.099,14.2800,100
39437163894673,10:57:17.163,14.2800,100
39437163894673,10:57:17.163,14.2800,400
39437163909389,10:57:17.163,14.2800,300
39438086167138,10:57:18.086,14.2600,100
39442558757108,10:57:22.558,14.2500,100
39442985940475,10:57:22.985,14.2500,200
39442985976944,10:57:22.985,14.2500,100
39442986502725,10:57:22.986,14.2500,200
39444006112909,10:57:24.006,14.2500,100
39451770626781,10:57:31.770,14.2500,200
39451770874906,10:57:31.770,14.2500,200
39451770905755,10:57:31.770,14.2500,200
39451770907444,10:57:31.770,14.2500,200
39466787021618,10:57:46.787,14.2300,600
39466787021618,10:57:46.787,14.2300,100
39466787021618,10:57:46.787,14.2300,200
39466805245845,10:57:46.805,14.2300,100
39468479937590,10:57:48.479,14.2200,100
39471559807092,10:57:51.559,14.2000,500
39471559807092,10:57:51.559,14.2000,100
39471559807092,10:57:51.559,14.2000,400
39471775078815,10:57:51.775,14.1900,500
39471775078815,10:57:51.775,14.1900,100
39471775078815,10:57:51.775,14.1900,400
39474072423012,10:57:54.072,14.1900,100
39474139497628,10:57:54.139,14.1900,100
39474845214357,10:57:54.845,14.1700,117
39511538609440,10:58:31.538,14.1800,46
39511539128616,10:58:31.539,14.1800,54
39522373954268,10:58:42.373,14.2000,600
39522373954268,10:58:42.373,14.2000,100
39532066002814,10:58:52.066,14.2100,191
39532066014498,10:58:52.066,14.2100,267
39532066026685,10:58:52.066,14.2100,342
39532073031828,10:58:52.073,14.2200,117
39532078273675,10:58:52.078,14.2200,138
39532078313337,10:58:52.078,14.2200,100
39532079150054,10:58:52.079,14.2200,300
39532079229633,10:58:52.079,14.2200,100
39532079826284,10:58:52.079,14.2200,245
39532450768765,10:58:52.450,14.2200,200
39532450768765,10:58:52.450,14.2200,1300
39532450768765,10:58:52.450,14.2200,100
39532450768765,10:58:52.450,14.2200,100
39532450768765,10:58:52.450,14.2200,600
39532450932474,10:58:52.450,14.2200,100
39533087955599,10:58:53.087,14.2200,600
39540376866573,10:59:00.376,14.2300,600
39545938572613,10:59:05.938,14.2300,256
39548136711269,10:59:08.136,14.2400,100
39548136711269,10:59:08.136,14.2400,56
39548136750582,10:59:08.136,14.2400,44
39559553225694,10:59:19.553,14.2500,139
39559553262037,10:59:19.553,14.2500,141
39559553270887,10:59:19.553,14.2500,20
39578430325215,10:59:38.430,14.2500,600
39591547679751,10:59:51.547,14.2500,156
39591548839172,10:59:51.548,14.2500,444
39598104681094,10:59:58.104,14.2600,100
39600330979953,11:00:00.330,14.2700,100
39601066791874,11:00:01.066,14.2800,200
39616614440105,11:00:16.614,14.3000,300
39616614440105,11:00:16.614,14.3000,100
39616614440105,11:00:16.614,14.3000,50
39616614440105,11:00:16.614,14.3000,200
39617170747921,11:00:17.170,14.3100,100
39619960571624,11:00:19.960,14.3100,500
39622803404168,11:00:22.803,14.3200,5
39622834678272,11:00:22.834,14.3200,900
39622834683494,11:00:22.834,14.3200,900
39622836175426,11:00:22.836,14.3200,500
39622840797041,11:00:22.840,14.3200,100
39622840797041,11:00:22.840,14.3200,100
39622840797041,11:00:22.840,14.3200,200
39622840797041,11:00:22.840,14.3200,100
39622840797041,11:00:22.840,14.3200,45
39622840810403,11:00:22.840,14.3200,55
39622840810403,11:00:22.840,14.3200,500
39625064837991,11:00:25.064,14.3100,11
39625064837991,11:00:25.064,14.3100,89
39632464649062,11:00:32.464,14.3300,200
39632464649062,11:00:32.464,14.3300,100
39632464649062,11:00:32.464,14.3300,100
39632464649062,11:00:32.464,14.3300,100
39632464649062,11:00:32.464,14.3300,100
39632464650800,11:00:32.464,14.3300,100
39632465307528,11:00:32.465,14.3300,450
39640023550877,11:00:40.023,14.3200,800
39640023550877,11:00:40.023,14.3200,200
39640023550877,11:00:40.023,14.3200,61
39640023561199,11:00:40.023,14.3200,439
39643250230568,11:00:43.250,14.3100,500
39645503014060,11:00:45.503,14.3200,200
39658338978548,11:00:58.338,14.3300,100
39663475827375,11:01:03.475,14.3500,135
39663475827375,11:01:03.475,14.3500,100
39671667975413,11:01:11.667,14.3400,700
39671668073488,11:01:11.668,14.3400,300
39678149938934,11:01:18.149,14.3600,30
39703680915514,11:01:43.680,14.3600,100
39707668285870,11:01:47.668,14.3500,100
39707668488927,11:01:47.668,14.3500,100
39707669662007,11:01:47.669,14.3500,400
39707669662007,11:01:47.669,14.3500,100
39708164333488,11:01:48.164,14.3500,100
39714325961586,11:01:54.325,14.3400,500
39714333682924,11:01:54.333,14.3400,100
39714333682924,11:01:54.333,14.3400,56
39714334189728,11:01:54.334,14.3400,44
39714334189728,11:01:54.334,14.3400,11
39714408346576,11:01:54.408,14.3400,100
39714408346576,11:01:54.408,14.3400,100
39714408346576,11:01:54.408,14.3400,100
39714408346576,11:01:54.408,14.3400,11
39714408346576,11:01:54.408,14.3400,500
39714408346576,11:01:54.408,14.3400,300
39714408426565,11:01:54.408,14.3400,100
39722311905636,11:02:02.311,14.3400,100
39724776987238,11:02:04.776,14.3500,100
39733349866135,11:02:13.349,14.3300,500
39733349866135,11:02:13.349,14.3300,100
39733349866135,11:02:13.349,14.3300,1000
39733349866135,11:02:13.349,14.3300,300
39733355355478,11:02:13.355,14.3300,100
39733355355478,11:02:13.355,14.3300,100
39733355355478,11:02:13.355,14.3300,11
39733355355478,11:02:13.355,14.3300,197
39733355371942,11:02:13.355,14.3300,303
39733374170772,11:02:13.374,14.3300,200
39733374170772,11:02:13.374,14.3300,200
39733374170772,11:02:13.374,14.3300,11
39733374170772,11:02:13.374,14.3300,100
39733374170772,11:02:13.374,14.3300,500
39733376437567,11:02:13.376,14.3300,200
39733376437567,11:02:13.376,14.3300,500
39733376437567,11:02:13.376,14.3300,300
39734342768107,11:02:14.342,14.3400,200
39739782880620,11:02:19.782,14.3400,100
39749913715002,11:02:29.913,14.3700,100
39749913715002,11:02:29.913,14.3700,100
39749913715002,11:02:29.913,14.3700,100
39749913958597,11:02:29.913,14.3700,100
39749913958597,11:02:29.913,14.3700,100
39749914481864,11:02:29.914,14.3700,300
39749914531014,11:02:29.914,14.3700,100
39749968515781,11:02:29.968,14.3700,100
39749968515781,11:02:29.968,14.3700,81
39749968559866,11:02:29.968,14.3700,19
39749968559866,11:02:29.968,14.3700,100
39750012935343,11:02:30.012,14.3700,200
39750012935343,11:02:30.012,14.3700,200
39750012935343,11:02:30.012,14.3700,1300
39750012935343,11:02:30.012,14.3700,300
39750060003938,11:02:30.060,14.3700,100
39750141084271,11:02:30.141,14.3700,100
39750141084271,11:02:30.141,14.3700,100
39750141084271,11:02:30.141,14.3700,100
39750147235914,11:02:30.147,14.3700,100
39750208069278,11:02:30.208,14.3700,100
39750221437208,11:02:30.221,14.3700,100
39750221437208,11:02:30.221,14.3700,400
39750259434423,11:02:30.259,14.3700,100
39750259434423,11:02:30.259,14.3700,3
39750277888534,11:02:30.277,14.3700,247
39750277897869,11:02:30.277,14.3700,250
39750513205002,11:02:30.513,14.3700,500
39750513205002,11:02:30.513,14.3700,100
39750518076380,11:02:30.518,14.3700,100
39750678644982,11:02:30.678,14.3700,200
39753743407219,11:02:33.743,14.3700,100
39754930114586,11:02:34.930,14.3800,100
39768505404322,11:02:48.505,14.3800,100
39775801547757,11:02:55.801,14.3800,100
39775801547757,11:02:55.801,14.3800,100
39775801547757,11:02:55.801,14.3800,100
39775801550527,11:02:55.801,14.3800,300
39775801594773,11:02:55.801,14.3800,100
39796663168185,11:03:16.663,14.3700,200
39799277551984,11:03:19.277,14.3400,400
39820693742164,11:03:40.693,14.3100,100
39820693783333,11:03:40.693,14.3100,100
39820694215181,11:03:40.694,14.3100,126
39820694559153,11:03:40.694,14.3100,100
39825380375595,11:03:45.380,14.3100,100
39826988416892,11:03:46.988,14.3100,100
39829198163867,11:03:49.198,14.3100,15
39831393405110,11:03:51.393,14.3200,500
39831393405110,11:03:51.393,14.3200,300
39831393405110,11:03:51.393,14.3200,1200
39831393405110,11:03:51.393,14.3200,100
39831393405110,11:03:51.393,14.3200,100
39831393509889,11:03:51.393,14.3200,100
39831393509889,11:03:51.393,14.3200,200
39831417201830,11:03:51.417,14.3200,100
39831417201830,11:03:51.417,14.3200,300
39831417201830,11:03:51.417,14.3200,500
39831417201830,11:03:51.417,14.3200,1200
39831417289627,11:03:51.417,14.3200,100
39831440511850,11:03:51.440,14.3200,100
39831440511850,11:03:51.440,14.3200,100
39831440511850,11:03:51.440,14.3200,1200
39831700557145,11:03:51.700,14.3200,100
39831700557145,11:03:51.700,14.3200,500
39844552985657,11:04:04.552,14.3300,144
39844553029531,11:04:04.553,14.3300,926
39846396969497,11:04:06.396,14.3300,10
39850084094743,11:04:10.084,14.3300,100
39850084127117,11:04:10.084,14.3300,100
39852323185443,11:04:12.323,14.3400,7
39873349649289,11:04:33.349,14.3500,100
39873349649289,11:04:33.349,14.3500,100
39878585843230,11:04:38.585,14.3700,56
39886266131088,11:04:46.266,14.3800,100
39886266168624,11:04:46.266,14.3800,200
39886742538274,11:04:46.742,14.3900,500
39886742546252,11:04:46.742,14.3900,100
39886742912798,11:04:46.742,14.3900,100
39886742912798,11:04:46.742,14.3900,200
39886742912798,11:04:46.742,14.3900,143
39886743013305,11:04:46.743,14.3900,257
39886743013305,11:04:46.743,14.3900,100
39886743117907,11:04:46.743,14.3900,100
39886743161916,11:04:46.743,14.3900,343
39886743221125,11:04:46.743,14.3900,57
39886743221125,11:04:46.743,14.3900,100
39886743299925,11:04:46.743,14.3900,100
39886743345232,11:04:46.743,14.3900,100
39886743414989,11:04:46.743,14.3900,100
39886743493929,11:04:46.743,14.3900,100
39886743572428,11:04:46.743,14.3900,100
39886743696588,11:04:46.743,14.3900,100
39893371046088,11:04:53.371,14.3800,43
39893371065481,11:04:53.371,14.3800,57
39902463562610,11:05:02.463,14.3900,100
39909870878341,11:05:09.870,14.3900,200
39912355772978,11:05:12.355,14.4000,8900
39912355772978,11:05:12.355,14.4000,100
39912355772978,11:05:12.355,14.4000,100
39912355772978,11:05:12.355,14.4000,4800
39912355783980,11:05:12.355,14.4000,1000
39912356153475,11:05:12.356,14.4000,300
39912356153475,11:05:12.356,14.4000,100
39912933957930,11:05:12.933,14.4100,500
39927695505702,11:05:27.695,14.4200,10
39931293534720,11:05:31.293,14.4200,200
39931293534720,11:05:31.293,14.4200,100
39931293534720,11:05:31.293,14.4200,100
39931293534720,11:05:31.293,14.4200,1200
39931293607042,11:05:31.293,14.4200,100
39931317024372,11:05:31.317,14.4200,300
39931317024372,11:05:31.317,14.4200,117
39931317024372,11:05:31.317,14.4200,34
39931317024372,11:05:31.317,14.4200,49
39931317024372,11:05:31.317,14.4200,100
39931317104420,11:05:31.317,14.4200,100
39931318118323,11:05:31.318,14.4200,100
39931339012306,11:05:31.339,14.4200,100
39931416203423,11:05:31.416,14.4200,200
39931546711808,11:05:31.546,14.4200,100
39931546711808,11:05:31.546,14.4200,100
39931546711808,11:05:31.546,14.4200,100
39931546711808,11:05:31.546,14.4200,200
39931546711808,11:05:31.546,14.4200,300
39931546825510,11:05:31.546,14.4200,100
39931547303798,11:05:31.547,14.4200,100
39931547354605,11:05:31.547,14.4200,900
39931547354605,11:05:31.547,14.4200,100
39931547969257,11:05:31.547,14.4200,800
39931547969257,11:05:31.547,14.4200,300
39931547969257,11:05:31.547,14.4200,100
39931570221410,11:05:31.570,14.4200,300
39931570221410,11:05:31.570,14.4200,100
39931570221410,11:05:31.570,14.4200,100
39931731825300,11:05:31.731,14.4200,300
39941706641529,11:05:41.706,14.4000,1000
39941706641529,11:05:41.706,14.4000,1000
39945498655447,11:05:45.498,14.4000,300
39945498655447,11:05:45.498,14.4000,1200
39945498655447,11:05:45.498,14.4000,100
39945498848068,11:05:45.498,14.4000,100
39945576222007,11:05:45.576,14.4000,1800
39951336114740,11:05:51.336,14.4000,400
39951695030829,11:05:51.695,14.4000,100
39951695030829,11:05:51.695,14.4000,104
39960119376482,11:06:00.119,14.4000,8896
39965124284013,11:06:05.124,14.4000,100
39965124454034,11:06:05.124,14.4000,100
39977500742600,11:06:17.500,14.3500,31
39986228687488,11:06:26.228,14.3500,400
39986228697813,11:06:26.228,14.3400,200
39986228697813,11:06:26.228,14.3400,400
39986228697813,11:06:26.228,14.3400,1200
39986228697813,11:06:26.228,14.3400,100
39986228697813,11:06:26.228,14.3400,100
39986228697813,11:06:26.228,14.3400,1000
39986228817168,11:06:26.228,14.3400,100
39986229091126,11:06:26.229,14.3400,100
39986230758972,11:06:26.230,14.3300,400
39986230758972,11:06:26.230,14.3300,500
39986230758972,11:06:26.230,14.3300,100
39986240473955,11:06:26.240,14.3200,100
39986240812303,11:06:26.240,14.3200,100
39986244659844,11:06:26.244,14.3200,100
39986244696358,11:06:26.244,14.3200,200
39986244696358,11:06:26.244,14.3200,100
39986244769783,11:06:26.244,14.3200,100
39986244791656,11:06:26.244,14.3200,100
39986244849573,11:06:26.244,14.3200,100
39986244883735,11:06:26.244,14.3200,100
39986244904763,11:06:26.244,14.3200,100
39986360489173,11:06:26.360,14.3300,50
39986360507236,11:06:26.360,14.3300,170
39986360922406,11:06:26.360,14.3300,180
39986405282761,11:06:26.405,14.3300,100
39986405282761,11:06:26.405,14.3300,200
39994821145059,11:06:34.821,14.3300,1000
39996555722202,11:06:36.555,14.3100,175
39996555809993,11:06:36.555,14.3100,199
39996555845358,11:06:36.555,14.3100,257
39996555907149,11:06:36.555,14.3100,169
40001842425863,11:06:41.842,14.3100,100
40006208506111,11:06:46.208,14.3300,100
40010396482821,11:06:50.396,14.3300,1000
40010396482821,11:06:50.396,14.3300,100
40010396482821,11:06:50.396,14.3300,400
40010396482821,11:06:50.396,14.3300,300
40010396482821,11:06:50.396,14.3300,200
40010407958254,11:06:50.407,14.3300,100
40010407958254,11:06:50.407,14.3300,400
40010408052351,11:06:50.408,14.3300,100
40010408052351,11:06:50.408,14.3300,100
40010408052351,11:06:50.408,14.3300,200
40010811974978,11:06:50.811,14.3300,400
40026017224088,11:07:06.017,14.3400,100
40026033669417,11:07:06.033,14.3500,100
40039088533034,11:07:19.088,14.3400,200
40039088533034,11:07:19.088,14.3400,100
40066752007211,11:07:46.752,14.3400,100
40076262852049,11:07:56.262,14.3500,50
40076262852049,11:07:56.262,14.3500,100
40080970985067,11:08:00.970,14.3600,400
40081790125611,11:08:01.790,14.3600,400
