timestamp,time,price,volume
34200770384764,09:30:00.770,21.5400,3918
34200772249836,09:30:00.772,21.3200,300
34411159860202,09:33:31.159,21.2800,200
34411161251350,09:33:31.161,21.2800,100
34918510623552,09:41:58.510,21.3800,40
35024134178325,09:43:44.134,21.3900,100
35713874587150,09:55:13.874,21.4800,100
35713890070515,09:55:13.890,21.4900,100
35918686836704,09:58:38.686,21.4600,33
37770786794500,10:29:30.786,21.4600,100
37770786800671,10:29:30.786,21.4600,100
38670751838394,10:44:30.751,21.4600,100
38812854027888,10:46:52.854,21.4700,50
38812854780926,10:46:52.854,21.4700,50
39222761339460,10:53:42.761,21.4700,165
39222761345666,10:53:42.761,21.4700,190
39222761356797,10:53:42.761,21.4700,45
39222761356797,10:53:42.761,21.4700,86
39222761382811,10:53:42.761,21.4700,114
39222761811232,10:53:42.761,21.4700,24
39222761994866,10:53:42.761,21.4700,76
39663401526777,11:01:03.401,21.4700,41
40148847134425,11:09:08.847,21.4900,100
40148847134425,11:09:08.847,21.4900,200
40148848145451,11:09:08.848,21.4900,100
40303268080108,11:11:43.268,21.4800,300
40964375574684,11:22:44.375,21.4700,200
40964375642022,11:22:44.375,21.4700,100
40964375659187,11:22:44.375,21.4700,24
40969126452931,11:22:49.126,21.4700,41
40969129207124,11:22:49.129,21.4700,41
41007230137412,11:23:27.230,21.4500,41
41007232735800,11:23:27.232,21.4450,41
41075842889320,11:24:35.842,21.4400,41
41075844025008,11:24:35.844,21.4300,41
41075857859915,11:24:35.857,21.4200,41
41075859524004,11:24:35.859,21.4200,42
41152197842897,11:25:52.197,21.4200,42
41152199176488,11:25:52.199,21.4100,41
41158629756852,11:25:58.629,21.4100,100
41192199141596,11:26:32.199,21.4400,100
42051112199904,11:40:51.112,21.4400,100
42051116890621,11:40:51.116,21.4400,100
42051116890621,11:40:51.116,21.4400,100
42051125941809,11:40:51.125,21.4300,100
42051129089281,11:40:51.129,21.4200,171
42051129092573,11:40:51.129,21.4200,58
42051129132434,11:40:51.129,21.4200,59
42051129155239,11:40:51.129,21.4200,112
43860436332646,12:11:00.436,21.4500,100
43860436332646,12:11:00.436,21.4500,111
43860436345165,12:11:00.436,21.4500,22
43860436345165,12:11:00.436,21.4500,84
43860436350376,12:11:00.436,21.4500,108
43860436352138,12:11:00.436,21.4500,75
43860436352138,12:11:00.436,21.4500,25
44164234585821,12:16:04.234,21.4500,100
44164234585821,12:16:04.234,21.4500,269
44225851360456,12:17:05.851,21.4500,100
44228903090906,12:17:08.903,21.4500,100
44228903090906,12:17:08.903,21.4500,100
44257933307802,12:17:37.933,21.4500,100
44257933307802,12:17:37.933,21.4500,31
44257933307802,12:17:37.933,21.4500,322
44257934290731,12:17:37.934,21.4500,100
44257934290731,12:17:37.934,21.4500,147
44257935449436,12:17:37.935,21.4450,71
44257937853497,12:17:37.937,21.4500,28
44259731560208,12:17:39.731,21.4500,72
44259731560208,12:17:39.731,21.4500,28
44382282644339,12:19:42.282,21.4500,72
44382282644339,12:19:42.282,21.4500,100
44382282644339,12:19:42.282,21.4500,155
44382282644339,12:19:42.282,21.4500,73
44498832420290,12:21:38.832,21.4500,100
44498832420290,12:21:38.832,21.4500,200
44526623282087,12:22:06.623,21.4500,100
44540875721616,12:22:20.875,21.4500,100
44540875721616,12:22:20.875,21.4500,128
44540875721616,12:22:20.875,21.4500,306
44567026223871,12:22:47.026,21.4700,100
44569528825237,12:22:49.528,21.4800,42
44569532008466,12:22:49.532,21.4800,41
44569533077824,12:22:49.533,21.4800,41
44569534429287,12:22:49.534,21.4800,41
44569535667432,12:22:49.535,21.4800,18
44689073156130,12:24:49.073,21.4800,20
45356139097407,12:35:56.139,21.4900,100
48215054151944,13:23:35.054,21.4950,30
48505281649885,13:28:25.281,21.4950,100
49159420749625,13:39:19.420,21.4900,400
49168853661693,13:39:28.853,21.4900,200
49427106824369,13:43:47.106,21.4900,100
49628042369097,13:47:08.042,21.4900,100
49633257117795,13:47:13.257,21.4900,300
49633257158389,13:47:13.257,21.4900,41
49633258531723,13:47:13.258,21.4900,41
49637872560166,13:47:17.872,21.4800,41
49637872560166,13:47:17.872,21.4800,159
49678554426148,13:47:58.554,21.4800,54
49678554426148,13:47:58.554,21.4800,41
49688532448570,13:48:08.532,21.4500,41
49688537879780,13:48:08.537,21.4450,41
49692059672702,13:48:12.059,21.4450,100
49712452240096,13:48:32.452,21.4600,18
49726885649107,13:48:46.885,21.4600,700
49744397166285,13:49:04.397,21.4900,100
49744397166285,13:49:04.397,21.4900,730
49744399670620,13:49:04.399,21.4900,100
49744399683347,13:49:04.399,21.4900,200
49984323656224,13:53:04.323,21.5000,40
49984323656224,13:53:04.323,21.5000,22
50408597761976,14:00:08.597,21.5000,100
50414808257865,14:00:14.808,21.5000,100
50696058991545,14:04:56.058,21.4900,226
50696059163578,14:04:56.059,21.4900,674
50696059163578,14:04:56.059,21.4900,41
50705174604998,14:05:05.174,21.4950,100
50705176424107,14:05:05.176,21.4950,100
50705177430541,14:05:05.177,21.4950,100
50764147736996,14:06:04.147,21.5200,200
50764147736996,14:06:04.147,21.5200,100
51064427274929,14:11:04.427,21.5700,100
51066136112666,14:11:06.136,21.5400,200
51093423900596,14:11:33.423,21.5200,100
51165958534581,14:12:45.958,21.5200,100
51175733107016,14:12:55.733,21.5200,200
51175733107016,14:12:55.733,21.5200,100
51777168174937,14:22:57.168,21.6050,100
51782327083683,14:23:02.327,21.6050,100
52023703226168,14:27:03.703,21.5900,26
52023703347906,14:27:03.703,21.5900,58
52027218301242,14:27:07.218,21.5900,200
52027218301242,14:27:07.218,21.5900,400
52027218337777,14:27:07.218,21.5900,40
52027218357199,14:27:07.218,21.5900,100
52027218384929,14:27:07.218,21.5900,100
52027218402099,14:27:07.218,21.5900,100
52027218532981,14:27:07.218,21.5900,23
52027219118526,14:27:07.219,21.5900,137
52232181707277,14:30:32.181,21.5900,31
52232181765603,14:30:32.181,21.5900,69
52232181831823,14:30:32.181,21.5900,100
52457962101843,14:34:17.962,21.6100,64
52457962130470,14:34:17.962,21.6100,36
52651446604838,14:37:31.446,21.6100,100
52651447122789,14:37:31.447,21.6100,6
52651447598996,14:37:31.447,21.6050,7
52651447892782,14:37:31.447,21.6100,7
52651448183131,14:37:31.448,21.6100,37
52800391377463,14:40:00.391,21.6000,200
52800391416085,14:40:00.391,21.6000,73
52800391424452,14:40:00.391,21.6000,127
52800391424452,14:40:00.391,21.6000,73
52800391444064,14:40:00.391,21.6000,37
52800391848423,14:40:00.391,21.6000,128
52800400943056,14:40:00.400,21.6000,272
52800401017850,14:40:00.401,21.6000,100
52800401378808,14:40:00.401,21.6000,100
52800401379295,14:40:00.401,21.6000,107
52800401723110,14:40:00.401,21.6000,93
52800401723110,14:40:00.401,21.6000,90
52800403709882,14:40:00.403,21.5900,55
52800404366670,14:40:00.404,21.5900,78
52800404372425,14:40:00.404,21.5900,39
52800404380401,14:40:00.404,21.5900,11
52800420099312,14:40:00.420,21.5500,41
52800675381103,14:40:00.675,21.5500,41
52831808865324,14:40:31.808,21.5500,3
52831809071247,14:40:31.809,21.5500,47
52831809080607,14:40:31.809,21.5500,73
52831809090395,14:40:31.809,21.5500,77
52831809090395,14:40:31.809,21.5500,157
52831809092396,14:40:31.809,21.5500,36
52831809099056,14:40:31.809,21.5500,37
52831809130095,14:40:31.809,21.5500,270
53022668564221,14:43:42.668,21.5500,200
53022670377190,14:43:42.670,21.5400,41
53022683444750,14:43:42.683,21.5200,41
53022685698983,14:43:42.685,21.5100,200
53022685698983,14:43:42.685,21.5100,300
53022692046042,14:43:42.692,21.5100,41
53189110276876,14:46:29.110,21.5400,100
53535460496304,14:52:15.460,21.5400,200
53637407944034,14:53:57.407,21.5500,100
54025201963637,15:00:25.201,21.5800,8
54040123466412,15:00:40.123,21.5800,67
54040123480566,15:00:40.123,21.5800,33
54232451467575,15:03:52.451,21.5900,200
54359658375240,15:05:59.658,21.5900,100
54372805661790,15:06:12.805,21.5800,41
54372805661790,15:06:12.805,21.5800,59
54372805746251,15:06:12.805,21.5800,1041
54372805746251,15:06:12.805,21.5800,200
54372805746251,15:06:12.805,21.5700,200
54372806655089,15:06:12.806,21.5800,100
54372806658726,15:06:12.806,21.5800,100
54372806929815,15:06:12.806,21.5800,41
54372809998081,15:06:12.809,21.5700,32
54372810531118,15:06:12.810,21.5700,9
54372810531118,15:06:12.810,21.5700,270
54372810725340,15:06:12.810,21.5700,30
54380903203372,15:06:20.903,21.5600,41
54381688022761,15:06:21.688,21.5600,41
54381688839265,15:06:21.688,21.5600,41
54384343287790,15:06:24.343,21.5500,41
54384355423245,15:06:24.355,21.5400,41
54385363188187,15:06:25.363,21.5500,80
54385363188187,15:06:25.363,21.5500,59
54385363188187,15:06:25.363,21.5500,61
54385363188187,15:06:25.363,21.5500,200
54385363676985,15:06:25.363,21.5400,12
54385363676985,15:06:25.363,21.5400,100
54385366316587,15:06:25.366,21.5400,12
54385366316587,15:06:25.366,21.5400,10
54413995881301,15:06:53.995,21.5500,100
54413995881301,15:06:53.995,21.5500,33
54413995889684,15:06:53.995,21.5500,14
55236650398443,15:20:36.650,21.6000,36
55236650414151,15:20:36.650,21.6000,34
55250638878230,15:20:50.638,21.6000,30
55532039789134,15:25:32.039,21.6600,29
55532039789134,15:25:32.039,21.6600,71
55562076771222,15:26:02.076,21.6600,2
55562076807862,15:26:02.076,21.6600,36
55562076852911,15:26:02.076,21.6600,36
55562076865504,15:26:02.076,21.6600,2
55562076928048,15:26:02.076,21.6600,32
55712277231257,15:28:32.277,21.7300,21
55712277231257,15:28:32.277,21.7300,79
55725369935794,15:28:45.369,21.7100,100
55735683640434,15:28:55.683,21.7200,84
55742451873268,15:29:02.451,21.7100,100
55742451873268,15:29:02.451,21.7100,300
55742453216292,15:29:02.453,21.7100,10
55757326425992,15:29:17.326,21.6850,200
55810905714340,15:30:10.905,21.6800,13
55825392849511,15:30:25.392,21.6500,200
55825392849511,15:30:25.392,21.6500,200
55825396478333,15:30:25.396,21.6200,150
56252921287386,15:37:32.921,21.6200,100
56252921535065,15:37:32.921,21.6200,100
56256653119489,15:37:36.653,21.6200,100
56256653119489,15:37:36.653,21.6200,100
56256653293920,15:37:36.653,21.6200,100
56256653457132,15:37:36.653,21.6200,89
56256653461448,15:37:36.653,21.6200,11
56256653468097,15:37:36.653,21.6200,11
56256653514146,15:37:36.653,21.6200,11
56256653654309,15:37:36.653,21.6100,200
56256654126700,15:37:36.654,21.6200,100
56256654126700,15:37:36.654,21.6200,68
56256655063979,15:37:36.655,21.6100,100
56256655063979,15:37:36.655,21.6100,10
56259534962846,15:37:39.534,21.5700,100
56259535100990,15:37:39.535,21.5700,100
56259535135820,15:37:39.535,21.5700,189
56259535181136,15:37:39.535,21.5700,11
56259535181136,15:37:39.535,21.5700,5
56259535231809,15:37:39.535,21.5700,95
56259536159797,15:37:39.536,21.5700,189
56259536183850,15:37:39.536,21.5700,1
56259536195840,15:37:39.536,21.5700,10
56781395724060,15:46:21.395,21.6400,100
56818717885868,15:46:58.717,21.6800,100
56904192976025,15:48:24.192,21.6800,100
56929270546053,15:48:49.270,21.6700,100
56943527691463,15:49:03.527,21.6900,100
57277376279728,15:54:37.376,21.7300,53
57318459034188,15:55:18.459,21.7400,100
57318459034188,15:55:18.459,21.7400,100
57328497224578,15:55:28.497,21.7500,100
57337515310155,15:55:37.515,21.7500,100
57352529011552,15:55:52.529,21.7500,300
57352529283307,15:55:52.529,21.7500,8
57363315389144,15:56:03.315,21.7500,200
57363318884993,15:56:03.318,21.7500,33
57363318901383,15:56:03.318,21.7500,30
57363318902874,15:56:03.318,21.7500,2
57367570085786,15:56:07.570,21.7600,100
57367573001394,15:56:07.573,21.7600,31
57378567630554,15:56:18.567,21.7600,200
57378567894872,15:56:18.567,21.7600,33
57402614199287,15:56:42.614,21.7700,100
57402840412032,15:56:42.840,21.7900,100
57417855470579,15:56:57.855,21.7900,300
57431873122651,15:57:11.873,21.7800,100
57444886079951,15:57:24.886,21.7900,200
57444886079951,15:57:24.886,21.7900,100
57456918220223,15:57:36.918,21.7900,100
57467939567864,15:57:47.939,21.7900,123
57475984756208,15:57:55.984,21.7900,200
57484992487106,15:58:04.992,21.7900,100
57500023471526,15:58:20.023,21.7900,300
57515036986160,15:58:35.036,21.7900,300
57529058005769,15:58:49.058,21.7900,23
57529058005769,15:58:49.058,21.7900,77
57537364163130,15:58:57.364,21.7700,400
57537364163130,15:58:57.364,21.7700,300
57537364163130,15:58:57.364,21.7700,78
57537364192075,15:58:57.364,21.7700,222
57537364192075,15:58:57.364,21.7700,100
57537364192075,15:58:57.364,21.7700,200
57537365205632,15:58:57.365,21.7700,200
57537367975651,15:58:57.367,21.7700,100
57542355089401,15:59:02.355,21.7700,100
57542355089401,15:59:02.355,21.7700,300
57542355089401,15:59:02.355,21.7700,100
57542355089401,15:59:02.355,21.7700,300
57542355089401,15:59:02.355,21.7700,10
57542355089401,15:59:02.355,21.7700,190
57542355333902,15:59:02.355,21.7700,10
57554872729376,15:59:14.872,21.7700,400
57554872729376,15:59:14.872,21.7700,300
57554872729376,15:59:14.872,21.7700,300
57554872965802,15:59:14.872,21.7700,43
57554894909914,15:59:14.894,21.7700,100
57554901174017,15:59:14.901,21.7700,77
57591658257173,15:59:51.658,21.7900,148
57595704526066,15:59:55.704,21.7800,100
57595704526066,15:59:55.704,21.7900,75
57595704526066,15:59:55.704,21.7900,100
57595704526066,15:59:55.704,21.7900,200
57595705066810,15:59:55.705,21.8000,2725
57595705145189,15:59:55.705,21.8000,33
57600746785502,16:00:00.746,21.8000,395
