timestamp,time,price,volume
34200696704028,09:30:00.696,16.0500,2037
34367779354816,09:32:47.779,16.1400,100
34368398923191,09:32:48.398,16.1700,100
34368398947569,09:32:48.398,16.1700,159
34368597900913,09:32:48.597,16.2000,100
34368597925020,09:32:48.597,16.2000,400
34368598031504,09:32:48.598,16.2100,100
34491799572878,09:34:51.799,16.1300,100
34491799572878,09:34:51.799,16.1300,96
34491799572878,09:34:51.799,16.1300,4
34491799598769,09:34:51.799,16.1300,82
34491811910269,09:34:51.811,16.0800,100
34491811919825,09:34:51.811,16.0800,100
34491811920468,09:34:51.811,16.0800,100
34491812207357,09:34:51.812,16.0700,100
34513009044813,09:35:13.009,16.0700,100
34513009044813,09:35:13.009,16.0700,100
34513009358944,09:35:13.009,16.0700,100
34513009363061,09:35:13.009,16.0700,100
34513015227606,09:35:13.015,16.0900,400
34513015251113,09:35:13.015,16.0900,3382
34513015287534,09:35:13.015,16.0900,500
34513015291883,09:35:13.015,16.0900,100
34513015339260,09:35:13.015,16.0900,200
34513015684174,09:35:13.015,16.0900,78
34513015700873,09:35:13.015,16.0900,39
34517052754233,09:35:17.052,16.0900,200
34517053063354,09:35:17.053,16.0900,100
34517053104388,09:35:17.053,16.0900,2059
34517053162119,09:35:17.053,16.0900,1494
34517053168328,09:35:17.053,16.0900,948
34521861714702,09:35:21.861,16.1800,3
34597936134028,09:36:37.936,16.0700,4
34756025550085,09:39:16.025,16.0500,100
34860683037471,09:41:00.683,16.0700,59
34860683038784,09:41:00.683,16.0700,41
34860683038784,09:41:00.683,16.0700,59
34860683044942,09:41:00.683,16.0700,41
34900017404710,09:41:40.017,16.0200,100
34900017404710,09:41:40.017,16.0200,100
35052215208965,09:44:12.215,16.0600,200
35203911079320,09:46:43.911,16.0300,100
35233977544191,09:47:13.977,15.9900,100
35233977662829,09:47:13.977,15.9900,100
35233977666123,09:47:13.977,15.9900,100
35650153436423,09:54:10.153,15.9800,100
35650153874011,09:54:10.153,15.9800,7
35650153888826,09:54:10.153,15.9800,1
36007462808745,10:00:07.462,15.9500,100
36007462808745,10:00:07.462,15.9500,100
36007463853929,10:00:07.463,15.9400,37
36007463857896,10:00:07.463,15.9400,40
36007463866071,10:00:07.463,15.9400,23
36007463866071,10:00:07.463,15.9400,37
36007463878895,10:00:07.463,15.9400,63
36007463878895,10:00:07.463,15.9400,100
36015253053000,10:00:15.253,15.9300,100
36026144758423,10:00:26.144,15.9200,100
36067024979074,10:01:07.024,15.9400,100
36262020417506,10:04:22.020,15.9700,1
36307508859292,10:05:07.508,15.9400,10
36307508859292,10:05:07.508,15.9400,100
36307508859292,10:05:07.508,15.9400,90
36307508897791,10:05:07.508,15.9400,10
36307509600540,10:05:07.509,15.9300,100
36329975452282,10:05:29.975,15.9300,100
36338189483478,10:05:38.189,15.9200,56
36338189483478,10:05:38.189,15.9200,44
36338191072905,10:05:38.191,15.9000,200
36338191072905,10:05:38.191,15.9000,350
36338191072905,10:05:38.191,15.9000,50
36382432922275,10:06:22.432,15.9300,100
36382432993327,10:06:22.432,15.9400,12
36382433003237,10:06:22.433,15.9400,1
36424094209256,10:07:04.094,15.9500,91
36424094291893,10:07:04.094,15.9500,9
36585256451283,10:09:45.256,15.9700,100
36707094784698,10:11:47.094,15.9900,9
36770227136407,10:12:50.227,15.9800,100
36770227136407,10:12:50.227,15.9800,100
36778129395236,10:12:58.129,15.9700,10
36778129395236,10:12:58.129,15.9700,56
36778129395236,10:12:58.129,15.9700,100
36784426404677,10:13:04.426,15.9600,100
36784426404677,10:13:04.426,15.9600,100
36784437353127,10:13:04.437,15.9500,100
36784437353127,10:13:04.437,15.9500,100
36784437353127,10:13:04.437,15.9500,100
36784437353127,10:13:04.437,15.9500,100
36784437353127,10:13:04.437,15.9500,100
36896148417883,10:14:56.148,15.9600,100
36896148417883,10:14:56.148,15.9600,100
36939087254283,10:15:39.087,15.9500,100
37039913138429,10:17:19.913,15.9500,100
37039913165971,10:17:19.913,15.9500,5
37091513179692,10:18:11.513,15.9550,100
37091513358284,10:18:11.513,15.9550,200
37091513360622,10:18:11.513,15.9400,100
37091513360622,10:18:11.513,15.9400,100
37226959532997,10:20:26.959,15.9600,100
37577567769038,10:26:17.567,16.0000,20
37577567769038,10:26:17.567,16.0000,100
37673522281574,10:27:53.522,16.0000,100
37691314439800,10:28:11.314,16.0000,100
37691314439800,10:28:11.314,16.0000,100
37691314439800,10:28:11.314,15.9900,100
37691314439800,10:28:11.314,15.9900,100
37701189055304,10:28:21.189,16.0000,100
37724199510686,10:28:44.199,15.9900,9
37726507481625,10:28:46.507,15.9900,21
37833268949404,10:30:33.268,16.0000,100
37833268992162,10:30:33.268,16.0000,146
37833268994282,10:30:33.268,16.0000,37
37906760688006,10:31:46.760,15.9900,300
37906760688006,10:31:46.760,15.9900,100
37906760688006,10:31:46.760,15.9900,100
37906760688006,10:31:46.760,15.9900,200
38024545758697,10:33:44.545,15.9400,9
38036406220076,10:33:56.406,15.9700,1
38154878377263,10:35:54.878,15.9800,66
38154878377263,10:35:54.878,15.9800,34
38154878409124,10:35:54.878,15.9800,66
38154878875550,10:35:54.878,15.9900,72
38154878901317,10:35:54.878,15.9900,28
38154878901317,10:35:54.878,15.9900,100
38157715506212,10:35:57.715,16.0500,100
38157715506212,10:35:57.715,16.0500,73
38179231387558,10:36:19.231,16.0200,200
38179231387558,10:36:19.231,16.0100,100
38179231387558,10:36:19.231,16.0100,100
38179231387558,10:36:19.231,16.0100,28
38179231387558,10:36:19.231,16.0100,100
38179231387558,10:36:19.231,16.0100,8
38179231387558,10:36:19.231,16.0000,100
38179231387558,10:36:19.231,16.0000,64
38179233066714,10:36:19.233,16.0000,36
38179233093934,10:36:19.233,16.0000,100
38385486595903,10:39:45.486,15.9700,1
38385486595903,10:39:45.486,15.9700,100
38385486595903,10:39:45.486,15.9700,100
38385486595903,10:39:45.486,15.9700,199
38385486788390,10:39:45.486,15.9700,15
38385486797117,10:39:45.486,15.9700,86
38385487159166,10:39:45.487,15.9700,12
38385487159166,10:39:45.487,15.9700,32
38386300518435,10:39:46.300,15.9600,100
38472236333848,10:41:12.236,15.9500,100
38476301196475,10:41:16.301,15.9450,100
38492249367787,10:41:32.249,15.9500,100
38615493669168,10:43:35.493,15.9700,46
38615493751383,10:43:35.493,15.9700,23
38615493781255,10:43:35.493,15.9700,31
38624128271424,10:43:44.128,15.9800,100
38738641924926,10:45:38.641,16.0000,100
38738641924926,10:45:38.641,16.0000,8
38738642342937,10:45:38.642,16.0000,11
38738642427786,10:45:38.642,16.0000,6
38753426748342,10:45:53.426,15.9900,37
38753426748342,10:45:53.426,15.9800,100
38753426748342,10:45:53.426,15.9800,63
38753426867030,10:45:53.426,15.9800,14
38753426951198,10:45:53.426,15.9800,23
38761672652941,10:46:01.672,15.9700,100
38761676574324,10:46:01.676,15.9700,4
38761676598604,10:46:01.676,15.9700,96
38767290733478,10:46:07.290,15.9900,100
38767291284719,10:46:07.291,16.0000,100
38774737160177,10:46:14.737,16.0000,100
38774737160177,10:46:14.737,16.0000,100
38775283018814,10:46:15.283,16.0200,100
38776624634431,10:46:16.624,16.0300,100
38798746601425,10:46:38.746,16.0200,100
38798746867966,10:46:38.746,16.0200,200
38819687727691,10:46:59.687,16.0200,100
38966094369998,10:49:26.094,16.0500,100
38975695721619,10:49:35.695,16.0500,100
39021070680398,10:50:21.070,16.0500,100
39163892742836,10:52:43.892,16.0600,5
39163903624568,10:52:43.903,16.0800,50
39163903624568,10:52:43.903,16.0800,50
39163911039365,10:52:43.911,16.0800,100
39174751076637,10:52:54.751,16.0900,9
39174751076637,10:52:54.751,16.0900,91
39206317577958,10:53:26.317,16.1000,100
39218181275784,10:53:38.181,16.0700,5
39218181275784,10:53:38.181,16.0700,8
39218181275784,10:53:38.181,16.0600,100
39218181275784,10:53:38.181,16.0600,100
39218181275784,10:53:38.181,16.0600,100
39218181275784,10:53:38.181,16.0600,100
39218181275784,10:53:38.181,16.0600,100
39218181275784,10:53:38.181,16.0600,100
39218181275784,10:53:38.181,16.0600,15
39218181275784,10:53:38.181,16.0600,100
39218181275784,10:53:38.181,16.0600,85
39218182012782,10:53:38.182,16.0600,1
39218182039125,10:53:38.182,16.0600,99
39218182039125,10:53:38.182,16.0600,100
39218182039125,10:53:38.182,16.0600,100
39218182039125,10:53:38.182,16.0600,15
39218182039125,10:53:38.182,16.0600,85
39218182097293,10:53:38.182,16.0600,15
39218316339431,10:53:38.316,16.0600,80
39284238645503,10:54:44.238,16.0600,20
39284238645503,10:54:44.238,16.0600,80
39284238676676,10:54:44.238,16.0600,20
39412549717283,10:56:52.549,16.0900,99
39412549804665,10:56:52.549,16.0900,1
39412549804665,10:56:52.549,16.0900,200
39412551268552,10:56:52.551,16.0900,200
39412551447997,10:56:52.551,16.0900,200
39412551447997,10:56:52.551,16.0900,200
39413975439367,10:56:53.975,16.0800,100
39433319625792,10:57:13.319,16.0900,10
39433323571037,10:57:13.323,16.0900,90
39462177520635,10:57:42.177,16.0900,9
39462177520635,10:57:42.177,16.0900,100
39851700790367,11:04:11.700,16.1400,1
39957295585172,11:05:57.295,16.1400,4
40024104021119,11:07:04.104,16.1300,100
40024143589657,11:07:04.143,16.1300,50
40024143668799,11:07:04.143,16.1300,48
40024143668799,11:07:04.143,16.1300,2
40024143668799,11:07:04.143,16.1300,50
40086478468880,11:08:06.478,16.1200,100
40086478468880,11:08:06.478,16.1200,100
40086478468880,11:08:06.478,16.1200,200
40086478468880,11:08:06.478,16.1200,15
40086547175547,11:08:06.547,16.1200,100
40086547261556,11:08:06.547,16.1200,100
40086547991028,11:08:06.547,16.1200,100
40088340506985,11:08:08.340,16.1200,100
40088340506985,11:08:08.340,16.1200,98
40088340709767,11:08:08.340,16.1300,10
40088342440355,11:08:08.342,16.1400,92
40088342461125,11:08:08.342,16.1300,200
40088342465463,11:08:08.342,16.1400,408
40088547155768,11:08:08.547,16.1400,100
40088547197498,11:08:08.547,16.1400,100
40088547597451,11:08:08.547,16.1400,100
40206017456757,11:10:06.017,16.1800,100
40206017456757,11:10:06.017,16.1800,100
40206017828425,11:10:06.017,16.1800,100
40206018000963,11:10:06.018,16.1800,100
40206018006475,11:10:06.018,16.1800,100
40324473586671,11:12:04.473,16.1900,100
40324473586671,11:12:04.473,16.1900,100
40368463645885,11:12:48.463,16.2000,100
40413923675567,11:13:33.923,16.2000,96
40413923718374,11:13:33.923,16.2000,4
40413923718374,11:13:33.923,16.2000,59
40413923719145,11:13:33.923,16.2000,100
40413923735477,11:13:33.923,16.2000,41
40413923735477,11:13:33.923,16.2000,100
40413923735477,11:13:33.923,16.2000,1
40413923735477,11:13:33.923,16.2000,100
40437171144764,11:13:57.171,16.2100,200
40437171169658,11:13:57.171,16.2100,300
40437171169658,11:13:57.171,16.2100,100
40437171593873,11:13:57.171,16.2100,100
40441295664124,11:14:01.295,16.2200,100
40466738727892,11:14:26.738,16.2100,15
40466738727892,11:14:26.738,16.2100,6
40513013998660,11:15:13.013,16.2350,300
40616645825296,11:16:56.645,16.2400,100
40616645825296,11:16:56.645,16.2300,100
40616646251224,11:16:56.646,16.2300,100
40647435060989,11:17:27.435,16.2200,100
40647435060989,11:17:27.435,16.2200,1
40647435112111,11:17:27.435,16.2200,100
40647435556563,11:17:27.435,16.2200,60
40687781665869,11:18:07.781,16.2200,90
40730131886497,11:18:50.131,16.2200,10
40730131886497,11:18:50.131,16.2200,100
40769783923754,11:19:29.783,16.2200,100
40772244173119,11:19:32.244,16.2200,100
40824787918466,11:20:24.787,16.2200,100
40824787918466,11:20:24.787,16.2200,100
40829766717290,11:20:29.766,16.2200,210
40829766762495,11:20:29.766,16.2200,90
40854249068915,11:20:54.249,16.2400,100
40874001287477,11:21:14.001,16.2400,100
40926326585643,11:22:06.326,16.2300,8
41048210887571,11:24:08.210,16.2400,100
41048211323237,11:24:08.211,16.2400,54
41144069000174,11:25:44.069,16.2550,100
41206320194170,11:26:46.320,16.2700,4
41223465637241,11:27:03.465,16.2400,100
41223465701405,11:27:03.465,16.2400,13
41223465906299,11:27:03.465,16.2400,31
41223466067076,11:27:03.466,16.2400,44
41223466075995,11:27:03.466,16.2400,100
41223466082271,11:27:03.466,16.2400,25
41225715787261,11:27:05.715,16.2400,100
41233251267031,11:27:13.251,16.2400,75
41272088080942,11:27:52.088,16.2400,100
41306414441636,11:28:26.414,16.2250,100
41308559853138,11:28:28.559,16.2200,100
41383350064467,11:29:43.350,16.2000,246
41383350099194,11:29:43.350,16.2000,154
41387087967842,11:29:47.087,16.2100,8
41524136327138,11:32:04.136,16.2200,62
41524136432003,11:32:04.136,16.2200,38
41524136432003,11:32:04.136,16.2200,100
41539008401203,11:32:19.008,16.2200,100
41577284533605,11:32:57.284,16.2400,100
41601940255461,11:33:21.940,16.2200,100
41601962279555,11:33:21.962,16.2100,8
41601962279555,11:33:21.962,16.2100,100
41601962279555,11:33:21.962,16.2100,15
41601962279555,11:33:21.962,16.2100,100
41601962279555,11:33:21.962,16.2100,100
41601988919723,11:33:21.988,16.2000,100
41602047308399,11:33:22.047,16.1900,100
41602049595277,11:33:22.049,16.1900,100
41602052564908,11:33:22.052,16.2000,39
41602060386371,11:33:22.060,16.2000,2
41736176031258,11:35:36.176,16.2000,200
41746253162556,11:35:46.253,16.2000,100
41844337465189,11:37:24.337,16.1800,11
41871170446158,11:37:51.170,16.1800,89
41871170446158,11:37:51.170,16.1800,76
41871170446158,11:37:51.170,16.1800,35
41871170479834,11:37:51.170,16.1800,65
41928043361935,11:38:48.043,16.1800,68
41928043552032,11:38:48.043,16.1700,20
41928043552032,11:38:48.043,16.1700,8
41928043552032,11:38:48.043,16.1700,54
41928043602827,11:38:48.043,16.1700,46
41997257511352,11:39:57.257,16.1900,10
42132484968771,11:42:12.484,16.2100,100
42132485537158,11:42:12.485,16.2100,100
42132678669759,11:42:12.678,16.2200,100
42134012930026,11:42:14.012,16.2000,100
42134012930026,11:42:14.012,16.2000,100
42134012930026,11:42:14.012,16.2000,100
42134013131128,11:42:14.013,16.2000,100
42134013131128,11:42:14.013,16.2000,100
42134017912281,11:42:14.017,16.2000,100
42134019459777,11:42:14.019,16.2000,100
42134020260303,11:42:14.020,16.2000,200
42134024100264,11:42:14.024,16.2000,100
42134024752667,11:42:14.024,16.2000,100
42134024752667,11:42:14.024,16.1900,100
42134034392872,11:42:14.034,16.1800,100
42134084872159,11:42:14.084,16.1800,100
42134084872159,11:42:14.084,16.1800,100
42134084872159,11:42:14.084,16.1900,100
42134084872159,11:42:14.084,16.1900,200
42134084872159,11:42:14.084,16.2000,300
42134084872159,11:42:14.084,16.2000,100
42166077299156,11:42:46.077,16.2000,100
42166082129999,11:42:46.082,16.2000,100
42166082129999,11:42:46.082,16.2000,100
42201302266235,11:43:21.302,16.2000,100
42201302266235,11:43:21.302,16.2000,100
42201302266235,11:43:21.302,16.2000,1
42201305548979,11:43:21.305,16.1900,100
42201305548979,11:43:21.305,16.1900,100
42201305548979,11:43:21.305,16.1900,100
42201308229786,11:43:21.308,16.1600,100
42201309418815,11:43:21.309,16.1600,100
42201311431987,11:43:21.311,16.1500,100
42201311431987,11:43:21.311,16.1500,100
42201313640727,11:43:21.313,16.1400,100
42201313640727,11:43:21.313,16.1400,300
42201313640727,11:43:21.313,16.1400,100
42201313640727,11:43:21.313,16.1400,100
42201313640727,11:43:21.313,16.1400,100
42258081588899,11:44:18.081,16.1600,190
42258081626315,11:44:18.081,16.1600,210
42259083318073,11:44:19.083,16.1600,100
42259083318073,11:44:19.083,16.1600,100
42292087014220,11:44:52.087,16.1700,100
42292087014220,11:44:52.087,16.1700,100
42305945737006,11:45:05.945,16.1800,10
42305945767751,11:45:05.945,16.1800,90
42342093121075,11:45:42.093,16.1900,10
42477727309661,11:47:57.727,16.1700,100
42477727309661,11:47:57.727,16.1700,10
42477727309661,11:47:57.727,16.1700,8
42477904772782,11:47:57.904,16.1800,200
42477904772782,11:47:57.904,16.1800,100
42477904772782,11:47:57.904,16.1900,100
42514923235556,11:48:34.923,16.1800,100
42514923235556,11:48:34.923,16.1800,100
42514927185990,11:48:34.927,16.1700,200
42514927185990,11:48:34.927,16.1700,100
42515101558423,11:48:35.101,16.1850,300
42515103852273,11:48:35.103,16.1900,90
42515110003897,11:48:35.110,16.2000,100
42547587535073,11:49:07.587,16.1900,1
42547591212422,11:49:07.591,16.1900,99
42547597987420,11:49:07.597,16.1800,200
42547597987420,11:49:07.597,16.1800,300
42547607374566,11:49:07.607,16.1700,100
42547816443939,11:49:07.816,16.1650,200
42574879156647,11:49:34.879,16.1600,100
42814317336313,11:53:34.317,16.1700,100
42814317336313,11:53:34.317,16.1700,30
42814317339251,11:53:34.317,16.1700,70
42866128890519,11:54:26.128,16.2000,100
43020249475715,11:57:00.249,16.2500,100
43052056885622,11:57:32.056,16.2500,100
43107319900342,11:58:27.319,16.2500,100
43133538189362,11:58:53.538,16.2600,100
43154541754884,11:59:14.541,16.2600,100
43154541754884,11:59:14.541,16.2600,100
43244500335883,12:00:44.500,16.2700,100
43244500335883,12:00:44.500,16.2700,100
43244500335883,12:00:44.500,16.2700,100
43244500692624,12:00:44.500,16.2600,100
43244500693844,12:00:44.500,16.2600,100
43244501035756,12:00:44.501,16.2600,100
43244504959116,12:00:44.504,16.2500,200
43244504959116,12:00:44.504,16.2500,200
43244504959116,12:00:44.504,16.2500,100
43244754280377,12:00:44.754,16.2500,200
43262755505863,12:01:02.755,16.2500,200
43290581311338,12:01:30.581,16.2400,100
43290850610534,12:01:30.850,16.2400,24
43290851847002,12:01:30.851,16.2400,76
43290851909356,12:01:30.851,16.2400,69
43373196537322,12:02:53.196,16.2400,100
43373196569763,12:02:53.196,16.2400,100
43384125960222,12:03:04.125,16.2400,66
43384125977528,12:03:04.125,16.2400,34
43424431740822,12:03:44.431,16.2300,100
43426843739238,12:03:46.843,16.2400,1
43556750009647,12:05:56.750,16.2400,100
43557660024292,12:05:57.660,16.2400,200
43587038023967,12:06:27.038,16.2300,8
43587043216789,12:06:27.043,16.2200,100
43587043216789,12:06:27.043,16.2200,100
43587043216789,12:06:27.043,16.2200,100
43587043216789,12:06:27.043,16.2200,100
43587043216789,12:06:27.043,16.2200,20
43587072493708,12:06:27.072,16.2000,100
43587072493708,12:06:27.072,16.2000,100
43587072493708,12:06:27.072,16.2000,100
43587100019687,12:06:27.100,16.1800,100
43587100019687,12:06:27.100,16.1800,100
43587158022964,12:06:27.158,16.1800,100
43587182523466,12:06:27.182,16.1700,100
43587182523466,12:06:27.182,16.1700,300
43587182523466,12:06:27.182,16.1700,100
43614726000789,12:06:54.726,16.1600,100
43644755143077,12:07:24.755,16.1600,90
43644755143077,12:07:24.755,16.1600,100
43674184289912,12:07:54.184,16.1700,100
43674184313827,12:07:54.184,16.1700,2147
43674184343585,12:07:54.184,16.1700,1493
43674184395357,12:07:54.184,16.1800,100
43674184755836,12:07:54.184,16.1700,100
43674369358205,12:07:54.369,16.1900,100
43674369358205,12:07:54.369,16.2000,100
43674369358205,12:07:54.369,16.2000,100
43674369358205,12:07:54.369,16.2000,100
43722235268494,12:08:42.235,16.2000,15
43730154526743,12:08:50.154,16.2200,100
43804258002392,12:10:04.258,16.2300,100
43885267360952,12:11:25.267,16.2300,100
43885267525420,12:11:25.267,16.2300,8
43885267846783,12:11:25.267,16.2300,92
44119385416904,12:15:19.385,16.2400,19
44119385959620,12:15:19.385,16.2400,42
44119386005223,12:15:19.386,16.2400,39
44119389888567,12:15:19.389,16.2500,100
44145159474989,12:15:45.159,16.2600,20
44192158388779,12:16:32.158,16.2700,1
44192158388779,12:16:32.158,16.2700,99
44255123326819,12:17:35.123,16.2700,1
44255416267787,12:17:35.416,16.2800,100
44255691884745,12:17:35.691,16.2900,1
44255691884745,12:17:35.691,16.2900,19
44263531468339,12:17:43.531,16.2800,100
44263531766212,12:17:43.531,16.2800,100
44282410499986,12:18:02.410,16.2800,2
44312443892613,12:18:32.443,16.2900,200
44312443892613,12:18:32.443,16.2900,200
44312615265191,12:18:32.615,16.2900,100
44312615300024,12:18:32.615,16.2900,100
44339551664434,12:18:59.551,16.2900,100
44339551664434,12:18:59.551,16.2900,100
44339551664434,12:18:59.551,16.2900,100
44339551690594,12:18:59.551,16.2900,1
44339622130901,12:18:59.622,16.2900,100
44341357662363,12:19:01.357,16.2800,34
44341357688979,12:19:01.357,16.2800,66
44341357688979,12:19:01.357,16.2800,100
44341357688979,12:19:01.357,16.2800,100
44359524421837,12:19:19.524,16.2700,3
44372694066412,12:19:32.694,16.2800,1
44381908754375,12:19:41.908,16.2400,100
44382010344176,12:19:42.010,16.2200,100
44382010344176,12:19:42.010,16.2200,100
44382010344176,12:19:42.010,16.2200,100
44382038871781,12:19:42.038,16.2200,100
44382063413051,12:19:42.063,16.2100,100
44382063413051,12:19:42.063,16.2100,100
44382063413051,12:19:42.063,16.2100,100
44382063413051,12:19:42.063,16.2100,100
44382096993598,12:19:42.096,16.2000,300
44382104824705,12:19:42.104,16.2000,100
44382127832468,12:19:42.127,16.2000,100
44382127832468,12:19:42.127,16.2000,100
44382127832468,12:19:42.127,16.2000,100
44382127832468,12:19:42.127,16.2000,200
44382157601069,12:19:42.157,16.1900,100
44382157601069,12:19:42.157,16.1900,100
44382187837684,12:19:42.187,16.1800,300
44382187837684,12:19:42.187,16.1800,100
44382188708730,12:19:42.188,16.1800,200
44382217405663,12:19:42.217,16.1800,100
44382217405663,12:19:42.217,16.1800,100
44382217405663,12:19:42.217,16.1800,100
44382220662691,12:19:42.220,16.1800,200
44382228859201,12:19:42.228,16.1800,800
44382228883165,12:19:42.228,16.1800,378
44382228890256,12:19:42.228,16.1800,1389
44398696602090,12:19:58.696,16.1800,3
44399232067199,12:19:59.232,16.1800,300
44399233313950,12:19:59.233,16.1800,600
44402220848472,12:20:02.220,16.1800,545
44404739487632,12:20:04.739,16.1800,325
44428231720575,12:20:28.231,16.1800,300
44469095448646,12:21:09.095,16.1800,100
44469095908677,12:21:09.095,16.1800,82
44469095923107,12:21:09.095,16.1800,100
44469095962509,12:21:09.095,16.1800,973
44469096049100,12:21:09.096,16.1800,1605
44469096400999,12:21:09.096,16.1800,100
44469096468605,12:21:09.096,16.1900,100
44477232353599,12:21:17.232,16.1900,100
44529250587578,12:22:09.250,16.2000,100
44888043035243,12:28:08.043,16.2200,4
44895851277369,12:28:15.851,16.2200,396
44895851277369,12:28:15.851,16.2200,100
44902779379128,12:28:22.779,16.2300,100
44902779560423,12:28:22.779,16.2300,100
44936724869935,12:28:56.724,16.2300,100
44936725269033,12:28:56.725,16.2200,8
44936725269033,12:28:56.725,16.2200,200
44936725269033,12:28:56.725,16.2200,100
44936725269033,12:28:56.725,16.2200,100
44936725272140,12:28:56.725,16.2200,100
44936729696074,12:28:56.729,16.2100,200
44936729696074,12:28:56.729,16.2100,100
44936729696074,12:28:56.729,16.2100,100
44936729744499,12:28:56.729,16.2100,100
44937726280944,12:28:57.726,16.2100,100
44973856336948,12:29:33.856,16.2100,100
44973856336948,12:29:33.856,16.2100,100
44981174712208,12:29:41.174,16.2200,100
45036133715991,12:30:36.133,16.2200,100
45036860754625,12:30:36.860,16.2200,100
45036861267801,12:30:36.861,16.2200,100
45131534016155,12:32:11.534,16.2200,500
45312177102539,12:35:12.177,16.2100,100
45312177102539,12:35:12.177,16.2100,24
45312177102539,12:35:12.177,16.2100,8
45312207173188,12:35:12.207,16.1900,100
45312207173188,12:35:12.207,16.1900,100
45312235140400,12:35:12.235,16.1800,200
45312273925006,12:35:12.273,16.1800,200
45312276217502,12:35:12.276,16.1800,200
45313781164770,12:35:13.781,16.1800,363
45313781192041,12:35:13.781,16.1800,402
45313781223953,12:35:13.781,16.1800,712
45313874189173,12:35:13.874,16.1800,200
45313874303901,12:35:13.874,16.1800,200
45313874329000,12:35:13.874,16.1800,83
45313874329000,12:35:13.874,16.1800,100
45321597179002,12:35:21.597,16.1700,32
45324550020459,12:35:24.550,16.1700,400
45324550021971,12:35:24.550,16.1700,200
45454286762355,12:37:34.286,16.1900,100
45454286762355,12:37:34.286,16.1900,100
45454286762355,12:37:34.286,16.2000,180
45454287263917,12:37:34.287,16.1900,100
45454287263917,12:37:34.287,16.1900,100
45454483494332,12:37:34.483,16.2000,100
45536664828384,12:38:56.664,16.2050,300
45536664922215,12:38:56.664,16.2000,100
45536664922215,12:38:56.664,16.2000,100
45536664922215,12:38:56.664,16.2000,100
45536667109587,12:38:56.667,16.1900,100
45536668688164,12:38:56.668,16.1800,100
45536669667137,12:38:56.669,16.1800,100
45536671351314,12:38:56.671,16.1700,100
45536687515565,12:38:56.687,16.1700,100
45536692800922,12:38:56.692,16.1700,600
45547232195447,12:39:07.232,16.1700,100
45547232222489,12:39:07.232,16.1700,1
45568691475797,12:39:28.691,16.1700,100
45607692183194,12:40:07.692,16.1700,100
45811924939851,12:43:31.924,16.1700,100
45847239992210,12:44:07.239,16.1700,135
45847708107592,12:44:07.708,16.1700,153
45847708107592,12:44:07.708,16.1700,47
45881933352795,12:44:41.933,16.1600,8
45925170092352,12:45:25.170,16.1800,100
46052121705663,12:47:32.121,16.1500,100
46052121705663,12:47:32.121,16.1500,100
46052124723535,12:47:32.124,16.1450,100
46052125396169,12:47:32.125,16.1400,95
46198782028452,12:49:58.782,16.1800,200
46216698709152,12:50:16.698,16.1900,100
46748243909766,12:59:08.243,16.2400,100
46810372739962,13:00:10.372,16.2500,100
46810372739962,13:00:10.372,16.2500,8
46810373114127,13:00:10.373,16.2500,100
46810373173897,13:00:10.373,16.2500,43
46810373243694,13:00:10.373,16.2500,43
46810373298988,13:00:10.373,16.2500,14
46810373298988,13:00:10.373,16.2500,29
46810373313557,13:00:10.373,16.2500,71
46810373415368,13:00:10.373,16.2400,43
46810373441357,13:00:10.373,16.2400,57
46810373441357,13:00:10.373,16.2400,100
46810373441357,13:00:10.373,16.2400,100
46810373753521,13:00:10.373,16.2300,43
46831385711180,13:00:31.385,16.2200,1
46831385711180,13:00:31.385,16.2200,57
47591174108607,13:13:11.174,16.2200,4
47591174108607,13:13:11.174,16.2200,100
47591174108607,13:13:11.174,16.2200,100
47591174479887,13:13:11.174,16.2200,7
47591174497142,13:13:11.174,16.2200,51
47591174518314,13:13:11.174,16.2200,30
47591230056865,13:13:11.230,16.2000,4
47591241972958,13:13:11.241,16.2100,200
47591242478278,13:13:11.242,16.2100,6
47591242502211,13:13:11.242,16.2100,194
47591242502211,13:13:11.242,16.2100,100
47828048610593,13:17:08.048,16.1900,100
47848775823378,13:17:28.775,16.1800,3
47920889096146,13:18:40.889,16.1850,200
47920889553574,13:18:40.889,16.2000,100
47921058810232,13:18:41.058,16.2100,100
47921058835431,13:18:41.058,16.2100,100
47968761585547,13:19:28.761,16.2200,1
48028830001864,13:20:28.830,16.2100,300
48194383952474,13:23:14.383,16.2000,100
48194383952474,13:23:14.383,16.2000,100
48194383952474,13:23:14.383,16.2000,100
48194383952474,13:23:14.383,16.2000,100
48194384050705,13:23:14.384,16.1900,15
48194384050705,13:23:14.384,16.1900,8
48194384308727,13:23:14.384,16.1900,8
48194384334056,13:23:14.384,16.1900,84
48194384334056,13:23:14.384,16.1900,100
48194384334056,13:23:14.384,16.1900,100
48194386937680,13:23:14.386,16.1900,4
48194478543499,13:23:14.478,16.1900,6
48490406657963,13:28:10.406,16.2100,100
48490406657963,13:28:10.406,16.2100,100
48855136949861,13:34:15.136,16.2200,100
49022129633168,13:37:02.129,16.2300,100
49022129633168,13:37:02.129,16.2300,100
49022129633168,13:37:02.129,16.2300,18
49022129633168,13:37:02.129,16.2300,100
49041376247413,13:37:21.376,16.2200,100
49041376277691,13:37:21.376,16.2200,1
49041376277691,13:37:21.376,16.2200,100
49041402928651,13:37:21.402,16.2100,100
49041537117820,13:37:21.537,16.2100,100
49041538202041,13:37:21.538,16.2100,100
49230280111295,13:40:30.280,16.2200,100
49230280111295,13:40:30.280,16.2200,1
49230280278491,13:40:30.280,16.2200,100
49365424510206,13:42:45.424,16.2200,100
49365424510206,13:42:45.424,16.2200,100
49365424510206,13:42:45.424,16.2200,100
49365424510206,13:42:45.424,16.2200,8
49365425209642,13:42:45.425,16.2100,100
49365425209642,13:42:45.425,16.2100,100
49509852615156,13:45:09.852,16.2000,100
49509852615156,13:45:09.852,16.2000,100
49509852615156,13:45:09.852,16.2000,100
49509875415916,13:45:09.875,16.1900,25
49737470747520,13:48:57.470,16.2000,12
49737470773216,13:48:57.470,16.2000,88
49740473822506,13:49:00.473,16.1900,20
49740473849450,13:49:00.473,16.1900,80
49740473849450,13:49:00.473,16.1900,100
49740473849450,13:49:00.473,16.1900,100
50015257000787,13:53:35.257,16.2100,100
50156597020746,13:55:56.597,16.2200,200
50157602007265,13:55:57.602,16.2200,100
50331667700588,13:58:51.667,16.2200,86
50331671184689,13:58:51.671,16.2100,87
50331671191041,13:58:51.671,16.2100,13
50331671191041,13:58:51.671,16.2100,91
50331671193964,13:58:51.671,16.2100,9
50331694406500,13:58:51.694,16.2000,77
50336415661495,13:58:56.415,16.2000,6
50336415794016,13:58:56.415,16.2000,3
50336415831267,13:58:56.415,16.2000,91
50402688300661,14:00:02.688,16.2000,100
50402688300661,14:00:02.688,16.2000,100
50409967361061,14:00:09.967,16.2200,100
50409967361061,14:00:09.967,16.2200,100
50414028363572,14:00:14.028,16.2300,100
50464456835228,14:01:04.456,16.2300,22
50464456835228,14:01:04.456,16.2400,78
50464456844025,14:01:04.456,16.2400,7
50464456893546,14:01:04.456,16.2400,15
50470231705982,14:01:10.231,16.2600,100
50568285972190,14:02:48.285,16.3000,100
50646150514734,14:04:06.150,16.3200,100
50646150649819,14:04:06.150,16.3200,8
50646150651341,14:04:06.150,16.3200,5
50646671883723,14:04:06.671,16.3400,100
50657141989119,14:04:17.141,16.3200,99
50667024026604,14:04:27.024,16.3400,100
50703963666006,14:05:03.963,16.3500,377
50703963690955,14:05:03.963,16.3500,123
50736476013711,14:05:36.476,16.3800,300
50737980009483,14:05:37.980,16.3800,500
50802802511355,14:06:42.802,16.4000,9
50802993211166,14:06:42.993,16.4100,100
50813531688713,14:06:53.531,16.4000,97
50893372810589,14:08:13.372,16.3900,8
50893372810589,14:08:13.372,16.3900,100
50893372810589,14:08:13.372,16.3900,100
50893372810589,14:08:13.372,16.3900,100
50893372810589,14:08:13.372,16.3900,100
50893372810589,14:08:13.372,16.3900,100
50893372917081,14:08:13.372,16.3900,100
50893373943903,14:08:13.373,16.3900,100
50893735891131,14:08:13.735,16.3900,2
50893735915884,14:08:13.735,16.3900,98
50893735915884,14:08:13.735,16.3900,8
50893735915884,14:08:13.735,16.3900,100
51167007517152,14:12:47.007,16.3900,100
51167007517152,14:12:47.007,16.3900,100
51168052438051,14:12:48.052,16.4000,100
51169299444083,14:12:49.299,16.4200,100
51169299495792,14:12:49.299,16.4200,100
51316279810915,14:15:16.279,16.4150,100
51316279840047,14:15:16.279,16.4000,100
51316279840047,14:15:16.279,16.4000,1
51316458340623,14:15:16.458,16.3900,1
51316458378515,14:15:16.458,16.3900,76
51316458387220,14:15:16.458,16.3900,23
51316462842223,14:15:16.462,16.3900,5
51318657662707,14:15:18.657,16.3850,100
51318657662707,14:15:18.657,16.3850,100
51318657990716,14:15:18.657,16.3850,100
51318657990716,14:15:18.657,16.3800,100
51346645713553,14:15:46.645,16.4000,100
51346645740253,14:15:46.645,16.4000,386
51346645740253,14:15:46.645,16.4000,1
51347216797339,14:15:47.216,16.4100,100
51354053695341,14:15:54.053,16.4100,100
51354053695341,14:15:54.053,16.4100,100
51377211213693,14:16:17.211,16.4100,100
51377211252719,14:16:17.211,16.4100,100
51412491596673,14:16:52.491,16.4000,100
51412491596673,14:16:52.491,16.4000,100
51412491596673,14:16:52.491,16.4000,100
51412494726224,14:16:52.494,16.3850,300
51412494833512,14:16:52.494,16.3850,100
51412494833512,14:16:52.494,16.3800,300
51412511753641,14:16:52.511,16.3600,200
51412518780934,14:16:52.518,16.3400,200
51440501382340,14:17:20.501,16.3400,9
51440654799851,14:17:20.654,16.3500,300
51440656141581,14:17:20.656,16.3600,55
51440656206584,14:17:20.656,16.3600,45
51440663049852,14:17:20.663,16.3600,100
51440663049852,14:17:20.663,16.3600,100
51443052897233,14:17:23.052,16.3600,7
51443052907620,14:17:23.052,16.3600,53
51443052913017,14:17:23.052,16.3600,40
51537181338840,14:18:57.181,16.3700,100
51738204649380,14:22:18.204,16.3700,100
51793295670123,14:23:13.295,16.3600,100
51793295670123,14:23:13.295,16.3600,200
51793296452332,14:23:13.296,16.3500,100
51793296452332,14:23:13.296,16.3500,4
51793296479301,14:23:13.296,16.3500,100
51795428877337,14:23:15.428,16.3400,100
51795428877337,14:23:15.428,16.3400,100
51795429264448,14:23:15.429,16.3400,100
51806023082264,14:23:26.023,16.3500,100
51806023082264,14:23:26.023,16.3500,100
51806023082264,14:23:26.023,16.3500,100
51831489294377,14:23:51.489,16.3600,100
52063736337690,14:27:43.736,16.3600,100
52063737185774,14:27:43.737,16.3500,100
52063737185774,14:27:43.737,16.3500,100
52063737939388,14:27:43.737,16.3500,100
52063738198169,14:27:43.738,16.3500,39
52063738251746,14:27:43.738,16.3500,61
52065468508185,14:27:45.468,16.3500,100
52248342999093,14:30:48.342,16.3600,100
52310629037026,14:31:50.629,16.3700,8
52345281679408,14:32:25.281,16.3700,100
52345282952784,14:32:25.282,16.3700,1
52351640226526,14:32:31.640,16.3800,100
52351640226526,14:32:31.640,16.3800,100
52403372050225,14:33:23.372,16.3900,90
52443690408735,14:34:03.690,16.4000,100
52443702666740,14:34:03.702,16.3800,100
52443702666740,14:34:03.702,16.3800,100
52443702666740,14:34:03.702,16.3800,100
52443702666740,14:34:03.702,16.3800,100
52443702666740,14:34:03.702,16.3800,100
52443702666740,14:34:03.702,16.3800,100
52443702666740,14:34:03.702,16.3800,100
52443702768852,14:34:03.702,16.3800,100
52443702805780,14:34:03.702,16.3800,79
52443702831799,14:34:03.702,16.3800,21
52443702831799,14:34:03.702,16.3800,100
52443702975020,14:34:03.702,16.3800,100
52443712710984,14:34:03.712,16.3700,6
52443713277072,14:34:03.713,16.3700,100
52443727310159,14:34:03.727,16.3700,100
52443727310159,14:34:03.727,16.3700,100
52443741660533,14:34:03.741,16.3600,5
52443741660533,14:34:03.741,16.3600,100
52504449265477,14:35:04.449,16.3600,300
52504449303499,14:35:04.449,16.3600,352
52528864720698,14:35:28.864,16.3700,60
52558124360542,14:35:58.124,16.3600,100
52558124360542,14:35:58.124,16.3600,8
52565546333486,14:36:05.546,16.3500,100
52565556018392,14:36:05.556,16.3400,4
52565556018392,14:36:05.556,16.3400,100
52565556018392,14:36:05.556,16.3400,100
52565556018392,14:36:05.556,16.3400,10
52565556063198,14:36:05.556,16.3400,90
52565556068126,14:36:05.556,16.3400,90
52565556086725,14:36:05.556,16.3400,100
52565556103307,14:36:05.556,16.3400,90
52565556142496,14:36:05.556,16.3400,10
52565556142496,14:36:05.556,16.3400,52
52565556170260,14:36:05.556,16.3400,48
52565556177814,14:36:05.556,16.3400,48
52565556487719,14:36:05.556,16.3400,52
52565556487719,14:36:05.556,16.3400,10
52565556487719,14:36:05.556,16.3400,100
52565557018218,14:36:05.557,16.3400,100
52565557231875,14:36:05.557,16.3400,100
52596119632184,14:36:36.119,16.3400,100
52596222938766,14:36:36.222,16.3300,100
52599054425944,14:36:39.054,16.3400,9
52695142856160,14:38:15.142,16.3400,100
52695142856160,14:38:15.142,16.3400,8
52695160433226,14:38:15.160,16.3200,100
52696470265158,14:38:16.470,16.3100,100
52696470265158,14:38:16.470,16.3100,100
52755569286762,14:39:15.569,16.3100,100
52755569286762,14:39:15.569,16.3100,100
52755569375413,14:39:15.569,16.3100,100
52755569626949,14:39:15.569,16.3100,100
52755592318387,14:39:15.592,16.3100,100
52755592499971,14:39:15.592,16.3100,100
52755592499971,14:39:15.592,16.3100,100
52755610180080,14:39:15.610,16.3100,100
52755610180080,14:39:15.610,16.3100,100
52755610180080,14:39:15.610,16.3100,100
52755610180080,14:39:15.610,16.3100,100
52755610180080,14:39:15.610,16.3100,100
52755610390398,14:39:15.610,16.3100,100
52755630168279,14:39:15.630,16.3100,100
52755630168279,14:39:15.630,16.3100,100
52755630345942,14:39:15.630,16.3100,100
52755646725108,14:39:15.646,16.3100,100
52755646725108,14:39:15.646,16.3100,100
52755646725108,14:39:15.646,16.3100,100
52755664140436,14:39:15.664,16.3100,100
52755680214749,14:39:15.680,16.3000,100
52755680214749,14:39:15.680,16.3000,15
52755680214749,14:39:15.680,16.3000,85
52755698759873,14:39:15.698,16.3000,100
52755698939508,14:39:15.698,16.3000,100
52755716373027,14:39:15.716,16.3000,100
52755716373027,14:39:15.716,16.3000,100
52755716373027,14:39:15.716,16.3000,100
52755738413038,14:39:15.738,16.3000,100
52755738413038,14:39:15.738,16.3000,100
52755738413038,14:39:15.738,16.3000,100
52755756385541,14:39:15.756,16.3000,100
52763296104625,14:39:23.296,16.3000,100
52763296300600,14:39:23.296,16.3000,100
52763296300600,14:39:23.296,16.3000,100
52763409143111,14:39:23.409,16.3100,91
53024108630953,14:43:44.108,16.3400,48
53024108655202,14:43:44.108,16.3400,52
53095902191981,14:44:55.902,16.3600,1
53096393539495,14:44:56.393,16.3700,100
53144686824158,14:45:44.686,16.3900,100
53144686850053,14:45:44.686,16.3900,100
53150741221134,14:45:50.741,16.4000,100
53151171070602,14:45:51.171,16.4100,100
53158246631371,14:45:58.246,16.4300,100
53165117392873,14:46:05.117,16.4400,100
53170705956739,14:46:10.705,16.4400,100
53170706615874,14:46:10.706,16.4400,100
53228370330288,14:47:08.370,16.4700,9
53228370330288,14:47:08.370,16.4700,100
53264561385217,14:47:44.561,16.5000,500
53264561410836,14:47:44.561,16.5000,500
53264561410836,14:47:44.561,16.5000,50
53270453066228,14:47:50.453,16.5000,100
53374524570058,14:49:34.524,16.5300,200
53374524570058,14:49:34.524,16.5300,8
53374524570058,14:49:34.524,16.5300,100
53374524570058,14:49:34.524,16.5300,92
53374524660408,14:49:34.524,16.5300,8
53374524686845,14:49:34.524,16.5300,192
53374524722318,14:49:34.524,16.5300,8
53374524832503,14:49:34.524,16.5300,200
53374524864887,14:49:34.524,16.5300,408
53374524910259,14:49:34.524,16.5300,200
53374524925905,14:49:34.524,16.5300,100
53374524925905,14:49:34.524,16.5300,3
53374525771050,14:49:34.525,16.5300,200
53374525771050,14:49:34.525,16.5300,100
53374525771050,14:49:34.525,16.5300,100
53374525771050,14:49:34.525,16.5300,100
53374526070697,14:49:34.526,16.5300,92
53445274674278,14:50:45.274,16.5600,100
53445274674278,14:50:45.274,16.5600,100
53511940134822,14:51:51.940,16.5500,100
53511940134822,14:51:51.940,16.5500,100
53511940134822,14:51:51.940,16.5500,100
53511940503154,14:51:51.940,16.5400,100
53511940503154,14:51:51.940,16.5400,1
53517365071415,14:51:57.365,16.5400,100
53517365071415,14:51:57.365,16.5400,8
53520498858362,14:52:00.498,16.5500,100
53526697740863,14:52:06.697,16.5500,100
53526697740863,14:52:06.697,16.5500,100
53535291521881,14:52:15.291,16.5700,100
53535574604297,14:52:15.574,16.5700,100
53535650128075,14:52:15.650,16.5700,100
53628874695631,14:53:48.874,16.6000,15
53731773630942,14:55:31.773,16.6100,100
53739800968984,14:55:39.800,16.6200,100
53752857681575,14:55:52.857,16.6200,100
53811807782938,14:56:51.807,16.6600,10
53811807782938,14:56:51.807,16.6800,81
53817506582581,14:56:57.506,16.6500,200
53817507042473,14:56:57.507,16.6400,100
53817507042473,14:56:57.507,16.6400,100
53817507042473,14:56:57.507,16.6400,100
53817507042473,14:56:57.507,16.6400,100
53817507161615,14:56:57.507,16.6400,100
53817507185770,14:56:57.507,16.6400,100
53817507187057,14:56:57.507,16.6400,100
53817507995998,14:56:57.507,16.6400,100
53817508169060,14:56:57.508,16.6400,100
53817508169060,14:56:57.508,16.6400,100
53817508699915,14:56:57.508,16.6400,100
53817508699915,14:56:57.508,16.6400,100
53818800069481,14:56:58.800,16.6300,100
53818800094595,14:56:58.800,16.6300,100
53818800094595,14:56:58.800,16.6300,100
53818800095327,14:56:58.800,16.6300,200
53818800207361,14:56:58.800,16.6300,100
53818800453613,14:56:58.800,16.6300,100
53818800453613,14:56:58.800,16.6300,15
53818800495242,14:56:58.800,16.6300,85
53819048988654,14:56:59.048,16.6300,100
53819049155544,14:56:59.049,16.6300,100
53819049155544,14:56:59.049,16.6300,100
53819049155544,14:56:59.049,16.6300,100
53868232536957,14:57:48.232,16.6400,100
53868232536957,14:57:48.232,16.6400,200
54108721923957,15:01:48.721,16.6400,100
54108721923957,15:01:48.721,16.6400,8
54108722670688,15:01:48.722,16.6300,100
54108722710020,15:01:48.722,16.6300,100
54108722710020,15:01:48.722,16.6300,78
54108722758999,15:01:48.722,16.6300,22
54108724194135,15:01:48.724,16.6200,100
54108726007903,15:01:48.726,16.6300,5
54108726134206,15:01:48.726,16.6200,5
54108726159988,15:01:48.726,16.6200,100
54110022060532,15:01:50.022,16.6100,100
54110022782096,15:01:50.022,16.6000,100
54116897184721,15:01:56.897,16.5900,100
54223816610554,15:03:43.816,16.5600,80
54223816635989,15:03:43.816,16.5600,20
54264029262284,15:04:24.029,16.5500,100
54302751020369,15:05:02.751,16.5400,100
54303925013569,15:05:03.925,16.5400,100
54304425012077,15:05:04.425,16.5400,100
54306610457171,15:05:06.610,16.5300,100
54309048011494,15:05:09.048,16.5100,100
54322386728971,15:05:22.386,16.5100,4
54456662057626,15:07:36.662,16.4900,100
54456662057626,15:07:36.662,16.4900,8
54456662057626,15:07:36.662,16.4900,82
54456662083933,15:07:36.662,16.4900,18
54492185456191,15:08:12.185,16.4900,93
54492185481098,15:08:12.185,16.4900,7
54492185481098,15:08:12.185,16.4900,1
54516431074698,15:08:36.431,16.5000,100
54516431074698,15:08:36.431,16.5000,200
54548418340785,15:09:08.418,16.5000,100
54548418340785,15:09:08.418,16.5000,100
54548418983108,15:09:08.418,16.4900,100
54548419008107,15:09:08.419,16.4900,100
54548419008107,15:09:08.419,16.4900,100
54548514405127,15:09:08.514,16.5000,100
54548514405127,15:09:08.514,16.5000,100
54548514405127,15:09:08.514,16.5000,100
54558968575259,15:09:18.968,16.5100,100
54558968575259,15:09:18.968,16.5100,200
54558968575259,15:09:18.968,16.5100,200
54559906971450,15:09:19.906,16.5200,100
54559906971450,15:09:19.906,16.5200,100
54562800637590,15:09:22.800,16.5300,100
54562800637590,15:09:22.800,16.5300,100
54637686750707,15:10:37.686,16.5300,100
54660563323155,15:11:00.563,16.5200,100
54806389594457,15:13:26.389,16.5300,100
54947270174800,15:15:47.270,16.5500,50
55000332393248,15:16:40.332,16.5600,100
55058996966854,15:17:38.996,16.5650,109
55058997335240,15:17:38.997,16.5650,91
55058997335240,15:17:38.997,16.5600,1
55058997335240,15:17:38.997,16.5600,17
55058997362512,15:17:38.997,16.5600,8
55058997411348,15:17:38.997,16.5600,75
55058997411348,15:17:38.997,16.5600,8
55059038686635,15:17:39.038,16.5600,6
55059039107883,15:17:39.039,16.5500,100
55059039107883,15:17:39.039,16.5500,100
55059039331230,15:17:39.039,16.5500,100
55064072542840,15:17:44.072,16.5350,200
55064555979758,15:17:44.555,16.5350,400
55104370393519,15:18:24.370,16.5300,100
55104370992054,15:18:24.370,16.5300,100
55115608195416,15:18:35.608,16.5500,200
55115608195416,15:18:35.608,16.5500,100
55124590803013,15:18:44.590,16.5600,100
55163348754759,15:19:23.348,16.5600,100
55163349209041,15:19:23.349,16.5600,100
55163351888860,15:19:23.351,16.5600,8
55170352511148,15:19:30.352,16.5400,100
55180338402251,15:19:40.338,16.5400,100
55180362434551,15:19:40.362,16.5400,86
55185493100956,15:19:45.493,16.5700,100
55185493100956,15:19:45.493,16.5700,100
55185494787729,15:19:45.494,16.5800,100
55185494787729,15:19:45.494,16.5800,100
55192170360031,15:19:52.170,16.5600,100
55239297270230,15:20:39.297,16.5900,100
55291339310090,15:21:31.339,16.5800,4
55291339392987,15:21:31.339,16.5800,2
55576280276877,15:26:16.280,16.5400,100
55576287882494,15:26:16.287,16.5500,100
55576287882494,15:26:16.287,16.5500,1
55576287882494,15:26:16.287,16.5500,99
55576287925043,15:26:16.287,16.5500,1
55576287925043,15:26:16.287,16.5500,100
55667701570296,15:27:47.701,16.5600,8
55667701570296,15:27:47.701,16.5600,100
55667701570296,15:27:47.701,16.5600,100
55667701570296,15:27:47.701,16.5500,100
55667701570296,15:27:47.701,16.5500,100
55667701570296,15:27:47.701,16.5500,100
55667701570296,15:27:47.701,16.5500,92
55667702017099,15:27:47.702,16.5500,8
55667702017099,15:27:47.702,16.5500,100
55667702031564,15:27:47.702,16.5500,100
55667709374431,15:27:47.709,16.5500,43
55670633009621,15:27:50.633,16.5450,500
55681178101770,15:28:01.178,16.5400,100
55705413365993,15:28:25.413,16.5300,100
55705413365993,15:28:25.413,16.5300,100
55705413365993,15:28:25.413,16.5300,100
55705413365993,15:28:25.413,16.5300,100
55705488385499,15:28:25.488,16.5300,200
55705488385499,15:28:25.488,16.5300,100
55705488385499,15:28:25.488,16.5200,10
55705488385499,15:28:25.488,16.5200,100
55705488385499,15:28:25.488,16.5200,90
55705502567639,15:28:25.502,16.5200,100
55725214024842,15:28:45.214,16.5200,500
55790925503549,15:29:50.925,16.5200,1
55810912738873,15:30:10.912,16.5000,6
55810912738873,15:30:10.912,16.5000,100
55811999093863,15:30:11.999,16.4900,100
55817390183667,15:30:17.390,16.4800,200
55820189401164,15:30:20.189,16.4800,4
55820412545812,15:30:20.412,16.4800,196
55847408304793,15:30:47.408,16.4900,100
55860841548824,15:31:00.841,16.4900,39
55860842565194,15:31:00.842,16.4800,9
55872433889749,15:31:12.433,16.4800,100
55872433938433,15:31:12.433,16.4800,100
55872433994419,15:31:12.433,16.4800,143
55872434031619,15:31:12.434,16.4800,57
55875467819811,15:31:15.467,16.4900,100
55875467819811,15:31:15.467,16.4900,61
55877792434538,15:31:17.792,16.5000,400
55879573964344,15:31:19.573,16.5100,100
55879573964344,15:31:19.573,16.5100,51
55880808477653,15:31:20.808,16.5100,49
55880808477653,15:31:20.808,16.5100,100
55900672001353,15:31:40.672,16.5100,100
55900672001353,15:31:40.672,16.5100,100
55942985479740,15:32:22.985,16.5000,100
55942985479740,15:32:22.985,16.5000,8
55942985715087,15:32:22.985,16.4900,100
56042246619599,15:34:02.246,16.4800,400
56042246619599,15:34:02.246,16.4800,100
56162009959065,15:36:02.009,16.4900,100
56162009959065,15:36:02.009,16.4900,1
56162009959065,15:36:02.009,16.4900,100
56162009959065,15:36:02.009,16.4900,100
56163638963955,15:36:03.638,16.5000,100
56163866294045,15:36:03.866,16.5000,100
56241288231089,15:37:21.288,16.5000,100
56241288318023,15:37:21.288,16.5000,50
56246008116046,15:37:26.008,16.5100,100
56327008885117,15:38:47.008,16.5200,1
56327008885117,15:38:47.008,16.5200,49
56327008885117,15:38:47.008,16.5200,50
56327008946385,15:38:47.008,16.5200,350
56327008946385,15:38:47.008,16.5200,100
56330279042331,15:38:50.279,16.5300,100
56332058313088,15:38:52.058,16.5300,100
56363217888260,15:39:23.217,16.5200,100
56363217888260,15:39:23.217,16.5200,100
56363217888260,15:39:23.217,16.5200,6
56363217889329,15:39:23.217,16.5200,94
56363217889329,15:39:23.217,16.5200,6
56363217892265,15:39:23.217,16.5200,78
56363217892265,15:39:23.217,16.5200,22
56363217920321,15:39:23.217,16.5200,78
56363240677405,15:39:23.240,16.5100,1
56363240677405,15:39:23.240,16.5100,99
56363805245195,15:39:23.805,16.5100,1
56363805245195,15:39:23.805,16.5100,99
56363805674772,15:39:23.805,16.5100,1
56385005773342,15:39:45.005,16.5000,100
56388005886599,15:39:48.005,16.5000,100
56396511145654,15:39:56.511,16.5000,100
56396517071606,15:39:56.517,16.5000,200
56396517071606,15:39:56.517,16.5000,100
56396517071606,15:39:56.517,16.5000,100
56396517071606,15:39:56.517,16.5000,200
56396517071606,15:39:56.517,16.5000,100
56412106396903,15:40:12.106,16.5100,100
56606433986829,15:43:26.433,16.5200,100
56776645236040,15:46:16.645,16.5200,130
56776645236040,15:46:16.645,16.5200,100
56776645236040,15:46:16.645,16.5200,100
56776645236040,15:46:16.645,16.5200,8
56776645236040,15:46:16.645,16.5200,100
56776645236040,15:46:16.645,16.5200,62
56776645434623,15:46:16.645,16.5200,38
56776645812062,15:46:16.645,16.5200,100
56776645965947,15:46:16.645,16.5200,100
56776648834441,15:46:16.648,16.5200,6
56776648836014,15:46:16.648,16.5200,6
56879632602375,15:47:59.632,16.5200,10
56879632608694,15:47:59.632,16.5200,90
56879632608694,15:47:59.632,16.5200,100
56879632608694,15:47:59.632,16.5200,100
56879632608694,15:47:59.632,16.5200,100
56900722637933,15:48:20.722,16.5300,1
56900722637933,15:48:20.722,16.5300,99
56905568354246,15:48:25.568,16.5300,100
56905569786364,15:48:25.569,16.5300,100
56917751756834,15:48:37.751,16.5500,100
56917751756834,15:48:37.751,16.5500,100
56917751756834,15:48:37.751,16.5500,100
56917755588984,15:48:37.755,16.5600,300
56917755588984,15:48:37.755,16.5600,100
56917755588984,15:48:37.755,16.5600,100
56917755588984,15:48:37.755,16.5600,100
56917755588984,15:48:37.755,16.5600,100
56917755588984,15:48:37.755,16.5600,100
56917755973971,15:48:37.755,16.5600,100
56917756003967,15:48:37.756,16.5600,100
56917757693472,15:48:37.757,16.5700,107
56920026044982,15:48:40.026,16.5700,93
56920207949226,15:48:40.207,16.5800,3
56924011000683,15:48:44.011,16.5600,100
56924011412285,15:48:44.011,16.5600,100
56924011558908,15:48:44.011,16.5500,100
56924011558908,15:48:44.011,16.5500,100
56924011558908,15:48:44.011,16.5500,100
56924025293840,15:48:44.025,16.5500,7
56983748963128,15:49:43.748,16.5500,9
57000893617258,15:50:00.893,16.5500,91
57000893617258,15:50:00.893,16.5500,51
57004020577056,15:50:04.020,16.5450,100
57004020577056,15:50:04.020,16.5400,100
57004020577056,15:50:04.020,16.5400,100
57004020577056,15:50:04.020,16.5400,100
57030040222693,15:50:30.040,16.5400,100
57030040222693,15:50:30.040,16.5400,1
57030040222693,15:50:30.040,16.5400,100
57030040222693,15:50:30.040,16.5400,99
57043265388027,15:50:43.265,16.5500,100
57043265388027,15:50:43.265,16.5500,100
57043265388027,15:50:43.265,16.5500,100
57043267730659,15:50:43.267,16.5600,100
57043267730659,15:50:43.267,16.5600,100
57043267730659,15:50:43.267,16.5600,100
57043273437764,15:50:43.273,16.5700,100
57043273437764,15:50:43.273,16.5700,100
57043275107622,15:50:43.275,16.5800,100
57043275107622,15:50:43.275,16.5800,100
57043275107622,15:50:43.275,16.5800,100
57043275517269,15:50:43.275,16.5700,100
57062018647837,15:51:02.018,16.5750,100
57062018647837,15:51:02.018,16.5750,100
57062018647837,15:51:02.018,16.5700,100
57068534161257,15:51:08.534,16.5750,100
57068534161257,15:51:08.534,16.5700,100
57068534161257,15:51:08.534,16.5700,300
57068534161257,15:51:08.534,16.5700,600
57068534161257,15:51:08.534,16.5700,100
57068534161257,15:51:08.534,16.5700,100
57068534161257,15:51:08.534,16.5700,280
57068534315989,15:51:08.534,16.5700,20
57068534315989,15:51:08.534,16.5700,100
57069894546180,15:51:09.894,16.5600,100
57069894572894,15:51:09.894,16.5600,100
57069894583441,15:51:09.894,16.5600,100
57069895571608,15:51:09.895,16.5600,51
57069895574395,15:51:09.895,16.5500,100
57285981755968,15:54:45.981,16.5600,3
57285984340253,15:54:45.984,16.5550,4
57300165271747,15:55:00.165,16.5600,97
57300165271747,15:55:00.165,16.5600,3
57300234774738,15:55:00.234,16.5500,200
57300234774738,15:55:00.234,16.5500,100
57300234774738,15:55:00.234,16.5500,921
57300235216080,15:55:00.235,16.5500,179
57300235216080,15:55:00.235,16.5500,100
57300235216080,15:55:00.235,16.5500,100
57300235216080,15:55:00.235,16.5500,200
57300235747066,15:55:00.235,16.5500,100
57301004645012,15:55:01.004,16.5400,100
57302126983269,15:55:02.126,16.5450,100
57311109945901,15:55:11.109,16.5500,15
57311110023416,15:55:11.110,16.5500,7
57311110092897,15:55:11.110,16.5500,4
57311110156836,15:55:11.110,16.5500,2
57311110220929,15:55:11.110,16.5500,1
57324419566642,15:55:24.419,16.5500,100
57324420099565,15:55:24.420,16.5500,39
57324420099565,15:55:24.420,16.5500,100
57324420099565,15:55:24.420,16.5500,161
57324420104043,15:55:24.420,16.5500,39
57324420104043,15:55:24.420,16.5500,1
57324420104043,15:55:24.420,16.5500,60
57324420129318,15:55:24.420,16.5500,40
57324420129318,15:55:24.420,16.5500,93
57324420129318,15:55:24.420,16.5500,100
57324420129318,15:55:24.420,16.5500,100
57333291547273,15:55:33.291,16.5600,13
57348026386762,15:55:48.026,16.5600,87
57348026386762,15:55:48.026,16.5600,42
57348026386762,15:55:48.026,16.5600,32
57348026386762,15:55:48.026,16.5600,24
57348026450652,15:55:48.026,16.5600,76
57348026450652,15:55:48.026,16.5600,100
57348026450652,15:55:48.026,16.5600,100
57348026450652,15:55:48.026,16.5600,100
57348026450652,15:55:48.026,16.5600,100
57373809401114,15:56:13.809,16.5650,100
57373809456782,15:56:13.809,16.5600,457
57391989600051,15:56:31.989,16.5650,7
57414661681240,15:56:54.661,16.5650,100
57420301052725,15:57:00.301,16.5650,3
57451257101045,15:57:31.257,16.5650,1
57452506136677,15:57:32.506,16.5650,4
57452506136677,15:57:32.506,16.5650,8
57475333569713,15:57:55.333,16.5600,8
57475333569713,15:57:55.333,16.5600,92
57475333650420,15:57:55.333,16.5600,8
57475333650420,15:57:55.333,16.5600,100
57475333650420,15:57:55.333,16.5600,100
57475333650420,15:57:55.333,16.5600,100
57475333650420,15:57:55.333,16.5600,100
57475333650420,15:57:55.333,16.5600,78
57475333652289,15:57:55.333,16.5600,22
57475333652289,15:57:55.333,16.5600,78
57475333659496,15:57:55.333,16.5600,65
57475333659496,15:57:55.333,16.5600,35
57475333699859,15:57:55.333,16.5600,65
57475333699859,15:57:55.333,16.5600,35
57475333746243,15:57:55.333,16.5600,100
57475333768541,15:57:55.333,16.5600,100
57475333840394,15:57:55.333,16.5600,100
57475911880641,15:57:55.911,16.5400,100
57476167534448,15:57:56.167,16.5400,18
57481305282367,15:58:01.305,16.5500,70
57481305374388,15:58:01.305,16.5500,30
57481305374388,15:58:01.305,16.5500,100
57481305374388,15:58:01.305,16.5500,100
57481305374388,15:58:01.305,16.5500,91
57481305374388,15:58:01.305,16.5500,221
57497065419235,15:58:17.065,16.5550,100
57506007455801,15:58:26.007,16.5550,32
57506007455801,15:58:26.007,16.5600,100
57506007455801,15:58:26.007,16.5600,100
57506007455801,15:58:26.007,16.5600,100
57506007455801,15:58:26.007,16.5600,200
57506007455801,15:58:26.007,16.5600,100
57540000621481,15:59:00.000,16.5650,69
57548999849046,15:59:08.999,16.5600,4
57548999849046,15:59:08.999,16.5600,100
57548999849046,15:59:08.999,16.5600,2
57551537033243,15:59:11.537,16.5600,89
57551537033243,15:59:11.537,16.5600,51
57551537326356,15:59:11.537,16.5600,49
57551537326356,15:59:11.537,16.5600,15
57551537326356,15:59:11.537,16.5600,6
57552621440284,15:59:12.621,16.5550,113
57552621440284,15:59:12.621,16.5550,63
57552621440284,15:59:12.621,16.5550,114
57552621440284,15:59:12.621,16.5550,210
57554464754167,15:59:14.464,16.5500,100
57557463488522,15:59:17.463,16.5550,108
57559691245452,15:59:19.691,16.5550,79
57559691245452,15:59:19.691,16.5600,121
57559709065863,15:59:19.709,16.5600,100
57559709100859,15:59:19.709,16.5600,100
57559709100859,15:59:19.709,16.5600,6
57559709101599,15:59:19.709,16.5600,94
57559709101599,15:59:19.709,16.5600,10
57559709143343,15:59:19.709,16.5600,90
57567975601962,15:59:27.975,16.5500,100
57569102048030,15:59:29.102,16.5600,100
57569243019898,15:59:29.243,16.5600,18
57578159123459,15:59:38.159,16.5700,5
57580850126334,15:59:40.850,16.5700,5
57581049932507,15:59:41.049,16.5700,90
57581306886447,15:59:41.306,16.5700,51
57582225724600,15:59:42.225,16.5600,100
57585464506782,15:59:45.464,16.5650,63
57593065510865,15:59:53.065,16.5600,100
57593747165781,15:59:53.747,16.5700,36
57593798502607,15:59:53.798,16.5600,6
57593798502607,15:59:53.798,16.5600,8
57593798502607,15:59:53.798,16.5600,186
57594667194468,15:59:54.667,16.5700,10
57595069614582,15:59:55.069,16.5700,95
57595069638981,15:59:55.069,16.5700,566
57595799554878,15:59:55.799,16.5600,214
57595799554878,15:59:55.799,16.5600,86
57596803928228,15:59:56.803,16.5600,300
57597599888586,15:59:57.599,16.5600,200
57597620970449,15:59:57.620,16.5700,200
57597729416867,15:59:57.729,16.5600,14
57597729416867,15:59:57.729,16.5600,101
57597803360944,15:59:57.803,16.5600,199
57597803360944,15:59:57.803,16.5600,1
57598599368393,15:59:58.599,16.5600,200
57598599368393,15:59:58.599,16.5600,100
57598799220002,15:59:58.799,16.5500,200
57598799220002,15:59:58.799,16.5500,100
57599003395421,15:59:59.003,16.5500,100
57599003395421,15:59:59.003,16.5500,100
57599201009645,15:59:59.201,16.5500,200
57599271579143,15:59:59.271,16.5600,300
57599401920697,15:59:59.401,16.5500,200
57599900410094,15:59:59.900,16.5500,200
57600257335741,16:00:00.257,16.5500,17121
