timestamp,time,price,volume
34200906400074,09:30:00.906,64.6000,6581
34201912381474,09:30:01.912,64.0000,10
34202189892387,09:30:02.189,64.5000,32
34214933371454,09:30:14.933,62.6100,22
34302298101624,09:31:42.298,64.1900,9
34324664041748,09:32:04.664,64.4500,50
34329905944843,09:32:09.905,64.4500,50
34329905944843,09:32:09.905,64.4600,50
34329906021943,09:32:09.906,64.4500,100
34329921991219,09:32:09.921,64.1200,30
34329921991219,09:32:09.921,64.0900,70
34329922024040,09:32:09.922,64.0900,30
34329922433605,09:32:09.922,63.9800,100
34329922526382,09:32:09.922,63.9800,100
34329922542059,09:32:09.922,63.9800,23
34329922542059,09:32:09.922,63.9700,77
34329922550645,09:32:09.922,63.9700,23
34329922599824,09:32:09.922,63.9300,100
34329923608183,09:32:09.923,63.9800,50
34329927249341,09:32:09.927,63.9800,50
34329927249341,09:32:09.927,63.9800,30
34329927249341,09:32:09.927,63.9800,20
34329927740886,09:32:09.927,63.9700,30
34330284890590,09:32:10.284,63.8500,100
34330373353621,09:32:10.373,63.9600,200
34330373353621,09:32:10.373,63.9800,100
34330373353621,09:32:10.373,63.9800,57
34330373387700,09:32:10.373,63.9800,43
34330373387700,09:32:10.373,63.9800,50
34330373387700,09:32:10.373,63.9800,100
34330373478625,09:32:10.373,63.8500,30
34330373892727,09:32:10.373,63.9800,30
34330382721851,09:32:10.382,63.9800,50
34333430257602,09:32:13.430,63.7700,3
34333433732132,09:32:13.433,63.7400,4
34333433815101,09:32:13.433,63.7700,4
34346938116178,09:32:26.938,64.1900,98
34382858895715,09:33:02.858,64.1450,100
34382858895715,09:33:02.858,64.0000,300
34382858895715,09:33:02.858,63.9800,100
34382858932045,09:33:02.858,63.9800,200
34382858932045,09:33:02.858,63.9800,100
34382859537152,09:33:02.859,63.9800,100
34382868022886,09:33:02.868,64.0200,17
34382870001533,09:33:02.870,63.7400,100
34382870001533,09:33:02.870,63.7400,75
34382870037106,09:33:02.870,63.7400,60
34382870037106,09:33:02.870,63.7400,42
34382870094110,09:33:02.870,63.7400,100
34382870097605,09:33:02.870,63.7200,100
34382870528522,09:33:02.870,63.7200,100
34382916899274,09:33:02.916,64.0200,24
34382916925102,09:33:02.916,64.0200,76
34382916925102,09:33:02.916,64.0200,50
34391466580626,09:33:11.466,64.1000,50
34391466689464,09:33:11.466,64.1100,100
34391467883221,09:33:11.467,64.2900,100
34391467908482,09:33:11.467,64.2900,300
34391467908482,09:33:11.467,64.2900,50
34391467934927,09:33:11.467,64.2900,100
34391467949790,09:33:11.467,64.3000,100
34391467949790,09:33:11.467,64.3100,100
34391468468164,09:33:11.468,64.3600,58
34391468888755,09:33:11.468,64.2900,50
34391469838242,09:33:11.469,64.3100,50
34392339042030,09:33:12.339,64.3100,50
34392339613078,09:33:12.339,64.3100,100
34392339789825,09:33:12.339,64.3600,42
34392340158131,09:33:12.340,64.3800,50
34399401600697,09:33:19.401,64.5900,50
34407022410436,09:33:27.022,64.7150,100
34407022410436,09:33:27.022,64.7150,100
34407024050133,09:33:27.024,64.8400,135
34407024050133,09:33:27.024,64.8400,50
34407024050133,09:33:27.024,64.8400,100
34407024110280,09:33:27.024,64.8400,100
34407024142586,09:33:27.024,64.8300,7
34407024172996,09:33:27.024,64.8300,93
34407024413259,09:33:27.024,64.8300,100
34407025224261,09:33:27.025,64.8500,100
34407025224261,09:33:27.025,64.8500,100
34407025354350,09:33:27.025,64.8400,50
34407028931079,09:33:27.028,65.1000,50
34407028931079,09:33:27.028,65.1000,100
34407046716491,09:33:27.046,65.1000,22
34407047269421,09:33:27.047,65.1000,28
34407050191855,09:33:27.050,65.1000,22
34407050191855,09:33:27.050,64.9700,30
34407050191855,09:33:27.050,64.9400,250
34407050191855,09:33:27.050,64.9000,100
34407050191855,09:33:27.050,64.9000,100
34407050191855,09:33:27.050,64.9000,400
34407055448790,09:33:27.055,64.9000,100
34408750116990,09:33:28.750,64.9000,100
34408750116990,09:33:28.750,64.9000,100
34408750116990,09:33:28.750,64.9000,100
34408750116990,09:33:28.750,64.9000,100
34408750160993,09:33:28.750,64.9000,200
34408750220839,09:33:28.750,64.9000,100
34408750220839,09:33:28.750,64.9000,100
34408750222740,09:33:28.750,64.9000,100
34408750223279,09:33:28.750,64.9000,100
34408750225995,09:33:28.750,64.9000,100
34408750259216,09:33:28.750,64.9000,100
34408750426010,09:33:28.750,64.9000,100
34408750427324,09:33:28.750,64.9000,100
34408750430710,09:33:28.750,64.9000,100
34408750433422,09:33:28.750,64.9000,100
34408750458153,09:33:28.750,64.8500,100
34408750556061,09:33:28.750,64.8400,100
34408750579622,09:33:28.750,64.8700,100
34408750579622,09:33:28.750,64.9000,30
34408750592061,09:33:28.750,64.9000,70
34408750592061,09:33:28.750,64.9100,30
34408750592061,09:33:28.750,64.9100,30
34408750631002,09:33:28.750,64.9000,100
34417106401311,09:33:37.106,64.8400,50
34417106401311,09:33:37.106,64.8700,50
34467560708789,09:34:27.560,64.6800,100
34467893172052,09:34:27.893,64.8550,50
34467893175808,09:34:27.893,64.8550,50
34467893179142,09:34:27.893,64.9100,50
34467893576597,09:34:27.893,65.0400,70
34467893576597,09:34:27.893,65.0500,30
34467893614966,09:34:27.893,65.0500,70
34467893618026,09:34:27.893,65.0500,100
34467893962606,09:34:27.893,65.1000,100
34467894034137,09:34:27.894,65.2900,6
34467894287064,09:34:27.894,65.1300,50
34467895338139,09:34:27.895,65.2900,6
34467898194949,09:34:27.898,64.9900,100
34467898194949,09:34:27.898,64.9900,100
34467898194949,09:34:27.898,64.9900,300
34467898263706,09:34:27.898,64.9200,70
34467898541293,09:34:27.898,64.9200,30
34470197404014,09:34:30.197,65.0900,50
34472951444468,09:34:32.951,65.2200,100
34514002410979,09:35:14.002,65.2100,50
34514562903365,09:35:14.562,65.0800,50
34516345915332,09:35:16.345,65.1000,35
34518586356981,09:35:18.586,65.1000,15
34518586356981,09:35:18.586,65.0700,51
34518586437248,09:35:18.586,65.0600,100
34518586443158,09:35:18.586,65.0600,100
34518586445674,09:35:18.586,65.0600,100
34518586449216,09:35:18.586,65.0600,50
34518586449216,09:35:18.586,65.0700,50
34518586478336,09:35:18.586,65.0700,50
34518586499358,09:35:18.586,64.9850,34
34541846808919,09:35:41.846,64.9000,100
34541846808919,09:35:41.846,64.9000,100
34541846808919,09:35:41.846,64.9000,100
34541846899155,09:35:41.846,64.9000,100
34573695453553,09:36:13.695,64.6100,4
34591420467765,09:36:31.420,64.8800,50
34591420467765,09:36:31.420,64.8800,75
34591420467765,09:36:31.420,64.8800,100
34591422350381,09:36:31.422,64.8800,100
34591436008045,09:36:31.436,64.8800,50
34591436008045,09:36:31.436,64.8900,100
34591436008045,09:36:31.436,64.8900,50
34591437543836,09:36:31.437,64.8900,50
34591437543836,09:36:31.437,64.8900,50
34591438421296,09:36:31.438,65.0500,100
34591438490078,09:36:31.438,64.8900,50
34591439478158,09:36:31.439,64.9300,40
34591439508067,09:36:31.439,64.9300,10
34591439728856,09:36:31.439,64.9300,83
34591439808715,09:36:31.439,64.9300,17
34591443804170,09:36:31.443,64.9100,40
34591443804170,09:36:31.443,64.9300,10
34591443952035,09:36:31.443,64.9300,40
34632878192401,09:37:12.878,64.7150,100
34648277702213,09:37:28.277,64.7100,100
34677206095047,09:37:57.206,64.7200,100
34681833188245,09:38:01.833,64.9900,100
34716943535253,09:38:36.943,65.0300,1
34728249354744,09:38:48.249,64.7050,100
34728249354744,09:38:48.249,65.0300,99
34728249354744,09:38:48.249,65.0400,1
34729476900410,09:38:49.476,64.8200,100
34733251505339,09:38:53.251,65.0300,100
34734339602966,09:38:54.339,65.0200,100
34734339602966,09:38:54.339,65.0200,50
34734339607477,09:38:54.339,65.0200,100
34734339688380,09:38:54.339,65.0200,50
34734339704944,09:38:54.339,65.0200,50
34734339704944,09:38:54.339,65.0400,49
34734339734083,09:38:54.339,65.0400,50
34734341149003,09:38:54.341,65.0400,50
34734341149003,09:38:54.341,65.0400,50
34734341733662,09:38:54.341,65.0400,50
34734341733662,09:38:54.341,65.0600,50
34734341761936,09:38:54.341,65.0600,50
34735281409389,09:38:55.281,65.0600,50
34735282069630,09:38:55.282,65.0800,100
34735282642754,09:38:55.282,65.0700,50
34744519096979,09:39:04.519,65.4100,4
34755055415380,09:39:15.055,65.2800,1
34761353910525,09:39:21.353,65.2800,50
34761353910525,09:39:21.353,65.2900,50
34761353941875,09:39:21.353,65.2900,50
34761353982976,09:39:21.353,65.3400,100
34761354276226,09:39:21.354,65.3400,100
34761354309086,09:39:21.354,65.3400,100
34761354360621,09:39:21.354,65.3500,100
34761355002395,09:39:21.355,65.3400,50
34761364487030,09:39:21.364,65.5300,80
34775187821254,09:39:35.187,65.4100,38
34775846660708,09:39:35.846,65.3400,100
34791153839868,09:39:51.153,65.3400,70
34809884029041,09:40:09.884,65.3600,2
34829190210650,09:40:29.190,65.3600,28
34829190210650,09:40:29.190,65.3600,72
34858900559925,09:40:58.900,65.4450,100
34861583110726,09:41:01.583,65.4450,100
34861667118604,09:41:01.667,65.4450,100
34863423461395,09:41:03.423,65.5200,100
34863817057152,09:41:03.817,65.4400,102
34863817656202,09:41:03.817,65.4350,98
34863817656202,09:41:03.817,65.3700,2
34870883889494,09:41:10.883,65.4300,2
34892968124860,09:41:32.968,65.4550,100
34892968143564,09:41:32.968,65.5100,50
34899402636059,09:41:39.402,65.4550,100
34899402714834,09:41:39.402,65.5100,50
34899403865519,09:41:39.403,65.5100,50
34900432067385,09:41:40.432,65.5200,100
34900432067385,09:41:40.432,65.5200,50
34900432067385,09:41:40.432,65.5200,96
34900432111949,09:41:40.432,65.5200,100
34900432111949,09:41:40.432,65.5300,20
34900432388982,09:41:40.432,65.5300,100
34900433103472,09:41:40.433,65.5300,50
34900439606442,09:41:40.439,65.5300,100
34900439642376,09:41:40.439,65.5500,34
34900439686012,09:41:40.439,65.5500,66
34900439686012,09:41:40.439,65.5500,50
34900982228799,09:41:40.982,65.5600,100
34903364268561,09:41:43.364,65.5600,30
34903364295658,09:41:43.364,65.5600,20
34905403547589,09:41:45.403,65.5700,50
34906742795391,09:41:46.742,65.5800,100
34906742821539,09:41:46.742,65.5800,50
34908512835766,09:41:48.512,65.6500,50
34908515140157,09:41:48.515,65.6600,50
34908515256425,09:41:48.515,65.5300,10
34908515637016,09:41:48.515,65.6600,10
34908515639183,09:41:48.515,65.6600,100
34910318952339,09:41:50.318,65.6600,50
34910321677281,09:41:50.321,65.6700,50
34922460027165,09:42:02.460,65.5850,100
34932639503129,09:42:12.639,65.5800,2
34932640649699,09:42:12.640,65.5800,100
34933107138460,09:42:13.107,65.5800,50
34943104686024,09:42:23.104,65.5700,100
34943104686024,09:42:23.104,65.6300,50
34943105241369,09:42:23.105,65.5100,1
34943105246705,09:42:23.105,65.5000,100
34943105370037,09:42:23.105,65.5000,100
34943105384707,09:42:23.105,65.5000,100
34961494301625,09:42:41.494,65.5250,100
34967851728815,09:42:47.851,65.5400,100
34967851819912,09:42:47.851,65.5500,100
34967851819912,09:42:47.851,65.5500,50
34967851822664,09:42:47.851,65.5400,100
34968961926052,09:42:48.961,65.5600,100
34968961953513,09:42:48.961,65.5600,50
34969867416807,09:42:49.867,65.5700,50
34969867416807,09:42:49.867,65.5700,100
34969867906927,09:42:49.867,65.6100,100
34969868298303,09:42:49.868,65.5700,100
34971876372018,09:42:51.876,65.5900,50
34971876372018,09:42:51.876,65.5900,100
34971876840253,09:42:51.876,65.5900,100
34971876840793,09:42:51.876,65.6100,100
34973398071783,09:42:53.398,65.6100,50
34975457915646,09:42:55.457,65.6200,100
34975458406838,09:42:55.458,65.6300,100
34976399671639,09:42:56.399,65.6300,100
34976399697895,09:42:56.399,65.6300,100
34976399730849,09:42:56.399,65.6400,100
34976399743600,09:42:56.399,65.6600,100
34976400168280,09:42:56.400,65.6300,100
34976400185659,09:42:56.400,65.6800,100
34978910395195,09:42:58.910,65.6350,100
34983434669035,09:43:03.434,65.8050,100
34992883260571,09:43:12.883,65.8000,1
34993033111800,09:43:13.033,65.8000,99
35016444731505,09:43:36.444,65.8300,100
35053328897340,09:44:13.328,66.0800,100
35053884714523,09:44:13.884,66.0800,2
35080952463924,09:44:40.952,66.0700,100
35093666653995,09:44:53.666,66.0800,100
35095587222976,09:44:55.587,65.8600,2
35095587228688,09:44:55.587,65.8600,98
35095587228688,09:44:55.587,65.8500,2
35095587293961,09:44:55.587,65.8500,100
35095587348746,09:44:55.587,65.8600,100
35095588043327,09:44:55.588,65.8500,28
35095588109039,09:44:55.588,65.8400,100
35095588133377,09:44:55.588,65.8300,100
35095588217573,09:44:55.588,65.8600,28
35095588374296,09:44:55.588,65.8300,100
35095588461560,09:44:55.588,65.8300,100
35095588539221,09:44:55.588,65.8300,100
35095592727957,09:44:55.592,65.8200,100
35095638516159,09:44:55.638,65.7500,100
35115751034336,09:45:15.751,65.7500,100
35128155870405,09:45:28.155,65.9600,100
35136602735003,09:45:36.602,65.9500,100
35136602833441,09:45:36.602,65.9800,100
35136602837966,09:45:36.602,66.0200,100
35136602953277,09:45:36.602,66.0300,100
35136602953277,09:45:36.602,66.0300,100
35136603051961,09:45:36.603,66.0300,100
35136603111970,09:45:36.603,66.0300,100
35175882511782,09:46:15.882,65.9100,1
35179917587073,09:46:19.917,65.9050,99
35185741297820,09:46:25.741,66.0500,100
35236884441786,09:47:16.884,65.9800,1
35268152546115,09:47:48.152,66.0500,50
35268152546115,09:47:48.152,66.0600,99
35268152546115,09:47:48.152,66.0800,51
35273463326412,09:47:53.463,65.9000,100
35273463326412,09:47:53.463,65.8900,2
35273463326412,09:47:53.463,65.8900,76
35273463359181,09:47:53.463,65.8900,24
35273463359181,09:47:53.463,65.8900,76
35273463420802,09:47:53.463,65.8800,76
35273463884307,09:47:53.463,65.8400,20
35273463910258,09:47:53.463,65.8400,80
35327936805255,09:48:47.936,65.4600,100
35327936805839,09:48:47.936,65.4600,100
35327936809523,09:48:47.936,65.4600,100
35327937170895,09:48:47.937,65.4500,10
35358882349869,09:49:18.882,65.4800,2
35374271323712,09:49:34.271,65.2900,200
35412514460186,09:50:12.514,65.2300,100
35419882637447,09:50:19.882,65.2200,2
35433609895923,09:50:33.609,65.2900,23
35433609922985,09:50:33.609,65.2900,77
35433609922985,09:50:33.609,65.3000,23
35433610033512,09:50:33.610,65.3000,100
35433610063221,09:50:33.610,65.2950,100
35433610117359,09:50:33.610,65.2900,100
35433610958970,09:50:33.610,65.3000,9
35433610990821,09:50:33.610,65.3000,14
35433611527228,09:50:33.611,65.3500,30
35433612439036,09:50:33.612,65.3000,30
35433612439036,09:50:33.612,65.3000,10
35433612439036,09:50:33.612,65.3000,10
35433613137373,09:50:33.613,65.3000,100
35433615584341,09:50:33.615,65.3000,100
35437370166052,09:50:37.370,65.3900,100
35437370974518,09:50:37.370,65.4000,100
35439164184084,09:50:39.164,65.4400,93
35439164530511,09:50:39.164,65.4400,7
35441708739973,09:50:41.708,65.4400,100
35441709048234,09:50:41.709,65.4500,100
35451183428458,09:50:51.183,65.5800,77
35457744555407,09:50:57.744,65.5800,23
35457744555407,09:50:57.744,65.6500,77
35457744991230,09:50:57.744,65.4600,2
35457745027326,09:50:57.745,65.4600,29
35457745038073,09:50:57.745,65.4600,3
35480882055641,09:51:20.882,65.6500,2
35495424736606,09:51:35.424,65.6100,100
35495424800773,09:51:35.424,65.6000,100
35495424806870,09:51:35.424,65.5500,88
35495424806870,09:51:35.424,65.5400,84
35495424812397,09:51:35.424,65.5400,16
35533284842814,09:52:13.284,65.5000,100
35533284842814,09:52:13.284,65.4300,100
35533284842814,09:52:13.284,65.3600,100
35533284842814,09:52:13.284,65.3600,400
35533284908613,09:52:13.284,65.3600,100
35533284916902,09:52:13.284,65.3500,84
35533284978379,09:52:13.284,65.3700,100
35533285275677,09:52:13.285,65.3600,116
35533285315890,09:52:13.285,65.3700,100
35533285329763,09:52:13.285,65.3600,116
35533285353560,09:52:13.285,65.3600,30
35533285353560,09:52:13.285,65.3600,68
35533285353560,09:52:13.285,65.3500,16
35533285353560,09:52:13.285,65.3500,2
35533285368252,09:52:13.285,65.3700,44
35533285381698,09:52:13.285,65.3500,98
35533286221311,09:52:13.286,65.3700,30
35533286221311,09:52:13.286,65.3700,32
35533286221311,09:52:13.286,65.3700,18
35533286221311,09:52:13.286,65.3700,20
35533287884877,09:52:13.287,65.3700,14
35533514412420,09:52:13.514,65.5300,100
35541882785981,09:52:21.882,65.5900,2
35542793382903,09:52:22.793,65.4000,200
35542793382903,09:52:22.793,65.3700,100
35542793382903,09:52:22.793,65.3700,100
35542793382903,09:52:22.793,65.3700,23
35542794160637,09:52:22.794,65.4000,75
35542794160637,09:52:22.794,65.3700,25
35542794574550,09:52:22.794,65.3700,43
35577952571228,09:52:57.952,65.6350,100
35602882895589,09:53:22.882,65.6500,2
35633841009736,09:53:53.841,65.6850,100
35657193331307,09:54:17.193,65.5900,100
35657194855325,09:54:17.194,65.6000,100
35657194888604,09:54:17.194,65.6200,100
35657195135036,09:54:17.195,65.5400,30
35657195248841,09:54:17.195,65.5700,10
35657216243818,09:54:17.216,65.5700,46
35657216243818,09:54:17.216,65.5700,5
35657216243818,09:54:17.216,65.5700,49
35663296456579,09:54:23.296,65.5600,100
35663296456579,09:54:23.296,65.5800,100
35663296456579,09:54:23.296,65.5900,100
35663298000744,09:54:23.298,65.5900,100
35673310903671,09:54:33.310,65.4000,100
35674980208451,09:54:34.980,65.3900,17
35674983222668,09:54:34.983,65.4000,100
35677303243681,09:54:37.303,65.4000,100
35680743603302,09:54:40.743,65.4000,100
35680901748338,09:54:40.901,65.4000,100
35684275755428,09:54:44.275,65.4000,100
35684462543059,09:54:44.462,65.4000,100
35688924289532,09:54:48.924,65.4000,500
35693129287704,09:54:53.129,65.4000,800
35693783410869,09:54:53.783,65.5500,86
35693784069643,09:54:53.784,65.5500,14
35693784069643,09:54:53.784,65.5500,86
35693784649093,09:54:53.784,65.5500,14
35693784649093,09:54:53.784,65.5500,100
35693784713925,09:54:53.784,65.5600,100
35693784725016,09:54:53.784,65.5500,100
35716606350052,09:55:16.606,65.6800,100
35716607180620,09:55:16.607,65.6700,100
35717794092767,09:55:17.794,65.8200,50
35717794092767,09:55:17.794,65.8200,50
35724885135723,09:55:24.885,65.6500,1
35759976806415,09:55:59.976,65.7250,100
35759978507558,09:55:59.978,65.6400,100
35759978507558,09:55:59.978,65.6400,100
35759978585206,09:55:59.978,65.6400,100
35843807696568,09:57:23.807,65.5000,50
35849006344851,09:57:29.006,65.5000,2
35850472396571,09:57:30.472,65.5000,50
35861116114930,09:57:41.116,65.3900,100
35879730063957,09:57:59.730,65.5000,50
35879730149129,09:57:59.730,65.5000,100
35880600560437,09:58:00.600,65.6200,100
35907921115182,09:58:27.921,65.6600,2
35967884990767,09:59:27.884,65.7000,2
35967886029072,09:59:27.886,65.7300,14
35967886029072,09:59:27.886,65.7500,36
35967886127857,09:59:27.886,65.7000,14
35986160690347,09:59:46.160,65.7500,14
35986160690347,09:59:46.160,65.8100,6
35986160690347,09:59:46.160,65.8100,80
35986161316182,09:59:46.161,65.8100,120
35986161390826,09:59:46.161,65.8200,87
35986161398340,09:59:46.161,65.8200,13
35986161398340,09:59:46.161,65.8200,87
35986161450514,09:59:46.161,65.8200,13
36029018564847,10:00:29.018,65.8800,1
36029018913188,10:00:29.018,65.8300,100
36029018913188,10:00:29.018,65.8300,76
36029018942773,10:00:29.018,65.8200,76
36029019312485,10:00:29.019,65.8200,50
36029019312485,10:00:29.019,65.8300,50
36057770524794,10:00:57.770,65.7700,40
36057770578689,10:00:57.770,65.7700,60
36061274895188,10:01:01.274,65.7700,100
36061274895188,10:01:01.274,65.7700,100
36061274901857,10:01:01.274,65.7700,100
36069686615905,10:01:09.686,65.6600,100
36069686641163,10:01:09.686,65.6600,30
36069687063772,10:01:09.687,65.5900,100
36069687063772,10:01:09.687,65.5900,100
36077220497078,10:01:17.220,65.4850,100
36125052950990,10:02:05.052,65.3600,25
36148008067016,10:02:28.008,65.4100,1
36208011397575,10:03:28.011,65.3800,2
36221072781056,10:03:41.072,65.3300,100
36221073099372,10:03:41.073,65.3100,100
36221073099372,10:03:41.073,65.3100,100
36221073340777,10:03:41.073,65.3000,100
36221073536736,10:03:41.073,65.3100,34
36221073564372,10:03:41.073,65.3100,57
36221073596648,10:03:41.073,65.3100,9
36221073902623,10:03:41.073,65.3000,100
36229931761787,10:03:49.931,65.3100,61
36237243114486,10:03:57.243,65.3100,39
36237243114486,10:03:57.243,65.3100,25
36237243617384,10:03:57.243,65.3100,7
36237243617384,10:03:57.243,65.3100,70
36237243617384,10:03:57.243,65.3100,7
36237243712037,10:03:57.243,65.3000,9
36237245284839,10:03:57.245,65.3000,91
36237245916069,10:03:57.245,65.2900,100
36237245982297,10:03:57.245,65.1900,50
36240179813673,10:04:00.179,65.2100,100
36240179813673,10:04:00.179,65.2000,100
36240179813673,10:04:00.179,65.2000,100
36260258265092,10:04:20.258,65.2500,2
36260258330475,10:04:20.258,65.2500,2
36268013524818,10:04:28.013,65.3400,2
36271747282067,10:04:31.747,65.2500,46
36271747282067,10:04:31.747,65.2400,100
36271747282067,10:04:31.747,65.2400,54
36271761962827,10:04:31.761,65.2500,100
36271761962827,10:04:31.761,65.2400,23
36271774453897,10:04:31.774,65.2200,100
36271774779935,10:04:31.774,65.2000,80
36271788637785,10:04:31.788,65.0900,100
36271788637785,10:04:31.788,65.0800,77
36271788664847,10:04:31.788,65.0800,23
36271788664847,10:04:31.788,65.0800,100
36271789044713,10:04:31.789,65.0800,100
36271835974825,10:04:31.835,64.9800,100
36328017922556,10:05:28.017,65.1000,1
36328018290102,10:05:28.018,65.1000,10
36328018290102,10:05:28.018,65.1100,10
36340643598275,10:05:40.643,64.9900,100
36340643598275,10:05:40.643,64.9800,100
36340643598275,10:05:40.643,64.9800,77
36340643625482,10:05:40.643,64.9800,23
36340643625482,10:05:40.643,64.9800,77
36340643972505,10:05:40.643,64.9700,71
36340643972505,10:05:40.643,64.9600,19
36340738820207,10:05:40.738,64.9500,100
36342287719923,10:05:42.287,64.9500,100
36342287719923,10:05:42.287,64.9400,100
36342287719923,10:05:42.287,64.9400,38
36342287748458,10:05:42.287,64.9400,23
36342287748458,10:05:42.287,64.9400,77
36342288143848,10:05:42.288,64.9400,100
36342290297446,10:05:42.290,64.9400,100
36346289191785,10:05:46.289,65.0150,200
36348725256636,10:05:48.725,64.9400,100
36348767103357,10:05:48.767,64.9300,5
36348767138379,10:05:48.767,64.9300,95
36348767157987,10:05:48.767,64.9300,95
36350606171108,10:05:50.606,64.9300,5
36350606272804,10:05:50.606,64.9300,100
36389017711349,10:06:29.017,64.9700,1
36399404645024,10:06:39.404,64.9750,142
36401386008366,10:06:41.386,64.9300,75
36401394344606,10:06:41.394,64.9300,25
36401394995788,10:06:41.394,64.9200,42
36401410840085,10:06:41.410,64.9300,100
36449014084607,10:07:29.014,64.9700,1
36450886051160,10:07:30.886,65.0000,20
36450886051160,10:07:30.886,65.0100,80
36450886417288,10:07:30.886,65.0100,20
36450886448159,10:07:30.886,65.0300,6
36450886488323,10:07:30.886,65.0100,100
36497458502168,10:08:17.458,65.1100,20
36497458502168,10:08:17.458,65.1200,80
36497458621514,10:08:17.458,65.1200,20
36498789962326,10:08:18.789,65.2600,100
36503256791122,10:08:23.256,65.1500,100
36514484492991,10:08:34.484,65.1300,2
36514486272006,10:08:34.486,65.1300,100
36570680007328,10:09:30.680,65.2600,20
36570680007328,10:09:30.680,65.2700,80
36570680063897,10:09:30.680,65.2700,20
36570680131268,10:09:30.680,65.2700,97
36570680186263,10:09:30.680,65.2700,3
36570680694274,10:09:30.680,65.3900,50
36570787881681,10:09:30.787,65.2700,100
36579029491959,10:09:39.029,65.3400,2
36629024849992,10:10:29.024,65.3800,1
36682007294128,10:11:22.007,65.4700,20
36682007294128,10:11:22.007,65.4800,80
36688021638727,10:11:28.021,65.4200,2
36688021638727,10:11:28.021,65.4200,100
36688021743836,10:11:28.021,65.4300,25
36688021743836,10:11:28.021,65.4100,52
36688021750981,10:11:28.021,65.4100,25
36688022083496,10:11:28.022,65.4100,100
36692023270430,10:11:32.023,65.4700,100
36692023591447,10:11:32.023,65.4700,100
36692023629348,10:11:32.023,65.4700,100
36692023629348,10:11:32.023,65.4800,100
36694683710743,10:11:34.683,65.4800,100
36694689111427,10:11:34.689,65.4900,200
36694689149705,10:11:34.689,65.5000,50
36694689153796,10:11:34.689,65.5300,100
36694689153796,10:11:34.689,65.5300,44
36694689174028,10:11:34.689,65.5300,56
36694792120632,10:11:34.792,65.5500,100
36736630317392,10:12:16.630,65.6300,100
36736630361738,10:12:16.630,65.6200,100
36736630382778,10:12:16.630,65.6200,51
36736630737684,10:12:16.630,65.6200,49
36736630776630,10:12:16.630,65.6100,86
36736630821946,10:12:16.630,65.5700,83
36736630824294,10:12:16.630,65.5700,4
36736633026336,10:12:16.633,65.5700,100
36736633547551,10:12:16.633,65.5600,100
36736634159258,10:12:16.634,65.5600,29
36778457191621,10:12:58.457,65.4000,100
36778457240649,10:12:58.457,65.4000,100
36778457242262,10:12:58.457,65.4000,100
36778457245001,10:12:58.457,65.4000,100
36778457268606,10:12:58.457,65.4000,100
36778457380733,10:12:58.457,65.4000,39
36778457386533,10:12:58.457,65.4000,61
36778457421128,10:12:58.457,65.4000,13
36778457610740,10:12:58.457,65.3800,100
36778457690845,10:12:58.457,65.4000,87
36778457690845,10:12:58.457,65.3700,13
36778457717260,10:12:58.457,65.3700,87
36778457717260,10:12:58.457,65.3700,13
36778457719189,10:12:58.457,65.3700,87
36778458231224,10:12:58.458,65.3700,100
36780196260219,10:13:00.196,65.4300,4
36780196351190,10:13:00.196,65.4500,20
36780196351190,10:13:00.196,65.4600,4
36786837390629,10:13:06.837,65.5000,100
36786843106009,10:13:06.843,65.5000,100
36797292550287,10:13:17.292,65.5500,100
36803694586150,10:13:23.694,65.5600,100
36808007219140,10:13:28.007,65.5800,2
36824938275285,10:13:44.938,65.4900,100
36824938375180,10:13:44.938,65.4800,100
36851483789449,10:14:11.483,65.4700,100
36851483789449,10:14:11.483,65.4700,100
36851483789449,10:14:11.483,65.4700,100
36851483855130,10:14:11.483,65.4600,61
36851483855130,10:14:11.483,65.4600,37
36851483884607,10:14:11.483,65.4600,163
36851484273369,10:14:11.484,65.4600,1
36888371916435,10:14:48.371,65.2500,100
36888371994631,10:14:48.371,65.2400,100
36888372235873,10:14:48.372,65.2200,100
36888372352771,10:14:48.372,65.2100,100
36888372383241,10:14:48.372,65.2100,100
36888372385804,10:14:48.372,65.2500,100
36888374821381,10:14:48.374,65.2600,15
36917137706540,10:15:17.137,65.3800,100
36917137769085,10:15:17.137,65.3800,100
36917137787119,10:15:17.137,65.4000,98
36917137795428,10:15:17.137,65.4000,2
36917137795428,10:15:17.137,65.4000,3
36917137872265,10:15:17.137,65.3800,100
36917138266899,10:15:17.138,65.3900,30
36917138353922,10:15:17.138,65.3800,30
36922943447941,10:15:22.943,65.4000,100
36922943447941,10:15:22.943,65.4000,100
36922943535991,10:15:22.943,65.4000,100
36922943947443,10:15:22.943,65.4000,97
36929863543277,10:15:29.863,65.4400,43
36929863552168,10:15:29.863,65.4400,57
36944773610686,10:15:44.773,65.4400,83
36944773610686,10:15:44.773,65.4200,100
36944773610686,10:15:44.773,65.4200,17
36944773641409,10:15:44.773,65.4200,83
36944773642753,10:15:44.773,65.4200,83
36944773644323,10:15:44.773,65.4200,17
36986144031318,10:16:26.144,65.3000,77
36986144058040,10:16:26.144,65.3000,23
36986144058040,10:16:26.144,65.3000,77
36986144120957,10:16:26.144,65.2900,100
36986144325661,10:16:26.144,65.2800,67
36986144358220,10:16:26.144,65.2900,100
36986145551214,10:16:26.145,65.2800,13
36986145577678,10:16:26.145,65.2800,87
36986145577678,10:16:26.145,65.2800,13
36986145615133,10:16:26.145,65.2800,87
36987489938045,10:16:27.489,65.2900,100
36994689933556,10:16:34.689,65.1800,100
36994689979037,10:16:34.689,65.1400,100
36994690183692,10:16:34.690,65.1300,100
37036610824875,10:17:16.610,65.1200,81
37036610824875,10:17:16.610,65.1100,100
37036610824875,10:17:16.610,65.1100,19
37036610854567,10:17:16.610,65.1100,81
37036610915448,10:17:16.610,65.1000,100
37042998087936,10:17:22.998,64.8400,50
37042999345464,10:17:22.999,64.8400,50
37046678796174,10:17:26.678,64.8100,200
37046678796174,10:17:26.678,64.8900,100
37091927279513,10:18:11.927,64.8400,100
37091927279513,10:18:11.927,64.8400,100
37091927310077,10:18:11.927,64.8400,100
37091927310077,10:18:11.927,64.8400,100
37091927941850,10:18:11.927,64.8400,100
37092011947649,10:18:12.011,64.8400,92
37092011947649,10:18:12.011,64.8400,8
37109019700157,10:18:29.019,64.8100,2
37110027886590,10:18:30.027,64.8400,100
37110027886590,10:18:30.027,64.8400,200
37110027927524,10:18:30.027,64.8500,100
37110027933091,10:18:30.027,64.8800,95
37110027935131,10:18:30.027,64.8800,5
37114516605192,10:18:34.516,64.8800,200
37150976569310,10:19:10.976,64.8700,120
37155535194154,10:19:15.535,64.9200,100
37168013283807,10:19:28.013,64.9300,100
37168013301950,10:19:28.013,64.9300,20
37168013314418,10:19:28.013,64.9200,1
37169153931274,10:19:29.153,64.9500,50
37169153931274,10:19:29.153,64.9700,50
37173498981925,10:19:33.498,64.9800,50
37173647256784,10:19:33.647,65.0100,50
37177174666944,10:19:37.174,65.0500,100
37177174751972,10:19:37.174,65.0600,95
37177175011128,10:19:37.175,65.0600,5
37177181139939,10:19:37.181,65.0600,500
37177181212049,10:19:37.181,65.0600,100
37177181236702,10:19:37.181,65.0600,400
37177181258537,10:19:37.181,65.0600,400
37177181855822,10:19:37.181,65.0700,100
37229015663290,10:20:29.015,65.1400,2
37230190534770,10:20:30.190,65.1000,68
37230190611448,10:20:30.190,65.1000,13
37230190611448,10:20:30.190,65.0900,100
37230190611448,10:20:30.190,65.0900,64
37230190638129,10:20:30.190,65.0900,13
37230190676683,10:20:30.190,65.0800,55
37230190700444,10:20:30.190,65.0800,22
37230190953746,10:20:30.190,65.0800,68
37230190987589,10:20:30.190,65.0800,32
37270810497484,10:21:10.810,65.0200,36
37270810523775,10:21:10.810,65.0200,64
37270810523775,10:21:10.810,65.0200,77
37270810523775,10:21:10.810,65.0200,100
37270810527146,10:21:10.810,65.0200,136
37270810540459,10:21:10.810,65.0200,8
37270810568308,10:21:10.810,65.0200,56
37270810568956,10:21:10.810,65.0100,77
37270811056322,10:21:10.811,65.0100,100
37270811056322,10:21:10.811,65.0100,100
37271503274717,10:21:11.503,65.0900,10
37271503274717,10:21:11.503,65.1000,50
37271503274717,10:21:11.503,65.1300,40
37271503370229,10:21:11.503,65.0900,100
37271503370750,10:21:11.503,65.0900,100
37271503375144,10:21:11.503,65.0900,100
37341532421864,10:22:21.532,65.1200,10
37341532450385,10:22:21.532,65.1200,10
37341532450385,10:22:21.532,65.1200,6
37341532450385,10:22:21.532,65.1200,10
37341532513200,10:22:21.532,65.1200,100
37341532930007,10:22:21.532,65.1300,100
37341533315083,10:22:21.533,65.1500,100
37341533315083,10:22:21.533,65.1600,100
37341533395124,10:22:21.533,65.1600,100
37348013295902,10:22:28.013,65.1100,1
37356043516925,10:22:36.043,65.0600,14
37356043543043,10:22:36.043,65.0600,8
37356043626441,10:22:36.043,65.0600,7
37378237717197,10:22:58.237,65.0300,14
37378238501388,10:22:58.238,65.0300,67
37378238501388,10:22:58.238,65.0100,33
37378238503612,10:22:58.238,65.0100,67
37378238503612,10:22:58.238,65.0100,33
37378238507761,10:22:58.238,65.0100,17
37378238573593,10:22:58.238,65.0000,100
37378238784359,10:22:58.238,65.0000,100
37378240696623,10:22:58.240,65.0100,100
37378240696623,10:22:58.240,65.0200,100
37378242812265,10:22:58.242,64.9700,28
37378246354562,10:22:58.246,64.9100,44
37378246486068,10:22:58.246,64.9100,14
37378246527711,10:22:58.246,64.9100,100
37408008597335,10:23:28.008,64.8500,1
37468011024306,10:24:28.011,64.8500,1
37528008896309,10:25:28.008,64.8400,1
37575180657991,10:26:15.180,64.7400,10
37575180657991,10:26:15.180,64.7300,100
37575180657991,10:26:15.180,64.7200,90
37575180852017,10:26:15.180,64.7200,10
37575180852017,10:26:15.180,64.7200,100
37575180853358,10:26:15.180,64.7200,100
37575183400622,10:26:15.183,64.7100,100
37577289388523,10:26:17.289,64.7200,100
37577289828192,10:26:17.289,64.7100,100
37577290251504,10:26:17.290,64.7000,69
37577295836984,10:26:17.295,64.6300,100
37577295836984,10:26:17.295,64.6700,200
37577295867635,10:26:17.295,64.6700,291
37577380831677,10:26:17.380,64.6000,100
37577380831677,10:26:17.380,64.5800,100
37577381773706,10:26:17.381,64.5800,68
37577383420373,10:26:17.383,64.5700,100
37577383420373,10:26:17.383,64.5700,22
37580345060527,10:26:20.345,64.5800,112
37580345412849,10:26:20.345,64.5800,100
37612198641670,10:26:52.198,64.4200,24
37613056377720,10:26:53.056,64.4100,100
37613056377720,10:26:53.056,64.4100,68
37613056377720,10:26:53.056,64.4100,100
37617489614599,10:26:57.489,64.2700,3
37622916122164,10:27:02.916,64.3400,100
37622927981540,10:27:02.927,64.3400,26
37622927981540,10:27:02.927,64.3400,90
37628257476804,10:27:08.257,64.3400,28
37628257476804,10:27:08.257,64.3400,38
37628257476804,10:27:08.257,64.3400,100
37628257633613,10:27:08.257,64.3400,100
37628257924719,10:27:08.257,64.3500,50
37628257924719,10:27:08.257,64.3500,14
37628257931501,10:27:08.257,64.3600,25
37628257977649,10:27:08.257,64.3600,75
37629514871949,10:27:09.514,64.4400,10
37634026790417,10:27:14.026,64.5000,48
37634027209194,10:27:14.027,64.5200,100
37648009060942,10:27:28.009,64.4400,1
37650886082242,10:27:30.886,64.5400,100
37650886421378,10:27:30.886,64.5600,100
37650896373844,10:27:30.896,64.6400,100
37706873176559,10:28:26.873,64.5700,5
37706873176559,10:28:26.873,64.5500,14
37706873176559,10:28:26.873,64.5500,50
37706873176559,10:28:26.873,64.5500,100
37706873176559,10:28:26.873,64.5500,100
37706873176559,10:28:26.873,64.5400,51
37706873244273,10:28:26.873,64.5400,49
37706873254384,10:28:26.873,64.5300,100
37706873264373,10:28:26.873,64.5500,100
37706888740218,10:28:26.888,64.5300,10
37767781150047,10:29:27.781,64.4500,100
37767781259343,10:29:27.781,64.4400,45
37822198181129,10:30:22.198,64.3500,10
37828021540718,10:30:28.021,64.3900,1
37852745294641,10:30:52.745,64.2700,80
37852745294641,10:30:52.745,64.2400,100
37852745294641,10:30:52.745,64.2400,10
37852745328793,10:30:52.745,64.2400,33
37852745328793,10:30:52.745,64.2400,100
37852984293324,10:30:52.984,64.3300,112
37852991246264,10:30:52.991,64.2800,10
37852991246264,10:30:52.991,64.2700,35
37852991246264,10:30:52.991,64.2300,35
37852991246264,10:30:52.991,64.2300,20
37852991934400,10:30:52.991,64.2800,100
37870648457031,10:31:10.648,64.3300,10
37870648581478,10:31:10.648,64.3300,100
37870648953892,10:31:10.648,64.3600,30
37870648953892,10:31:10.648,64.3900,100
37870648953892,10:31:10.648,64.3900,58
37870649033993,10:31:10.649,64.3900,42
37870649033993,10:31:10.649,64.3900,100
37870649033993,10:31:10.649,64.3900,100
37870649172750,10:31:10.649,64.3900,100
37870649844068,10:31:10.649,64.4400,100
37875019193756,10:31:15.019,64.4900,100
37875019264515,10:31:15.019,64.4900,8
37875019315640,10:31:15.019,64.4900,57
37875019341154,10:31:15.019,64.4900,35
37875019341154,10:31:15.019,64.4900,40
37893173295961,10:31:33.173,64.4750,33
37893173324331,10:31:33.173,64.4750,1
37893173732788,10:31:33.173,64.4750,2
37893174332226,10:31:33.174,64.4750,2
37893174923995,10:31:33.174,64.4750,2
37893175514586,10:31:33.175,64.4750,2
37917052311358,10:31:57.052,64.5300,40
37917052311358,10:31:57.052,64.5400,6
37917052311358,10:31:57.052,64.5400,100
37917052311358,10:31:57.052,64.5400,60
37917052374031,10:31:57.052,64.5400,40
37949745107774,10:32:29.745,64.6700,2
37993126341352,10:33:13.126,64.6200,2
38004216569609,10:33:24.216,64.7400,35
38004216569609,10:33:24.216,64.7600,65
38004216599727,10:33:24.216,64.7600,35
38004216686022,10:33:24.216,64.7600,100
38026068239914,10:33:46.068,64.7700,100
38026068239914,10:33:46.068,64.7700,100
38031531017388,10:33:51.531,64.7700,1
38042075362935,10:34:02.075,64.7700,8
38042075362935,10:34:02.075,64.7700,92
38043427326249,10:34:03.427,64.7800,100
38043427326249,10:34:03.427,64.7800,8
38045028883704,10:34:05.028,64.8300,100
38069631165661,10:34:29.631,64.8500,2
38069631482652,10:34:29.631,64.8000,100
38069631482652,10:34:29.631,64.8000,100
38069631520542,10:34:29.631,64.7900,100
38074207638069,10:34:34.207,64.6900,100
38074208105559,10:34:34.208,64.6900,61
38074208182907,10:34:34.208,64.6200,43
38074208473561,10:34:34.208,64.6200,57
38074208555877,10:34:34.208,64.6000,10
38074208555877,10:34:34.208,64.6000,100
38074208812051,10:34:34.208,64.5900,10
38074208812051,10:34:34.208,64.5900,5
38074208840233,10:34:34.208,64.5900,95
38074209147190,10:34:34.209,64.6300,100
38128013506349,10:35:28.013,64.7200,2
38154738636306,10:35:54.738,64.6000,10
38154739146622,10:35:54.739,64.5900,10
38154739179615,10:35:54.739,64.5800,10
38154739179615,10:35:54.739,64.5800,10
38154739179615,10:35:54.739,64.5700,10
38154739179615,10:35:54.739,64.5700,70
38154739243656,10:35:54.739,64.5700,30
38154739557731,10:35:54.739,64.5600,10
38154739557731,10:35:54.739,64.5600,10
38154739557731,10:35:54.739,64.5500,1
38154739557731,10:35:54.739,64.5500,19
38154739979338,10:35:54.739,64.5400,2
38154739979338,10:35:54.739,64.5300,10
38154739979338,10:35:54.739,64.5300,10
38154739979338,10:35:54.739,64.5200,10
38154739979338,10:35:54.739,64.5200,10
38154739979338,10:35:54.739,64.5100,10
38154739979338,10:35:54.739,64.5000,5
38154739979338,10:35:54.739,64.4900,2
38154740246717,10:35:54.740,64.4900,4
38154740246717,10:35:54.740,64.4800,10
38154740305684,10:35:54.740,64.5900,100
38155036839589,10:35:55.036,64.6400,5
38155036839589,10:35:55.036,64.6400,46
38161914807407,10:36:01.914,64.6600,100
38161914807407,10:36:01.914,64.6600,100
38161914911717,10:36:01.914,64.6600,100
38161915338114,10:36:01.915,64.6700,100
38161915338114,10:36:01.915,64.6900,55
38161915492450,10:36:01.915,64.6900,45
38161915492450,10:36:01.915,64.6900,100
38161915492450,10:36:01.915,64.7300,67
38184910804935,10:36:24.910,64.6500,2
38184911579293,10:36:24.911,64.6200,100
38184911618223,10:36:24.911,64.6100,100
38184921854139,10:36:24.921,64.5700,100
38184921892225,10:36:24.921,64.5500,100
38184936814241,10:36:24.936,64.5300,100
38225935612422,10:37:05.935,64.7200,100
38225935612422,10:37:05.935,64.7200,100
38225935612422,10:37:05.935,64.7200,100
38225935612422,10:37:05.935,64.7200,100
38225935775904,10:37:05.935,64.7200,100
38225952500675,10:37:05.952,64.7300,100
38226015357343,10:37:06.015,64.7500,100
38236541762147,10:37:16.541,64.6100,1
38236541763340,10:37:16.541,64.6100,99
38236541763340,10:37:16.541,64.5900,1
38236541851401,10:37:16.541,64.5800,100
38236541851401,10:37:16.541,64.5700,100
38236541858035,10:37:16.541,64.5400,100
38236542283596,10:37:16.542,64.5300,100
38236542647723,10:37:16.542,64.5900,100
38236643561446,10:37:16.643,64.5300,100
38308016509689,10:38:28.016,64.6200,2
38335124188170,10:38:55.124,64.6000,35
38337773895621,10:38:57.773,64.6000,100
38368012375240,10:39:28.012,64.6000,2
38428007813686,10:40:28.007,64.6000,1
38454142770357,10:40:54.142,64.4300,100
38454142923687,10:40:54.142,64.4100,100
38455138172981,10:40:55.138,64.3300,100
38455138172981,10:40:55.138,64.3300,100
38455138592158,10:40:55.138,64.3200,100
38455138783472,10:40:55.138,64.3200,100
38455555371019,10:40:55.555,64.3500,20
38455555422091,10:40:55.555,64.2800,80
38455555422091,10:40:55.555,64.2600,20
38455555449178,10:40:55.555,64.2600,80
38488010677856,10:41:28.010,64.3100,1
38494903613023,10:41:34.903,64.3500,100
38494903613023,10:41:34.903,64.4000,43
38545775426188,10:42:25.775,64.2950,2
38548013349050,10:42:28.013,64.2900,2
38556255747427,10:42:36.255,64.2100,100
38556255747427,10:42:36.255,64.1900,100
38572974031033,10:42:52.974,64.2900,50
38572974031033,10:42:52.974,64.3200,100
38572974031033,10:42:52.974,64.3200,100
38572974031033,10:42:52.974,64.3200,100
38572974031033,10:42:52.974,64.3200,54
38572974496937,10:42:52.974,64.3200,46
38572974496937,10:42:52.974,64.3200,4
38572974561490,10:42:52.974,64.3400,85
38572974569959,10:42:52.974,64.3400,15
38572974608339,10:42:52.974,64.3200,44
38572974633075,10:42:52.974,64.3200,20
38572974654075,10:42:52.974,64.3200,36
38572975588386,10:42:52.975,64.4600,100
38572975588386,10:42:52.975,64.4800,98
38572980556991,10:42:52.980,64.4800,2
38572980556991,10:42:52.980,64.4800,200
38573304608822,10:42:53.304,64.5400,100
38573304827781,10:42:53.304,64.5600,100
38609011214094,10:43:29.011,64.6100,2
38649637112269,10:44:09.637,64.4800,100
38649637112269,10:44:09.637,64.4700,100
38649637112269,10:44:09.637,64.4600,100
38649637150743,10:44:09.637,64.4600,34
38649637214133,10:44:09.637,64.4400,100
38649638095351,10:44:09.638,64.3600,100
38649638507889,10:44:09.638,64.2800,85
38649638507889,10:44:09.638,64.2600,15
38728021941859,10:45:28.021,64.5500,2
38777301526347,10:46:17.301,64.0800,2
38777301572811,10:46:17.301,64.0600,2
38777301641255,10:46:17.301,64.0700,100
38777301667385,10:46:17.301,64.0600,100
38777301669231,10:46:17.301,64.0600,100
38777301671109,10:46:17.301,64.0600,100
38781813992404,10:46:21.813,64.1400,100
38785071209154,10:46:25.071,64.2750,100
38785071209154,10:46:25.071,64.1800,100
38785071209154,10:46:25.071,64.1500,100
38785071209154,10:46:25.071,64.1500,100
38785071240296,10:46:25.071,64.1500,100
38785071240296,10:46:25.071,64.1500,100
38797036120853,10:46:37.036,64.1900,67
38797036120853,10:46:37.036,64.1600,100
38797036120853,10:46:37.036,64.1600,75
38797036120853,10:46:37.036,64.1600,58
38803556250904,10:46:43.556,64.1750,100
38848009070322,10:47:28.009,64.1100,2
38848009211021,10:47:28.009,64.1100,100
38848009241737,10:47:28.009,64.1200,100
38855008432882,10:47:35.008,63.9600,100
38908008041789,10:48:28.008,63.9800,2
38925709012497,10:48:45.709,63.8300,5
38925709012497,10:48:45.709,63.8000,95
38954163382304,10:49:14.163,64.0000,25
38954163554597,10:49:14.163,64.0000,100
38959715167764,10:49:19.715,64.0000,20
38959851096585,10:49:19.851,63.8400,70
38968012161946,10:49:28.012,63.9700,1
38968012372075,10:49:28.012,63.9700,100
39028010080014,10:50:28.010,63.9600,2
39030760835661,10:50:30.760,64.0800,100
39030760949203,10:50:30.760,64.0800,100
39088008685001,10:51:28.008,64.1100,2
39122111092594,10:52:02.111,64.0900,3
39146922689303,10:52:26.922,64.0100,100
39148009113023,10:52:28.009,64.0900,2
39169560856008,10:52:49.560,63.9900,100
39169560996217,10:52:49.560,63.9900,100
39208009587759,10:53:28.009,63.9500,1
39249186877159,10:54:09.186,63.9000,100
39249357909753,10:54:09.357,64.0600,100
39249357909753,10:54:09.357,64.0600,100
39249357909753,10:54:09.357,64.0600,15
39252529697495,10:54:12.529,63.9100,10
39252529765548,10:54:12.529,63.9100,100
39252530075917,10:54:12.530,63.9000,100
39252530202659,10:54:12.530,63.8900,100
39252530533510,10:54:12.530,63.8500,3
39252530960083,10:54:12.530,63.8500,97
39252531158124,10:54:12.531,63.9000,85
39252531158124,10:54:12.531,63.9000,100
39252532119372,10:54:12.532,63.8500,10
39260967611308,10:54:20.967,63.8900,100
39260967611308,10:54:20.967,63.8100,100
39260968176598,10:54:20.968,63.7900,100
39260968176598,10:54:20.968,63.7900,100
39265026178190,10:54:25.026,63.9900,4
39265026190707,10:54:25.026,64.0000,100
39265026290452,10:54:25.026,63.9900,100
39265026320631,10:54:25.026,63.9800,62
39265026320631,10:54:25.026,63.9800,38
39328803209557,10:55:28.803,64.1300,10
39328803347373,10:55:28.803,64.1300,90
39328803462886,10:55:28.803,64.1300,100
39328803491535,10:55:28.803,64.1200,100
39330010128359,10:55:30.010,64.1400,2
39379573487188,10:56:19.573,64.1600,100
39379573487188,10:56:19.573,64.1800,100
39379573487188,10:56:19.573,64.1800,100
39379573487188,10:56:19.573,64.1900,100
39379573487188,10:56:19.573,64.1900,59
39379573487188,10:56:19.573,64.1900,200
39379573487188,10:56:19.573,64.1900,100
39379573487188,10:56:19.573,64.1900,800
39379583163451,10:56:19.583,64.2500,100
39379583662383,10:56:19.583,64.2600,100
39379591716471,10:56:19.591,64.2800,100
39388007789434,10:56:28.007,64.2100,2
39446614308271,10:57:26.614,64.1850,100
39449018780231,10:57:29.018,64.3600,1
39508247124607,10:58:28.247,64.4400,6
39509008256722,10:58:29.008,64.4600,1
39569012363796,10:59:29.012,64.5000,1
39618894527673,11:00:18.894,64.4200,31
39618894527673,11:00:18.894,64.4100,69
39618894572494,11:00:18.894,64.4100,31
39618894572494,11:00:18.894,64.4000,47
39618894630683,11:00:18.894,64.4000,5
39618894676470,11:00:18.894,64.4000,15
39618894698998,11:00:18.894,64.4000,33
39618894698998,11:00:18.894,64.3800,10
39618895123945,11:00:18.895,64.4100,100
39660004509317,11:01:00.004,64.1900,2
39660004536915,11:01:00.004,64.2950,100
39663495736292,11:01:03.495,64.3300,1
39663495736292,11:01:03.495,64.3400,99
39678878403483,11:01:18.878,64.2100,100
39679032790030,11:01:19.032,64.2100,100
39690974750206,11:01:30.974,64.2100,34
39690974775382,11:01:30.974,64.2750,100
39690974828836,11:01:30.974,64.2100,66
39691318468622,11:01:31.318,64.2750,100
39691342335019,11:01:31.342,64.2800,3
39691342398809,11:01:31.342,64.3400,1
39691342398809,11:01:31.342,64.3400,93
39692932519544,11:01:32.932,64.4100,100
39700396353301,11:01:40.396,64.4500,100
39749009121049,11:02:29.009,64.5100,2
39749009121049,11:02:29.009,64.5100,3
39749009121718,11:02:29.009,64.5100,97
39752970079338,11:02:32.970,64.4400,3
39779584122848,11:02:59.584,64.5700,94
39808021461881,11:03:28.021,64.4400,2
39815020689776,11:03:35.020,64.4300,2
39868012071662,11:04:28.012,64.4200,2
39868036233004,11:04:28.036,64.3300,2
39874029421057,11:04:34.029,64.3200,40
39876584066181,11:04:36.584,64.4700,100
39876584066181,11:04:36.584,64.5000,2
39876584112783,11:04:36.584,64.5000,98
39876584112783,11:04:36.584,64.5000,2
39876584172751,11:04:36.584,64.5000,100
39876584179170,11:04:36.584,64.5000,100
39876584179170,11:04:36.584,64.5100,100
39876584179170,11:04:36.584,64.5100,5
39876584203362,11:04:36.584,64.5100,100
39876584209932,11:04:36.584,64.5000,100
39876584506444,11:04:36.584,64.4900,100
39895480412412,11:04:55.480,64.4900,12
39926102170310,11:05:26.102,64.6500,3
39926102170310,11:05:26.102,64.6500,97
39926102542738,11:05:26.102,64.6100,10
39927748652495,11:05:27.748,64.5700,10
39999247565891,11:06:39.247,64.5400,3
40045537339423,11:07:25.537,64.6000,100
40124000191537,11:08:44.000,64.5000,3
40139244546180,11:08:59.244,64.3700,100
40220418319466,11:10:20.418,64.6300,72
40229948962775,11:10:29.948,64.3600,5
40229949196213,11:10:29.949,64.2900,12
40358584052628,11:12:38.584,64.3650,100
40358584052628,11:12:38.584,64.3700,1
40358584052628,11:12:38.584,64.3700,99
40360502651365,11:12:40.502,64.4200,100
40370978553340,11:12:50.978,64.2800,100
40370980060932,11:12:50.980,64.1400,11
40370980060932,11:12:50.980,64.1400,100
40370980060932,11:12:50.980,64.1300,11
40375465486878,11:12:55.465,64.1400,29
40375484622985,11:12:55.484,64.0900,100
40411670129299,11:13:31.670,63.9700,100
40434699866685,11:13:54.699,64.0800,2
40434700003178,11:13:54.700,64.0800,100
40477454694401,11:14:37.454,63.9500,100
40482554595124,11:14:42.554,63.8500,2
40500519771321,11:15:00.519,63.7700,3
40531183562667,11:15:31.183,63.7700,15
40531184000655,11:15:31.184,63.7700,15
40531184747580,11:15:31.184,63.7700,30
40531185052584,11:15:31.185,63.7700,30
40531185654955,11:15:31.185,63.7700,10
40531187460523,11:15:31.187,63.7700,29
40531187577159,11:15:31.187,63.7700,7
40531187611947,11:15:31.187,63.7700,15
40531353895569,11:15:31.353,63.7700,100
40531353895569,11:15:31.353,63.7600,100
40531353925574,11:15:31.353,63.7600,100
40531353979660,11:15:31.353,63.7600,100
40531353991119,11:15:31.353,63.7500,25
40531353991119,11:15:31.353,63.7500,100
40531353991119,11:15:31.353,63.7500,100
40531354003658,11:15:31.354,63.7600,100
40531355712265,11:15:31.355,63.7500,100
40533267783693,11:15:33.267,63.7500,100
40533267783693,11:15:33.267,63.7600,100
40533267783693,11:15:33.267,63.7600,100
40533267783693,11:15:33.267,63.7600,100
40533267783693,11:15:33.267,63.7600,100
40533559038877,11:15:33.559,63.7600,100
40533559103085,11:15:33.559,63.7700,100
40533559117970,11:15:33.559,63.7600,100
40534899271013,11:15:34.899,63.8000,100
40534899271013,11:15:34.899,63.7500,50
40633736521691,11:17:13.736,63.9100,100
40633736864599,11:17:13.736,63.9200,100
40633736985856,11:17:13.736,63.9200,100
40635024083425,11:17:15.024,63.9200,100
40635024083425,11:17:15.024,63.9200,100
40683249620147,11:18:03.249,64.0200,60
40735438383029,11:18:55.438,64.1100,100
40735438709037,11:18:55.438,64.1100,100
40751000771221,11:19:11.000,64.0900,100
40751001345626,11:19:11.001,64.0200,100
40751136985137,11:19:11.136,64.1000,100
40796033175336,11:19:56.033,64.0100,100
40813369328481,11:20:13.369,64.0400,5
40813369473533,11:20:13.369,64.0400,95
40813369716096,11:20:13.369,63.9200,8
40930118153120,11:22:10.118,63.8900,30
40930120606232,11:22:10.120,63.8800,100
40930123007577,11:22:10.123,63.8700,50
40930123027694,11:22:10.123,63.8700,50
40930124001520,11:22:10.124,63.7900,1
40930124045727,11:22:10.124,63.7900,99
40930124045727,11:22:10.124,63.7800,1
40930132261738,11:22:10.132,63.8800,21
40930239359206,11:22:10.239,63.7800,99
40930239467963,11:22:10.239,63.7500,100
40942852973460,11:22:22.852,63.8700,100
40942852973460,11:22:22.852,63.8800,100
40942852973460,11:22:22.852,63.8900,100
40942875103649,11:22:22.875,63.8900,100
40968431688405,11:22:48.431,64.0100,100
40968431688405,11:22:48.431,64.0200,100
40968431855498,11:22:48.431,63.9300,30
40968432218040,11:22:48.432,64.1000,100
40968434701139,11:22:48.434,64.0100,100
40984647908415,11:23:04.647,64.0900,100
40984648044496,11:23:04.648,63.9900,30
40984648519923,11:23:04.648,63.9900,8
40984648519923,11:23:04.648,63.9900,39
40984648519923,11:23:04.648,63.9900,39
40984649850388,11:23:04.649,64.0700,100
40984649850388,11:23:04.649,64.0800,37
41008906319265,11:23:28.906,63.9000,100
41068028630820,11:24:28.028,63.9600,75
41068028630820,11:24:28.028,63.9400,25
41068028658241,11:24:28.028,63.9400,75
41068029203336,11:24:28.029,63.9400,100
41106009394557,11:25:06.009,63.9000,100
41106009395810,11:25:06.009,63.9000,100
41106010969156,11:25:06.010,63.9000,39
41106012085610,11:25:06.012,63.8900,100
41106012215186,11:25:06.012,63.8900,60
41106012238793,11:25:06.012,63.8900,40
41156028696290,11:25:56.028,63.8600,2
41195020595698,11:26:35.020,63.6900,113
41195020595698,11:26:35.020,63.7000,100
41195020595698,11:26:35.020,63.7000,87
41195020624922,11:26:35.020,63.7000,13
41195020624922,11:26:35.020,63.7000,100
41195020624922,11:26:35.020,63.7000,7
41195020681799,11:26:35.020,63.7000,2
41205011890603,11:26:45.011,63.7600,2
41266007573009,11:27:46.007,63.7500,2
41273036877420,11:27:53.036,63.6500,100
41327011567586,11:28:47.011,63.6500,1
41379058069971,11:29:39.058,63.7700,100
41379058069971,11:29:39.058,63.7700,100
41379058069971,11:29:39.058,63.7700,100
41379058069971,11:29:39.058,63.7700,100
41379058069971,11:29:39.058,63.7700,100
41379058250746,11:29:39.058,63.7700,100
41379058287439,11:29:39.058,63.7600,100
41388013428155,11:29:48.013,63.7450,1
41388013452737,11:29:48.013,63.7450,1
41388103047508,11:29:48.103,63.7400,1
41420202025294,11:30:20.202,63.8200,29
41420205000684,11:30:20.205,63.8200,29
41449012743011,11:30:49.012,63.8200,2
41449012768382,11:30:49.012,63.8200,100
41449013461793,11:30:49.013,63.8900,100
41449013508696,11:30:49.013,63.8900,100
41449844947746,11:30:49.844,63.8800,100
41450019641554,11:30:50.019,63.9000,100
41472600018992,11:31:12.600,63.8550,100
41472600018992,11:31:12.600,63.8300,19
41472600088196,11:31:12.600,63.8300,81
41472600088196,11:31:12.600,63.8200,38
41472600089684,11:31:12.600,63.8200,62
41472600089684,11:31:12.600,63.8200,19
41472602415702,11:31:12.602,63.8200,100
41509945886917,11:31:49.945,63.8800,2
41509946063038,11:31:49.946,63.8900,2
41509946179266,11:31:49.946,63.8900,100
41509976072383,11:31:49.976,63.8300,100
41511038795076,11:31:51.038,63.9000,1
41550785672737,11:32:30.785,63.8400,100
41550786149315,11:32:30.786,63.8300,100
41572014427270,11:32:52.014,63.9400,1
41615694576784,11:33:35.694,63.8900,100
41615694702164,11:33:35.694,63.8800,100
41615694950930,11:33:35.694,63.8600,100
41693029535263,11:34:53.029,63.8500,2
41722006670138,11:35:22.006,63.8000,100
41722006746628,11:35:22.006,63.7700,100
41754040464409,11:35:54.040,63.8100,1
41769084040221,11:36:09.084,63.7700,400
41781480825179,11:36:21.480,63.7500,100
41786003312657,11:36:26.003,63.7500,1
41789714543931,11:36:29.714,63.7100,100
41795024279748,11:36:35.024,63.6500,100
41795024436688,11:36:35.024,63.7000,100
41823779893384,11:37:03.779,63.5300,100
41853091758929,11:37:33.091,63.5000,25
41853091758929,11:37:33.091,63.5000,25
41853091758929,11:37:33.091,63.4500,100
41853091758929,11:37:33.091,63.4500,100
41853093204013,11:37:33.093,63.4100,91
41853093204013,11:37:33.093,63.3900,7
41857305400866,11:37:37.305,63.4000,100
41867567182281,11:37:47.567,63.3900,35
41880255004518,11:38:00.255,63.5400,100
41880255004518,11:38:00.255,63.5400,30
41880255004518,11:38:00.255,63.5600,2
41880255004518,11:38:00.255,63.5600,168
41880255181011,11:38:00.255,63.5600,32
41880255249643,11:38:00.255,63.5700,100
41880255259498,11:38:00.255,63.5600,100
41880402213608,11:38:00.402,63.5500,100
41887211127412,11:38:07.211,63.5400,100
41927933164952,11:38:47.933,63.5200,25
41927933164952,11:38:47.933,63.5200,30
41927933164952,11:38:47.933,63.5400,100
41927933164952,11:38:47.933,63.5400,45
41927933285515,11:38:47.933,63.5400,100
41937014136715,11:38:57.014,63.5400,90
41937014502062,11:38:57.014,63.5600,3
41938631789775,11:38:58.631,63.5800,2
41938631904034,11:38:58.631,63.5900,100
41998052434616,11:39:58.052,63.5100,2
42005020772167,11:40:05.020,63.5800,100
42033321785718,11:40:33.321,63.5000,100
42034803487858,11:40:34.803,63.5600,100
42036816072936,11:40:36.816,63.5000,100
42059038041197,11:40:59.038,63.4900,2
42059038195584,11:40:59.038,63.4900,100
42069867718157,11:41:09.867,63.4400,100
42069867998445,11:41:09.867,63.4200,100
42069869285888,11:41:09.869,63.4200,100
42069870081228,11:41:09.870,63.3900,96
42069870136745,11:41:09.870,63.3900,4
42075374051610,11:41:15.374,63.3700,100
42075374051610,11:41:15.374,63.4000,100
42075374051610,11:41:15.374,63.4000,100
42075374051610,11:41:15.374,63.4000,100
42075374051610,11:41:15.374,63.4000,100
42075374159696,11:41:15.374,63.4100,100
42075399055129,11:41:15.399,63.4700,100
42094130493168,11:41:34.130,63.5000,100
42120037387323,11:42:00.037,63.4800,2
42162227485188,11:42:42.227,63.4400,100
42162227566516,11:42:42.227,63.4300,47
42162227696432,11:42:42.227,63.4300,53
42162231303834,11:42:42.231,63.3000,100
42162231303834,11:42:42.231,63.3000,100
42242049750761,11:44:02.049,63.4200,1
42303011339154,11:45:03.011,63.4600,1
42311313132783,11:45:11.313,63.3900,100
42311313191344,11:45:11.313,63.3700,100
42311313272507,11:45:11.313,63.3700,100
42311314357159,11:45:11.314,63.3800,100
42311400742390,11:45:11.400,63.3500,45
42311400742390,11:45:11.400,63.3300,55
42311407534916,11:45:11.407,63.3950,500
42364047856053,11:46:04.047,63.4000,2
42432457683957,11:47:12.457,63.4100,2
42432479529006,11:47:12.479,63.2900,100
42432479881144,11:47:12.479,63.2400,54
42433481650513,11:47:13.481,63.2400,46
42459908196374,11:47:39.908,63.1400,2
42460132156722,11:47:40.132,63.1200,100
42462772108263,11:47:42.772,63.1300,100
42490313473416,11:48:10.313,63.0100,100
42538524454374,11:48:58.524,63.0900,100
42538524583509,11:48:58.524,63.0400,30
42538524787924,11:48:58.524,63.0900,30
42538528105796,11:48:58.528,63.1000,100
42538528105796,11:48:58.528,63.1000,100
42538528124257,11:48:58.528,63.0900,69
42538528163007,11:48:58.528,63.0900,101
42538565777505,11:48:58.565,63.0500,100
42539290276126,11:48:59.290,63.1700,100
42539290351646,11:48:59.290,63.1700,100
42539291069678,11:48:59.291,63.1900,100
42539291069678,11:48:59.291,63.1900,100
42539291105055,11:48:59.291,63.1900,100
42539291420227,11:48:59.291,63.1900,100
42539340180366,11:48:59.340,63.1400,100
42539340180366,11:48:59.340,63.1200,100
42539340180366,11:48:59.340,63.1100,100
42539340180366,11:48:59.340,63.1000,100
42539340180366,11:48:59.340,63.1000,100
42547023696832,11:49:07.023,63.1800,2
42547052513608,11:49:07.052,63.1400,100
42592053274956,11:49:52.053,63.1150,2
42594994890100,11:49:54.994,63.1300,100
42594994890100,11:49:54.994,63.1500,100
42594994890100,11:49:54.994,63.1500,11
42596219013646,11:49:56.219,63.2400,100
42596249649248,11:49:56.249,63.2900,100
42596249738100,11:49:56.249,63.2600,100
42598356585273,11:49:58.356,63.2400,100
42612931614594,11:50:12.931,63.1100,7
42612932626357,11:50:12.932,63.1100,7
42680389486439,11:51:20.389,63.2500,100
42680389486439,11:51:20.389,63.2500,100
42680389486439,11:51:20.389,63.2800,100
42680389486439,11:51:20.389,63.2800,100
42680389486439,11:51:20.389,63.2800,100
42680389579388,11:51:20.389,63.2100,2
42680389607102,11:51:20.389,63.2100,8
42680389631806,11:51:20.389,63.2500,8
42680390864877,11:51:20.390,63.2800,2
42680390864877,11:51:20.390,63.2800,8
42681016569317,11:51:21.016,63.2900,2
42730051778885,11:52:10.051,63.2700,2
42791097928682,11:53:11.097,63.2800,2
42791097928682,11:53:11.097,63.2800,100
42852044589563,11:54:12.044,63.2700,2
42889404302422,11:54:49.404,63.1900,100
42889404361314,11:54:49.404,63.1900,100
42889404365367,11:54:49.404,63.1800,18
42889404365367,11:54:49.404,63.1700,82
42889405631350,11:54:49.405,63.1700,18
42889407286582,11:54:49.407,63.1300,100
42889407402390,11:54:49.407,63.1300,100
42889412446911,11:54:49.412,63.1300,100
42974050859819,11:56:14.050,63.2000,2
43040230964581,11:57:20.230,63.1800,2
43040231317608,11:57:20.231,63.1600,70
43040231317608,11:57:20.231,63.1800,30
43040235473385,11:57:20.235,63.0400,100
43096031369853,11:58:16.031,63.1700,2
43101327715761,11:58:21.327,63.0200,100
43101327715761,11:58:21.327,63.0100,100
43101327715761,11:58:21.327,63.0100,100
43101327715761,11:58:21.327,63.0100,11
43101327776931,11:58:21.327,63.0100,100
43101327833463,11:58:21.327,63.0200,100
43110447670934,11:58:30.447,62.9500,100
43111479166174,11:58:31.479,63.0000,100
43125096092594,11:58:45.096,63.0800,100
43125096092594,11:58:45.096,63.0800,100
43125096092594,11:58:45.096,63.1000,100
43125096186777,11:58:45.096,63.1000,100
43125096220262,11:58:45.096,63.0900,100
43125096504775,11:58:45.096,63.1100,100
43125296311564,11:58:45.296,63.0900,100
43157016422267,11:59:17.016,63.0750,1
43157157941473,11:59:17.157,63.0800,100
43157158024016,11:59:17.158,63.0800,100
43157158439097,11:59:17.158,63.0700,1
43157158439097,11:59:17.158,63.0700,100
43157158497676,11:59:17.158,63.0700,100
43201398738346,12:00:01.398,63.1500,1
43218025253424,12:00:18.025,63.1500,1
43258915761897,12:00:58.915,63.0600,100
43258915821909,12:00:58.915,63.0600,100
43279016402111,12:01:19.016,63.1400,2
43292146760343,12:01:32.146,63.1600,100
43292146760343,12:01:32.146,63.2100,80
43292146760343,12:01:32.146,63.2100,30
43292146760343,12:01:32.146,63.2300,100
43292146760343,12:01:32.146,63.2300,100
43292146760343,12:01:32.146,63.2300,100
43292146858577,12:01:32.146,63.2300,100
43292147327279,12:01:32.147,63.1700,100
43292170312870,12:01:32.170,63.2300,100
43311244757297,12:01:51.244,63.2400,100
43311244757297,12:01:51.244,63.2400,100
43311245241623,12:01:51.245,63.3300,60
43369026311575,12:02:49.026,63.4100,2
43394461484534,12:03:14.461,63.2900,100
43401014125802,12:03:21.014,63.3300,2
43462009372781,12:04:22.009,63.3600,1
43524802165576,12:05:24.802,63.3600,1
43524802313251,12:05:24.802,63.3200,100
43524849020928,12:05:24.849,63.2900,40
43524849020928,12:05:24.849,63.2800,150
43524849020928,12:05:24.849,63.2700,100
43524851097692,12:05:24.851,63.2100,100
43564955791646,12:06:04.955,63.2500,100
43564955885504,12:06:04.955,63.2400,100
43564956229777,12:06:04.956,63.1800,20
43564956229777,12:06:04.956,63.1700,9
43620696018814,12:07:00.696,63.1800,100
43705931883870,12:08:25.931,63.1700,20
43705968138132,12:08:25.968,63.1700,80
43705968197501,12:08:25.968,63.1600,20
43706011549522,12:08:26.011,63.2000,2
43763164216515,12:09:23.164,63.1500,10
43763164216515,12:09:23.164,63.1500,100
43763164216515,12:09:23.164,63.1500,100
43763164865705,12:09:23.164,63.1400,5
43763164895312,12:09:23.164,63.1400,5
43763164895312,12:09:23.164,63.1400,90
43763164895312,12:09:23.164,63.1400,100
43763165224122,12:09:23.165,63.1300,20
43763165224122,12:09:23.165,63.1200,1
43763165224122,12:09:23.165,63.1100,20
43763165224122,12:09:23.165,63.1000,20
43763165224122,12:09:23.165,63.1000,39
43763399750819,12:09:23.399,63.1000,61
43763400115139,12:09:23.400,63.0900,20
43763429841878,12:09:23.429,63.0800,5
43768496990718,12:09:28.496,63.0700,20
43775477490315,12:09:35.477,63.0600,20
43775507575724,12:09:35.507,63.0400,100
43775507637772,12:09:35.507,63.0300,20
43775507985380,12:09:35.507,63.0200,20
43775507985380,12:09:35.507,63.0200,100
43799519889027,12:09:59.519,63.0100,20
43799519967216,12:09:59.519,63.0000,20
43799520065479,12:09:59.520,62.9900,20
43799550327855,12:09:59.550,62.9800,5
43799550327855,12:09:59.550,62.9800,15
43857155876630,12:10:57.155,62.9700,5
43857155970949,12:10:57.155,62.9600,5
43860741978269,12:11:00.741,62.9500,10
43860742378094,12:11:00.742,62.9400,100
43860742378094,12:11:00.742,62.9400,10
43860751184196,12:11:00.751,62.9200,1
43872236640173,12:11:12.236,62.9200,100
43884916558521,12:11:24.916,62.9100,10
43884917031910,12:11:24.917,62.9000,1
43884918459636,12:11:24.918,62.8900,10
43891084780007,12:11:31.084,62.8800,5
43891084780007,12:11:31.084,62.8800,5
43891084780007,12:11:31.084,62.8700,1
43891084780007,12:11:31.084,62.8600,10
43891084780007,12:11:31.084,62.8500,1
43891084780007,12:11:31.084,62.8400,10
43891084780007,12:11:31.084,62.8300,10
43891084780007,12:11:31.084,62.8200,10
43891084780007,12:11:31.084,62.8100,80
43891084780007,12:11:31.084,62.8100,10
43891084780007,12:11:31.084,62.8100,8
43891085301758,12:11:31.085,62.8100,100
43891085301758,12:11:31.085,62.8000,8
43891085496575,12:11:31.085,62.8000,92
43891085496575,12:11:31.085,62.8000,10
43891085496575,12:11:31.085,62.8000,8
43891123274258,12:11:31.123,62.8550,500
43920033475864,12:12:00.033,62.8300,200
43948014833652,12:12:28.014,62.8500,1
43957192844977,12:12:37.192,62.9100,100
43957192844977,12:12:37.192,62.9300,100
43957192844977,12:12:37.192,62.9400,100
43957192844977,12:12:37.192,62.9500,100
43957192844977,12:12:37.192,62.9500,95
43957192844977,12:12:37.192,62.9500,5
43957192909186,12:12:37.192,62.9500,100
43957192926136,12:12:37.192,62.9600,5
43957193655750,12:12:37.193,62.9600,2
43957193847786,12:12:37.193,62.9600,93
43957194474906,12:12:37.194,63.0300,88
43957195125754,12:12:37.195,63.0300,12
43957195125754,12:12:37.195,63.0300,100
43957195125754,12:12:37.195,63.0300,100
43957195125754,12:12:37.195,63.0300,88
43957195157405,12:12:37.195,63.0300,12
43957195157405,12:12:37.195,63.0300,49
43957195248168,12:12:37.195,63.0300,48
43957274684748,12:12:37.274,63.0100,100
43958978600340,12:12:38.978,63.0300,100
43958978951602,12:12:38.978,63.0300,22
43958979855259,12:12:38.979,63.0300,22
44128012883995,12:15:28.012,63.0100,2
44188008192366,12:16:28.008,63.0700,1
44248038621502,12:17:28.038,63.0700,2
44308013429452,12:18:28.013,63.0600,1
44368012108115,12:19:28.012,63.0600,1
44368012613276,12:19:28.012,63.0000,100
44368012906935,12:19:28.012,62.9700,6
44368012933035,12:19:28.012,62.9700,2
44368013187133,12:19:28.013,62.9700,92
44368013245131,12:19:28.013,62.9700,100
44368052856640,12:19:28.052,62.9400,20
44368054487785,12:19:28.054,62.9400,71
44368058573938,12:19:28.058,62.9400,9
44368058573938,12:19:28.058,62.9300,100
44388357052674,12:19:48.357,63.0400,100
44388357052674,12:19:48.357,63.0400,100
44395850014179,12:19:55.850,63.1000,100
44395851885341,12:19:55.851,63.1100,100
44396786083707,12:19:56.786,63.0900,100
44408293833600,12:20:08.293,63.0200,2
44408293835630,12:20:08.293,63.0200,98
44408293835630,12:20:08.293,63.0100,2
44408295021919,12:20:08.295,63.0100,100
44488007461307,12:21:28.007,63.0600,1
44488007999695,12:21:28.007,63.0100,100
44488008000993,12:21:28.008,63.0100,100
44488008283035,12:21:28.008,63.0100,100
44492141096857,12:21:32.141,63.0000,100
44492141096857,12:21:32.141,63.0000,100
44496921393403,12:21:36.921,62.9900,100
44548015982701,12:22:28.015,63.0000,2
44608006330644,12:23:28.006,62.9500,1
44637111535906,12:23:57.111,62.9000,1
44637111840391,12:23:57.111,62.9550,100
44637112396614,12:23:57.112,62.9000,42
44658455304591,12:24:18.455,62.9800,40
44658455304591,12:24:18.455,63.0000,100
44658455304591,12:24:18.455,63.0000,60
44658455390754,12:24:18.455,63.0000,40
44658455390754,12:24:18.455,63.0000,100
44658455474505,12:24:18.455,63.0000,100
44658455476583,12:24:18.455,62.9900,58
44668012424081,12:24:28.012,63.0000,2
44699434561532,12:24:59.434,63.0500,8
44699434561532,12:24:59.434,63.0700,100
44699434561532,12:24:59.434,63.0800,100
44699434561532,12:24:59.434,63.0800,100
44699434561532,12:24:59.434,63.0800,100
44699696265347,12:24:59.696,63.1200,100
44702542819972,12:25:02.542,63.1000,100
44702542819972,12:25:02.542,63.1000,3
44702542819972,12:25:02.542,63.1000,100
44702542910611,12:25:02.542,63.1100,100
44702543029286,12:25:02.543,63.0500,30
44702543124273,12:25:02.543,63.1100,30
44728905107806,12:25:28.905,63.1500,100
44728905244772,12:25:28.905,63.1100,10
44728905603386,12:25:28.905,63.1500,10
44729009413510,12:25:29.009,63.1100,1
44788009617525,12:26:28.009,63.1800,100
44788010237599,12:26:28.010,63.2100,98
44788010287902,12:26:28.010,63.2100,2
44793010539109,12:26:33.010,63.2000,2
44848981694281,12:27:28.981,63.2100,1
44848981732255,12:27:28.981,63.2100,100
44891775899617,12:28:11.775,63.2500,1
44908006458865,12:28:28.006,63.3000,2
44919949844520,12:28:39.949,63.2700,100
44919970906356,12:28:39.970,63.2500,23
44931013112383,12:28:51.013,63.2000,100
44939111040831,12:28:59.111,63.3200,100
44939111102786,12:28:59.111,63.3200,100
44939115221949,12:28:59.115,63.3400,100
44942707939365,12:29:02.707,63.2300,88
44969511457162,12:29:29.511,63.3700,100
44969637295805,12:29:29.637,63.3100,1
44969637295805,12:29:29.637,63.3100,99
45028022727119,12:30:28.022,63.2900,2
45076071462347,12:31:16.071,63.3050,100
45141463015796,12:32:21.463,63.2500,100
45143918252450,12:32:23.918,63.2100,3
45145709070841,12:32:25.709,63.2100,97
45147655242613,12:32:27.655,63.2350,100
45151708446059,12:32:31.708,63.2300,100
45151708446059,12:32:31.708,63.2300,600
45151708446059,12:32:31.708,63.1800,100
45151708446059,12:32:31.708,63.1700,100
45208913429158,12:33:28.913,63.2900,100
45208913448643,12:33:28.913,63.2900,1
45208913448643,12:33:28.913,63.2900,100
45209006656421,12:33:29.006,63.3200,1
45209006656421,12:33:29.006,63.3200,99
45209006686060,12:33:29.006,63.3200,1
45209007137090,12:33:29.007,63.3500,100
45240386838629,12:34:00.386,63.4300,100
45244495453656,12:34:04.495,63.4700,100
45244495453656,12:34:04.495,63.4700,100
45247685340988,12:34:07.685,63.4700,5
45251895644306,12:34:11.895,63.4900,100
45257780481452,12:34:17.780,63.5000,100
45268021778406,12:34:28.021,63.4800,1
45289075439556,12:34:49.075,63.5600,10
45289075439556,12:34:49.075,63.5800,90
45298724105573,12:34:58.724,63.5800,100
45298724105573,12:34:58.724,63.5800,100
45298724251327,12:34:58.724,63.5000,30
45298736002600,12:34:58.736,63.5700,100
45298754709365,12:34:58.754,63.5800,30
45298776091806,12:34:58.776,63.6200,100
45300758574667,12:35:00.758,63.5900,1
45300759078154,12:35:00.759,63.5900,100
45309022941623,12:35:09.022,63.6800,33
45309022941623,12:35:09.022,63.6800,100
45309022941623,12:35:09.022,63.6900,67
45379715273334,12:36:19.715,63.6100,1
45379716193913,12:36:19.716,63.5900,100
45379720320205,12:36:19.720,63.5900,29
45381323651970,12:36:21.323,63.5800,100
45388224043345,12:36:28.224,63.5000,20
45388224322187,12:36:28.224,63.5000,100
45388225167210,12:36:28.225,63.5000,29
45388236591661,12:36:28.236,63.5000,29
45388236591661,12:36:28.236,63.4900,20
45388236591661,12:36:28.236,63.4800,15
45388236591661,12:36:28.236,63.4700,100
45388247622504,12:36:28.247,63.4600,20
45388283253595,12:36:28.283,63.4200,25
45388283253595,12:36:28.283,63.4200,70
45393370830598,12:36:33.370,63.3900,100
45393370914931,12:36:33.370,63.3800,62
45436289935465,12:37:16.289,63.3600,2
45436290456034,12:37:16.290,63.3400,20
45508010070315,12:38:28.010,63.4500,2
45557071451638,12:39:17.071,63.3800,100
45557071451638,12:39:17.071,63.3800,100
45557071519673,12:39:17.071,63.3800,36
45557071585990,12:39:17.071,63.3800,64
45557071587359,12:39:17.071,63.3800,100
45557072953226,12:39:17.072,63.3700,100
45570858831138,12:39:30.858,63.3200,70
45628007150217,12:40:28.007,63.3800,2
45633904489290,12:40:33.904,63.4500,100
45655214176787,12:40:55.214,63.3100,2
45655214268886,12:40:55.214,63.3700,29
45688009513880,12:41:28.009,63.3500,2
45688909635676,12:41:28.909,63.3500,29
45699964777037,12:41:39.964,63.3000,5
45699965155900,12:41:39.965,63.2900,2
45699965916763,12:41:39.965,63.2800,2
45699966816736,12:41:39.966,63.2700,2
45699967500200,12:41:39.967,63.2600,1
45699967557853,12:41:39.967,63.2500,5
45699968882347,12:41:39.968,63.2400,1
45699969544906,12:41:39.969,63.2300,2
45699970201119,12:41:39.970,63.2200,2
45699970857098,12:41:39.970,63.2100,2
45708862537785,12:41:48.862,63.2000,100
45708881757745,12:41:48.881,63.1900,200
45708881757745,12:41:48.881,63.1900,1
45708889983476,12:41:48.889,63.1900,20
45708889983476,12:41:48.889,63.1700,2
45708889983476,12:41:48.889,63.1600,2
45715509133644,12:41:55.509,63.1500,5
45715509133644,12:41:55.509,63.1500,7
45725175053015,12:42:05.175,63.3000,100
45725194883781,12:42:05.194,63.3100,100
45740467383741,12:42:20.467,63.3800,9
45740467383741,12:42:20.467,63.3800,1
45740467383741,12:42:20.467,63.3800,90
45749372652405,12:42:29.372,63.3800,100
45749372710063,12:42:29.372,63.3800,100
45749374084232,12:42:29.374,63.3400,2
45749420916834,12:42:29.420,63.3900,100
45820680756860,12:43:40.680,63.4000,100
45820680756860,12:43:40.680,63.4000,100
45820680756860,12:43:40.680,63.4000,10
45820680756860,12:43:40.680,63.4000,100
45820718235607,12:43:40.718,63.4600,100
45820718347732,12:43:40.718,63.3900,10
45821322797463,12:43:41.322,63.4600,10
45868022087671,12:44:28.022,63.4300,1
45928006641854,12:45:28.006,63.4300,2
45988008971927,12:46:28.008,63.4300,1
45988009331748,12:46:28.009,63.3800,100
45988009369103,12:46:28.009,63.3700,32
45988009394506,12:46:28.009,63.3700,68
45988059602202,12:46:28.059,63.3600,100
46048017761253,12:47:28.017,63.3500,1
46097695635336,12:48:17.695,63.3300,100
46097730794046,12:48:17.730,63.3800,25
46097730794046,12:48:17.730,63.4000,75
46108005827744,12:48:28.005,63.3400,1
46119096814170,12:48:39.096,63.4000,25
46119096814170,12:48:39.096,63.4000,75
46119096968499,12:48:39.096,63.4000,25
46119097075017,12:48:39.097,63.4000,100
46138944136709,12:48:58.944,63.2700,100
46170019788040,12:49:30.019,63.4000,2
46228007508060,12:50:28.007,63.4600,2
46272256011481,12:51:12.256,63.5000,100
46272256129431,12:51:12.256,63.5000,100
46272256150948,12:51:12.256,63.5000,100
46272256316853,12:51:12.256,63.5100,100
46272256412449,12:51:12.256,63.5100,25
46272256434581,12:51:12.256,63.5100,75
46288023954289,12:51:28.023,63.5100,100
46288282240038,12:51:28.282,63.5000,95
46288282526676,12:51:28.282,63.5000,105
46288282526676,12:51:28.282,63.5000,100
46288282606873,12:51:28.282,63.5000,5
46288282842774,12:51:28.282,63.5000,33
46288282951911,12:51:28.282,63.5000,33
46288283134156,12:51:28.283,63.5000,34
46288283164605,12:51:28.283,63.5000,95
46288283164605,12:51:28.283,63.5000,5
46288283241712,12:51:28.283,63.5000,95
46288283241712,12:51:28.283,63.5000,5
46288326620682,12:51:28.326,63.5600,100
46299429052628,12:51:39.429,63.5500,100
46299429186496,12:51:39.429,63.5500,20
46299429298282,12:51:39.429,63.5600,20
46299429379653,12:51:39.429,63.5600,100
46299477302602,12:51:39.477,63.5900,100
46302023237221,12:51:42.023,63.6100,100
46302024064266,12:51:42.024,63.6100,100
46302024504109,12:51:42.024,63.6200,100
46302028775475,12:51:42.028,63.5800,10
46302028775475,12:51:42.028,63.5600,1
46302028775475,12:51:42.028,63.5200,100
46302028775475,12:51:42.028,63.5200,89
46348015836409,12:52:28.015,63.5900,1
46395080491116,12:53:15.080,63.5800,10
46395080491116,12:53:15.080,63.6000,10
46395080491116,12:53:15.080,63.6000,80
46497031733730,12:54:57.031,63.4500,100
46497031808612,12:54:57.031,63.4500,12
46497031856318,12:54:57.031,63.4500,88
46497031907502,12:54:57.031,63.4300,100
46497031907502,12:54:57.031,63.4200,3
46497031969976,12:54:57.031,63.4300,12
46497032029041,12:54:57.032,63.4300,12
46497032113020,12:54:57.032,63.4300,12
46497032176963,12:54:57.032,63.4300,12
46497032309292,12:54:57.032,63.4300,12
46497032363612,12:54:57.032,63.4300,12
46497032443233,12:54:57.032,63.4300,12
46497032675816,12:54:57.032,63.4200,2
46497032709029,12:54:57.032,63.4300,12
46497087989042,12:54:57.087,63.4000,1
46497087989042,12:54:57.087,63.3900,5
46497087989042,12:54:57.087,63.3900,100
46497093362309,12:54:57.093,63.3700,2
46497101987446,12:54:57.101,63.3600,1
46497111057486,12:54:57.111,63.3400,5
46497118648236,12:54:57.118,63.4600,100
46497118984496,12:54:57.118,63.3900,10
46497609230527,12:54:57.609,63.4400,6
46497609230527,12:54:57.609,63.4400,100
46497609230527,12:54:57.609,63.4500,14
46509100406047,12:55:09.100,63.3300,2
46524938781680,12:55:24.938,63.3200,1
46524969577776,12:55:24.969,63.3100,5
46525021224580,12:55:25.021,63.3900,21
46525021224580,12:55:25.021,63.4000,79
46527945590879,12:55:27.945,63.3000,1
46557129184657,12:55:57.129,63.2900,2
46557632741260,12:55:57.632,63.2800,2
46557632741260,12:55:57.632,63.2800,3
46557633231456,12:55:57.633,63.2700,2
46557633231456,12:55:57.633,63.2700,3
46574324209096,12:56:14.324,63.3500,66
46574324209096,12:56:14.324,63.3500,20
46574324209096,12:56:14.324,63.3700,100
46574324309856,12:56:14.324,63.3500,100
46574325020424,12:56:14.325,63.3500,6
46574325020424,12:56:14.325,63.3500,2
46574325048808,12:56:14.325,63.3500,4
46574325070900,12:56:14.325,63.3500,20
46608287980969,12:56:48.287,63.3500,2
46608288084285,12:56:48.288,63.3500,100
46608288401287,12:56:48.288,63.3500,20
46648008682413,12:57:28.008,63.3400,2
46683130258457,12:58:03.130,63.4000,21
46683130258457,12:58:03.130,63.4000,79
46708010754250,12:58:28.010,63.3300,1
46710231402848,12:58:30.231,63.3900,21
46710231402848,12:58:30.231,63.3900,79
46728492686438,12:58:48.492,63.3900,21
46728492686438,12:58:48.492,63.3900,100
46729394756290,12:58:49.394,63.4000,100
46729394756290,12:58:49.394,63.4000,100
46768007412886,12:59:28.007,63.3600,1
46828025552579,13:00:28.025,63.3600,2
46835418126579,13:00:35.418,63.2800,10
46835418126579,13:00:35.418,63.2800,100
46835418131880,13:00:35.418,63.2700,38
46835418183268,13:00:35.418,63.2700,62
46835418597018,13:00:35.418,63.2500,2
46835418597018,13:00:35.418,63.2400,2
46835419112141,13:00:35.419,63.2200,5
46835419112141,13:00:35.419,63.2100,2
46835419112141,13:00:35.419,63.2000,5
46835419112141,13:00:35.419,63.1900,5
46835419112141,13:00:35.419,63.1800,2
46861540945538,13:01:01.540,63.3300,10
46861540945538,13:01:01.540,63.3500,70
46885442088988,13:01:25.442,63.3400,30
46885442088988,13:01:25.442,63.3500,100
46885442158192,13:01:25.442,63.3400,100
46888012067924,13:01:28.012,63.2600,1
46929744681928,13:02:09.744,63.3500,100
46948011451154,13:02:28.011,63.3400,1
46950014200721,13:02:30.014,63.2600,100
46950014507958,13:02:30.014,63.2600,100
47008007033082,13:03:28.007,63.2700,2
47068024326072,13:04:28.024,63.2600,1
47128009073750,13:05:28.009,63.2600,1
47137229851706,13:05:37.229,63.1900,100
47137229873905,13:05:37.229,63.1900,100
47137229873905,13:05:37.229,63.1900,100
47137231283878,13:05:37.231,63.1600,1
47137231283878,13:05:37.231,63.1600,1
47137231283878,13:05:37.231,63.1600,3
47137231990962,13:05:37.231,63.1500,2
47137231990962,13:05:37.231,63.1500,8
47151814698490,13:05:51.814,63.1400,2
47151814698490,13:05:51.814,63.1100,2
47151814698490,13:05:51.814,63.1100,3
47151814698490,13:05:51.814,63.0800,2
47151814698490,13:05:51.814,63.0700,2
47151814698490,13:05:51.814,63.0700,15
47151814698490,13:05:51.814,63.0700,3
47188006241925,13:06:28.006,63.1700,2
47245096680979,13:07:25.096,63.0800,100
47245119990545,13:07:25.119,63.0300,100
47308009357859,13:08:28.009,63.0900,2
47368012919080,13:09:28.012,63.0900,2
47368013359140,13:09:28.013,63.0300,100
47368013820000,13:09:28.013,63.0200,100
47368044872521,13:09:28.044,63.0100,2
47368044872521,13:09:28.044,63.0100,98
47368044933621,13:09:28.044,63.0100,2
47368053933421,13:09:28.053,63.0000,100
47368053933421,13:09:28.053,63.0000,1
47368059509064,13:09:28.059,62.9800,2
47368059509064,13:09:28.059,62.9700,1
47370353421521,13:09:30.353,63.1000,100
47370353488481,13:09:30.353,63.1000,100
47370353520326,13:09:30.353,63.1000,100
47375447907123,13:09:35.447,63.1700,100
47377384271826,13:09:37.384,63.2000,100
47377384271826,13:09:37.384,63.2000,100
47377400363280,13:09:37.400,63.2500,96
47377400378340,13:09:37.400,63.2600,100
47377400378340,13:09:37.400,63.2600,100
47377400378340,13:09:37.400,63.2600,100
47377400378340,13:09:37.400,63.2600,93
47377400388350,13:09:37.400,63.2500,104
47377400622806,13:09:37.400,63.2600,7
47413044695408,13:10:13.044,63.2050,100
47457014021778,13:10:57.014,63.3100,2
47517043620413,13:11:57.043,63.3100,2
47562159632705,13:12:42.159,63.2100,1
47562210749849,13:12:42.210,63.1200,70
47562210749849,13:12:42.210,63.1000,100
47562210817407,13:12:42.210,63.1000,93
47562210945785,13:12:42.210,63.1000,7
47608009693969,13:13:28.009,63.0900,1
47612583009618,13:13:32.583,63.0100,10
47612583009618,13:13:32.583,63.0100,5
47612583091210,13:13:32.583,63.0000,10
47612583478584,13:13:32.583,63.0100,100
47668009804313,13:14:28.009,62.9900,2
47668009913809,13:14:28.009,62.9800,1
47668009991920,13:14:28.009,62.9800,100
47669034766578,13:14:29.034,63.0500,100
47669034766578,13:14:29.034,63.0600,100
47669034766578,13:14:29.034,63.0600,100
47669034766578,13:14:29.034,63.0600,100
47669034766578,13:14:29.034,63.0600,19
47788011713415,13:16:28.011,62.9900,2
47816024759587,13:16:56.024,62.9600,2
47816024759587,13:16:56.024,62.9600,3
47816024868228,13:16:56.024,62.9600,100
47816024881396,13:16:56.024,62.9400,2
47816024881396,13:16:56.024,62.9400,8
47816081367390,13:16:56.081,62.9400,100
47816081637550,13:16:56.081,62.9200,100
47816081719081,13:16:56.081,62.9100,10
47816081719081,13:16:56.081,62.9100,90
47816082166742,13:16:56.082,62.9100,10
47816132806005,13:16:56.132,63.0300,100
47848013555189,13:17:28.013,62.9600,2
47908044294371,13:18:28.044,62.9700,2
47928881282495,13:18:48.881,62.9200,100
47928881906675,13:18:48.881,62.9100,100
47928912014294,13:18:48.912,62.9000,2
47928912014294,13:18:48.912,62.9000,3
47928912014294,13:18:48.912,62.9000,5
47968007740357,13:19:28.007,62.9200,2
47997251873331,13:19:57.251,62.8800,1
47997251947168,13:19:57.251,62.8500,10
47997251955132,13:19:57.251,62.8800,100
47997254905829,13:19:57.254,62.9100,65
47997254947178,13:19:57.254,62.9100,25
48028010061942,13:20:28.010,62.8900,2
48028012056284,13:20:28.012,62.9400,100
48028012071107,13:20:28.012,62.9400,19
48028012145797,13:20:28.012,62.9400,100
48028012153341,13:20:28.012,62.9300,20
48088013078427,13:21:28.013,62.9000,2
48148008530817,13:22:28.008,62.9000,2
48148009057535,13:22:28.009,62.8700,10
48148009561773,13:22:28.009,62.8500,100
48148009589123,13:22:28.009,62.8500,100
48148009706159,13:22:28.009,62.8400,1
48148009706159,13:22:28.009,62.8400,9
48148010116114,13:22:28.010,62.8200,5
48148010116114,13:22:28.010,62.8200,15
48148010117693,13:22:28.010,62.8100,5
48148010117693,13:22:28.010,62.8100,5
48148010581467,13:22:28.010,62.7900,1
48148010581467,13:22:28.010,62.7800,9
48148010999136,13:22:28.010,62.7700,2
48148010999136,13:22:28.010,62.7700,3
48148010999136,13:22:28.010,62.7700,5
48148123661763,13:22:28.123,62.7600,5
48148123661763,13:22:28.123,62.7600,5
48148123661763,13:22:28.123,62.7600,90
48148125148457,13:22:28.125,62.7500,1
48148125148457,13:22:28.125,62.7500,100
48151961569397,13:22:31.961,62.7600,10
48175404656103,13:22:55.404,62.8200,100
48175404656103,13:22:55.404,62.8300,100
48175404656103,13:22:55.404,62.8300,100
48175404656103,13:22:55.404,62.8300,100
48175404656103,13:22:55.404,62.8300,70
48175404656103,13:22:55.404,62.8300,100
48175404974983,13:22:55.404,62.8300,62
48175405195353,13:22:55.405,62.8400,100
48175405463630,13:22:55.405,62.8700,100
48175405792347,13:22:55.405,62.8300,38
48209426235209,13:23:29.426,62.8900,100
48209426235209,13:23:29.426,62.8900,100
48209427087834,13:23:29.427,62.9700,100
48209427087834,13:23:29.427,62.9800,90
48210010173706,13:23:30.010,62.9200,1
48229235131223,13:23:49.235,62.8800,100
48229235134462,13:23:49.235,62.8700,100
48229251859225,13:23:49.251,62.8500,100
48229251935554,13:23:49.251,62.8400,10
48229251935554,13:23:49.251,62.8400,100
48229252323308,13:23:49.252,62.8500,100
48229252333348,13:23:49.252,62.8400,10
48229252683881,13:23:49.252,62.8400,90
48229252683881,13:23:49.252,62.8400,10
48229252751685,13:23:49.252,62.8500,10
48229265403509,13:23:49.265,62.8300,8
48229265403509,13:23:49.265,62.8300,2
48229309367417,13:23:49.309,62.8200,1
48229309367417,13:23:49.309,62.8100,2
48229309367417,13:23:49.309,62.8000,1
48229309367417,13:23:49.309,62.7900,10
48229309367417,13:23:49.309,62.7800,20
48229309367417,13:23:49.309,62.7700,5
48229309367417,13:23:49.309,62.7600,1
48229309367417,13:23:49.309,62.7600,100
48229309367417,13:23:49.309,62.7500,36
48229309367417,13:23:49.309,62.7500,10
48229520571643,13:23:49.520,62.7400,1
48229520571643,13:23:49.520,62.7400,9
48229520571643,13:23:49.520,62.7300,4
48232945275947,13:23:52.945,62.7200,5
48232945275947,13:23:52.945,62.7200,5
48232945275947,13:23:52.945,62.7000,1
48232945275947,13:23:52.945,62.7000,100
48232945275947,13:23:52.945,62.6900,2
48232945275947,13:23:52.945,62.6900,100
48232945275947,13:23:52.945,62.6900,100
48232945275947,13:23:52.945,62.6900,87
48233088619646,13:23:53.088,62.6800,10
48233088619646,13:23:53.088,62.6800,100
48233393259507,13:23:53.393,62.6900,100
48233393259507,13:23:53.393,62.6900,90
48268015500910,13:24:28.015,62.7600,2
48328014534856,13:25:28.014,62.7600,2
48355243982167,13:25:55.243,62.7600,6
48355244063510,13:25:55.244,62.7600,100
48355244866396,13:25:55.244,62.7800,14
48355244954393,13:25:55.244,62.7600,14
48355245674432,13:25:55.245,62.8000,80
48356725591400,13:25:56.725,62.8000,100
48356725591400,13:25:56.725,62.8000,100
48356725591400,13:25:56.725,62.8000,10
48356725705140,13:25:56.725,62.8000,100
48448019864587,13:27:28.019,62.8800,1
48448068427436,13:27:28.068,62.8000,100
48508013623494,13:28:28.013,62.8700,1
48537032308189,13:28:57.032,62.8000,200
48537032370600,13:28:57.032,62.8000,100
48537032370600,13:28:57.032,62.7900,100
48537032399427,13:28:57.032,62.7900,100
48537032464057,13:28:57.032,62.7900,46
48537032496573,13:28:57.032,62.7900,100
48537032739694,13:28:57.032,62.7900,200
48537032773304,13:28:57.032,62.8200,100
48537378054502,13:28:57.378,62.8200,100
48594742836501,13:29:54.742,62.8700,1
48628006491291,13:30:28.006,62.8700,2
48688006843647,13:31:28.006,62.8700,1
48733904293888,13:32:13.904,62.8200,100
48778157860472,13:32:58.157,62.9000,100
48778158316863,13:32:58.158,62.9100,100
48778158404877,13:32:58.158,62.9100,100
48778158449886,13:32:58.158,62.9000,100
48778194344246,13:32:58.194,62.9000,29
48799922540425,13:33:19.922,62.8200,15
48808669373422,13:33:28.669,62.8700,2
48808670209620,13:33:28.670,62.8700,100
48817607039572,13:33:37.607,62.9200,4
48817607106885,13:33:37.607,62.9200,91
48817607141276,13:33:37.607,62.9200,9
48868031719442,13:34:28.031,62.9200,77
48868031745645,13:34:28.031,62.9200,23
48868033212893,13:34:28.033,62.9300,100
48868205118795,13:34:28.205,62.8700,1
48903760815340,13:35:03.760,62.8700,9
48928010392309,13:35:28.010,62.9200,2
49048008561390,13:37:28.008,62.8800,91
49048008657753,13:37:28.008,62.8800,9
49048008957487,13:37:28.008,62.8700,31
49057449297400,13:37:37.449,62.8100,100
49060726273314,13:37:40.726,62.8000,3
49084710611709,13:38:04.710,62.8000,97
49084710611709,13:38:04.710,62.8000,100
49084710611709,13:38:04.710,62.8000,100
49084710708769,13:38:04.710,62.8000,100
49084710708769,13:38:04.710,62.8000,100
49084710733033,13:38:04.710,62.8000,26
49084710749127,13:38:04.710,62.8000,200
49084710941476,13:38:04.710,62.8000,100
49084711352232,13:38:04.711,62.8000,1
49085342144592,13:38:05.342,62.8900,100
49085342212911,13:38:05.342,62.8900,100
49085342322898,13:38:05.342,62.8800,100
49085342689126,13:38:05.342,62.8900,30
49085342689126,13:38:05.342,62.9000,100
49085342689126,13:38:05.342,62.9000,100
49087924702124,13:38:07.924,62.8900,100
49087924702124,13:38:07.924,62.8800,30
49087924702124,13:38:07.924,62.8800,10
49087924733807,13:38:07.924,62.8800,3
49193017992552,13:39:53.017,62.9400,1
49193018460032,13:39:53.018,62.9400,100
49228009625549,13:40:28.009,62.9200,1
49228010025052,13:40:28.010,62.8800,100
49228010071561,13:40:28.010,62.8800,26
49279939676451,13:41:19.939,62.8200,3
49288008876970,13:41:28.008,62.8800,1
49315912253005,13:41:55.912,62.8200,64
49348032268808,13:42:28.032,62.8800,2
49393801389530,13:43:13.801,62.8100,100
49427796775162,13:43:47.796,62.8100,100
49427796775162,13:43:47.796,62.8100,28
49427796925005,13:43:47.796,62.8000,99
49427796925005,13:43:47.796,62.8000,100
49427796925005,13:43:47.796,62.8000,100
49427796998102,13:43:47.796,62.8000,100
49427796998102,13:43:47.796,62.8000,100
49427797135188,13:43:47.797,62.8000,16
49427797399418,13:43:47.797,62.8000,58
49428960796460,13:43:48.960,62.8800,100
49428962220243,13:43:48.962,62.8800,71
49472601818431,13:44:32.601,62.8500,2
49528007698015,13:45:28.007,62.8400,2
49564417383524,13:46:04.417,62.8000,100
49564417458761,13:46:04.417,62.8000,100
49564417461235,13:46:04.417,62.8000,100
49564417566440,13:46:04.417,62.7900,100
49611394249296,13:46:51.394,62.7900,29
49611394544604,13:46:51.394,62.7900,1
49611396187536,13:46:51.396,62.7400,7
49611396481327,13:46:51.396,62.7400,7
49611441546759,13:46:51.441,62.7400,3
49611442600784,13:46:51.442,62.7850,200
49628241864670,13:47:08.241,62.8500,100
49628241963597,13:47:08.241,62.8500,100
49628274652827,13:47:08.274,62.8000,300
49633050525829,13:47:13.050,62.8600,12
49645376785074,13:47:25.376,62.8100,1
49671572525418,13:47:51.572,62.8000,100
49672781166807,13:47:52.781,62.8000,100
49678360856050,13:47:58.360,62.8000,100
49678360897444,13:47:58.360,62.8000,100
49685667233301,13:48:05.667,62.8000,200
49687178549080,13:48:07.178,62.8000,200
49689207215857,13:48:09.207,62.8000,200
49689608287135,13:48:09.608,62.8600,100
49689608363928,13:48:09.608,62.8600,100
49694542962049,13:48:14.542,62.7900,72
49696441977795,13:48:16.441,62.9000,100
49696441977795,13:48:16.441,62.9000,10
49699883224080,13:48:19.883,62.9100,100
49700018550594,13:48:20.018,62.8500,100
49700024910156,13:48:20.024,62.8100,100
49700025433222,13:48:20.025,62.8000,100
49704622904273,13:48:24.622,62.8700,100
49704982877794,13:48:24.982,62.8900,100
49768015457396,13:49:28.015,62.8800,1
49805248456913,13:50:05.248,62.9800,21
49824696521545,13:50:24.696,62.9900,9
49824696521545,13:50:24.696,62.9900,100
49824696521545,13:50:24.696,62.9900,91
49824697040497,13:50:24.697,62.9900,9
49824697040497,13:50:24.697,63.0700,40
49824964871242,13:50:24.964,62.9900,100
49828034674270,13:50:28.034,62.9700,2
49856780330341,13:50:56.780,62.9400,6
49872537252130,13:51:12.537,63.0900,100
49872670327681,13:51:12.670,63.0000,100
49872670394742,13:51:12.670,63.0000,100
49872670406724,13:51:12.670,62.9900,100
49872670468809,13:51:12.670,62.9900,100
49872675659786,13:51:12.675,62.9600,30
49872675766581,13:51:12.675,62.9900,30
49872704042541,13:51:12.704,62.9900,10
49877790267411,13:51:17.790,63.0800,16
49877790413011,13:51:17.790,63.0800,100
49887772096320,13:51:27.772,63.1300,100
49948014510717,13:52:28.014,63.0600,1
50008016508874,13:53:28.016,63.0700,2
50068010082211,13:54:28.010,63.0800,2
50089851158527,13:54:49.851,63.0600,80
50089851158527,13:54:49.851,63.0500,20
50089851197391,13:54:49.851,63.0500,80
50091110547204,13:54:51.110,63.0500,100
50128034196991,13:55:28.034,63.0300,2
50163518126549,13:56:03.518,62.9900,2
50163518198201,13:56:03.518,62.9900,100
50197112444681,13:56:37.112,62.9400,3
50197192420720,13:56:37.192,62.9400,97
50197192420720,13:56:37.192,62.9400,100
50197192486029,13:56:37.192,62.9400,50
50197192705819,13:56:37.192,62.9400,50
50197200796818,13:56:37.200,62.9000,100
50197200887240,13:56:37.200,62.9000,100
50197208002665,13:56:37.208,62.9000,100
50197208002665,13:56:37.208,62.8900,1
50197208087630,13:56:37.208,62.8900,100
50248019745737,13:57:28.019,62.9600,2
50300862964043,13:58:20.862,62.9000,100
50300862964043,13:58:20.862,62.9000,2
50300863406139,13:58:20.863,62.8900,100
50300871726102,13:58:20.871,62.8900,88
50305113257092,13:58:25.113,62.8800,5
50305113768431,13:58:25.113,62.8700,5
50368021891998,13:59:28.021,62.9100,1
50390108902713,13:59:50.108,62.8600,1
50390108902713,13:59:50.108,62.8600,4
50390109525220,13:59:50.109,62.8500,1
50390109525220,13:59:50.109,62.8500,9
50390109550586,13:59:50.109,62.8500,10
50390175576937,13:59:50.175,62.8500,90
50390191458257,13:59:50.191,62.8400,10
50402744619908,14:00:02.744,62.9500,55
50402744619908,14:00:02.744,62.9500,20
50402744619908,14:00:02.744,62.9700,25
50402744872098,14:00:02.744,62.9700,75
50402744872098,14:00:02.744,62.9700,100
50402744937550,14:00:02.744,62.9700,10
50402744991995,14:00:02.744,62.9700,90
50402745513626,14:00:02.745,62.9800,100
50402745513626,14:00:02.745,62.9800,68
50402745544156,14:00:02.745,62.9800,32
50403419538388,14:00:03.419,63.0100,100
50403421121983,14:00:03.421,63.0100,15
50403444763227,14:00:03.444,63.0100,100
50403538434556,14:00:03.538,63.0100,100
50404898639374,14:00:04.898,62.9200,100
50409127512330,14:00:09.127,63.0900,50
50409127787206,14:00:09.127,63.0900,50
50409127864613,14:00:09.127,63.1000,50
50409127909946,14:00:09.127,63.0100,10
50409127943402,14:00:09.127,63.1000,50
50409128074070,14:00:09.128,63.0900,10
50413848994631,14:00:13.848,63.1500,100
50416981888591,14:00:16.981,63.0000,1
50416981888591,14:00:16.981,63.0000,1
50442011789093,14:00:42.011,63.0000,19
50442011789093,14:00:42.011,62.9900,2
50442011789093,14:00:42.011,62.9900,100
50442011823720,14:00:42.011,62.9800,5
50442012313010,14:00:42.012,63.0000,100
50443513337714,14:00:43.513,63.0000,100
50443513337714,14:00:43.513,63.0000,100
50443513571682,14:00:43.513,62.9700,5
50443513666774,14:00:43.513,62.9600,1
50443513709039,14:00:43.513,62.9900,5
50443540782614,14:00:43.540,62.9600,4
50443540782614,14:00:43.540,62.9500,10
50443541666255,14:00:43.541,62.9600,100
50488007040108,14:01:28.007,63.0300,2
50548013776713,14:02:28.013,63.0500,2
50601578858723,14:03:21.578,63.1600,100
50604649214782,14:03:24.649,63.2100,100
50608014548105,14:03:28.014,63.1700,2
50639910293679,14:03:59.910,63.3600,100
50639910424984,14:03:59.910,63.3200,10
50645590197449,14:04:05.590,63.4200,100
50668016610975,14:04:28.016,63.3500,1
50668016633969,14:04:28.016,63.3500,1
50730019837045,14:05:30.019,63.4200,2
50730019908880,14:05:30.019,63.3800,100
50730020223678,14:05:30.020,63.3800,100
50730049070078,14:05:30.049,63.3200,100
50730722882060,14:05:30.722,63.3000,1
50788014177749,14:06:28.014,63.3200,1
50848009012050,14:07:28.009,63.3300,2
50918110632931,14:08:38.110,63.3400,1
50918264404323,14:08:38.264,63.3100,100
50968010032758,14:09:28.010,63.2600,2
50976927245854,14:09:36.927,63.3200,100
50978024907316,14:09:38.024,63.3700,100
50978024907316,14:09:38.024,63.3700,100
50982058383950,14:09:42.058,63.3900,100
50994622639353,14:09:54.622,63.3500,191
50994622668743,14:09:54.622,63.3400,100
50994623114389,14:09:54.623,63.3400,39
51023622424040,14:10:23.622,63.2800,1
51023642564201,14:10:23.642,63.2100,100
51023642564201,14:10:23.642,63.2000,100
51023646222921,14:10:23.646,63.2000,30
51023646222921,14:10:23.646,63.2000,15
51025718089908,14:10:25.718,63.1900,3
51025718089908,14:10:25.718,63.1800,11
51025722601943,14:10:25.722,63.1900,7
51047252668614,14:10:47.252,63.2000,100
51047252668614,14:10:47.252,63.1700,100
51047252668614,14:10:47.252,63.1600,1
51047252668614,14:10:47.252,63.1600,99
51047253013492,14:10:47.253,63.1500,9
51047253013492,14:10:47.253,63.1500,1
51047253013492,14:10:47.253,63.1300,1
51047253013492,14:10:47.253,63.0900,5
51083915853562,14:11:23.915,63.3000,22
51083916012902,14:11:23.916,63.3000,100
51088012925610,14:11:28.012,63.3100,1
51146823805486,14:12:26.823,63.4200,100
51146823805486,14:12:26.823,63.4300,100
51146823805486,14:12:26.823,63.4300,100
51148010488913,14:12:28.010,63.3100,1
51186976340050,14:13:06.976,63.4100,100
51186976400691,14:13:06.976,63.4100,8
51208021136630,14:13:28.021,63.3300,1
51212678970374,14:13:32.678,63.3300,10
51259278591909,14:14:19.278,63.3800,55
51259278591909,14:14:19.278,63.4000,45
51264016291183,14:14:24.016,63.3200,5
51277327760452,14:14:37.327,63.4000,100
51277327786242,14:14:37.327,63.4000,8
51278016525004,14:14:38.016,63.3400,2
51300212651503,14:15:00.212,63.2800,50
51300213149417,14:15:00.213,63.2800,50
51300213149417,14:15:00.213,63.2800,20
51300213544973,14:15:00.213,63.2800,100
51300273302871,14:15:00.273,63.2600,100
51300662667960,14:15:00.662,63.2300,100
51304859044380,14:15:04.859,63.1400,100
51320630306651,14:15:20.630,63.1400,100
51320630306651,14:15:20.630,63.1400,100
51321552546300,14:15:21.552,63.2500,100
51321552576144,14:15:21.552,63.2600,100
51321552613167,14:15:21.552,63.2800,100
51321552613167,14:15:21.552,63.2800,100
51321552613167,14:15:21.552,63.2800,100
51321552656849,14:15:21.552,63.2900,100
51321552708543,14:15:21.552,63.2900,69
51321552918231,14:15:21.552,63.2900,31
51322032921699,14:15:22.032,63.2900,50
51323925464451,14:15:23.925,63.3600,100
51388011818225,14:16:28.011,63.3100,2
51448021672203,14:17:28.021,63.3200,2
51568025312262,14:19:28.025,63.3100,2
51628028350431,14:20:28.028,63.2900,1
51688018443784,14:21:28.018,63.3000,1
51688071072293,14:21:28.071,63.3000,51
51688071101494,14:21:28.071,63.3000,49
51690553864828,14:21:30.553,63.3300,35
51690553864828,14:21:30.553,63.3300,20
51690553864828,14:21:30.553,63.3500,100
51690553864828,14:21:30.553,63.3500,45
51690553999409,14:21:30.553,63.3500,55
51748015953175,14:22:28.015,63.3000,2
51771776725399,14:22:51.776,63.2500,18
51771776750165,14:22:51.776,63.2500,82
51771776750165,14:22:51.776,63.2500,100
51772078996600,14:22:52.078,63.2400,84
51772079343555,14:22:52.079,63.2400,100
51772079606353,14:22:52.079,63.2200,100
51772079939438,14:22:52.079,63.2400,100
51772085031572,14:22:52.085,63.2200,16
51782079664353,14:23:02.079,63.2100,100
51808017225034,14:23:28.017,63.2600,1
51849075517899,14:24:09.075,63.2900,30
51849075517899,14:24:09.075,63.3000,100
51849075517899,14:24:09.075,63.3100,100
51849075517899,14:24:09.075,63.3100,100
51849075517899,14:24:09.075,63.3100,100
51849077481345,14:24:09.077,63.3900,100
51849077481345,14:24:09.077,63.3900,100
51849077481345,14:24:09.077,63.3900,100
51849077481345,14:24:09.077,63.3900,100
51868086353163,14:24:28.086,63.4300,100
51868086396158,14:24:28.086,63.4100,2
51869087300318,14:24:29.087,63.4300,2
51869087658170,14:24:29.087,63.4300,2
51869087706190,14:24:29.087,63.4300,2
51869088307252,14:24:29.088,63.4300,94
51869088398682,14:24:29.088,63.4100,5
51869088446307,14:24:29.088,63.4100,5
51869088487289,14:24:29.088,63.4100,5
51869088527020,14:24:29.088,63.4100,5
51869088570865,14:24:29.088,63.4100,5
51869088611228,14:24:29.088,63.4100,5
51869088651371,14:24:29.088,63.4100,5
51869088691932,14:24:29.088,63.4100,5
51869088731665,14:24:29.088,63.4100,5
51869088772169,14:24:29.088,63.3800,2
51869089130368,14:24:29.089,63.3800,100
51869270110597,14:24:29.270,63.3900,100
51869270195152,14:24:29.270,63.3900,100
51869270475943,14:24:29.270,63.3900,100
51894039861148,14:24:54.039,63.3600,40
51900619878013,14:25:00.619,63.4300,100
51900619879225,14:25:00.619,63.4300,81
51900619911693,14:25:00.619,63.4300,100
51900625412998,14:25:00.625,63.4500,40
51901363255226,14:25:01.363,63.5000,100
51928615774041,14:25:28.615,63.4900,100
51928616783497,14:25:28.616,63.4900,100
51928616783497,14:25:28.616,63.4900,4
51928616814730,14:25:28.616,63.4900,100
51928616934620,14:25:28.616,63.4800,100
51928621807395,14:25:28.621,63.4800,5
51928621807395,14:25:28.621,63.4800,5
51977491669324,14:26:17.491,63.5500,100
51977491728670,14:26:17.491,63.5500,100
51998619477259,14:26:38.619,63.5400,100
51998619477259,14:26:38.619,63.5400,100
52035172787922,14:27:15.172,63.5900,100
52035172787922,14:27:15.172,63.5900,4
52035172787922,14:27:15.172,63.5900,100
52038622614346,14:27:18.622,63.6000,100
52038622614346,14:27:18.622,63.6000,100
52038622614346,14:27:18.622,63.6000,100
52042789389390,14:27:22.789,63.5400,18
52074061565467,14:27:54.061,63.4600,100
52074062233910,14:27:54.062,63.4600,100
52074062266796,14:27:54.062,63.4700,100
52076165284662,14:27:56.165,63.4500,100
52076166337453,14:27:56.166,63.4400,100
52182983737087,14:29:42.983,63.4500,100
52182983737087,14:29:42.983,63.4500,14
52182983797224,14:29:42.983,63.4500,100
52182984596080,14:29:42.984,63.4400,20
52252503176812,14:30:52.503,63.3500,100
52254506527246,14:30:54.506,63.3500,100
52256551195690,14:30:56.551,63.3000,13
52310603896954,14:31:50.603,63.2900,100
52310603926042,14:31:50.603,63.2900,100
52310603966673,14:31:50.603,63.2800,88
52310604354672,14:31:50.604,63.2800,12
52310604397492,14:31:50.604,63.2700,26
52310604413783,14:31:50.604,63.2700,69
52310604744480,14:31:50.604,63.2700,5
52310604924358,14:31:50.604,63.2500,2
52310605429211,14:31:50.605,63.2300,28
52321711651786,14:32:01.711,63.2200,100
52321715267264,14:32:01.715,63.1400,100
52321715267264,14:32:01.715,63.1400,100
52321717520931,14:32:01.717,63.1400,100
52321717520931,14:32:01.717,63.1000,30
52358703010225,14:32:38.703,63.1300,100
52358703469734,14:32:38.703,63.1300,100
52557401971075,14:35:57.401,63.0200,100
52557401971075,14:35:57.401,63.0200,100
52557402060002,14:35:57.402,63.0200,100
52557402447665,14:35:57.402,63.0200,100
52559324598172,14:35:59.324,63.0100,100
52559341877016,14:35:59.341,63.0000,100
52597511975240,14:36:37.511,62.9000,20
52597511975240,14:36:37.511,62.8900,20
52597511975240,14:36:37.511,62.8800,20
52597511975240,14:36:37.511,62.8800,100
52597511975240,14:36:37.511,62.8800,40
52601320418513,14:36:41.320,62.8800,60
52601322095573,14:36:41.322,62.8700,20
52610727502373,14:36:50.727,62.8600,20
52610727502373,14:36:50.727,62.8600,100
52610727700279,14:36:50.727,62.8500,20
52610740150515,14:36:50.740,62.8400,100
52610740150515,14:36:50.740,62.8400,20
52611203044824,14:36:51.203,62.8900,100
52611203044824,14:36:51.203,62.8900,100
52611203044824,14:36:51.203,62.8900,100
52611203044824,14:36:51.203,62.8900,100
52611203044824,14:36:51.203,62.8900,100
52611203408418,14:36:51.203,62.8900,100
52611475717977,14:36:51.475,62.8900,29
52611476564760,14:36:51.476,62.8900,100
52625537478929,14:37:05.537,62.9300,100
52625553323156,14:37:05.553,62.9300,8
52630192129663,14:37:10.192,62.8800,8
52635774142540,14:37:15.774,62.9400,100
52682075915901,14:38:02.075,62.9600,100
52682075915901,14:38:02.075,62.9600,8
52682075915901,14:38:02.075,62.9600,92
52682075947069,14:38:02.075,62.9600,8
52719958511589,14:38:39.958,63.0300,100
52719958511589,14:38:39.958,62.9400,100
52719958511589,14:38:39.958,62.9400,100
52719958511589,14:38:39.958,62.9400,100
52719958572417,14:38:39.958,62.9400,100
52836465498056,14:40:36.465,62.9400,9
52836465576509,14:40:36.465,62.9400,91
52836466904912,14:40:36.466,62.9200,100
52836467247630,14:40:36.467,62.8900,16
52836467394177,14:40:36.467,62.8900,84
52836492525380,14:40:36.492,62.9150,1700
52836497325089,14:40:36.497,62.9150,600
52893212833988,14:41:33.212,62.8700,100
52895390158869,14:41:35.390,62.9200,100
52915767383754,14:41:55.767,62.8300,20
52915767383754,14:41:55.767,62.8300,20
52917852429319,14:41:57.852,62.8500,10
52917856493642,14:41:57.856,62.8900,100
52917856624791,14:41:57.856,62.8900,28
52917856648981,14:41:57.856,62.8900,72
52917856648981,14:41:57.856,62.8800,10
52993412633555,14:43:13.412,62.8400,100
52996097347973,14:43:16.097,62.8300,20
52996098771764,14:43:16.098,62.8300,20
52996137426145,14:43:16.137,62.8300,20
52996159202614,14:43:16.159,62.8300,20
52996514072713,14:43:16.514,62.8300,20
53014012514321,14:43:34.012,62.8200,10
53014012575130,14:43:34.012,62.8200,100
53014012594909,14:43:34.012,62.8100,1
53014012594909,14:43:34.012,62.8100,100
53014012594909,14:43:34.012,62.8100,9
53014012651737,14:43:34.012,62.8100,100
53021528832135,14:43:41.528,62.8700,100
53021529465867,14:43:41.529,62.8800,100
53021529465867,14:43:41.529,62.8800,100
53024606814921,14:43:44.606,62.8500,5
53065400161813,14:44:25.400,62.9200,100
53131488159575,14:45:31.488,62.9200,1
53188335311910,14:46:28.335,62.9400,100
53188335356478,14:46:28.335,62.9400,8
53188335356478,14:46:28.335,62.9400,100
53188335356478,14:46:28.335,62.9400,100
53188335357503,14:46:28.335,62.9400,100
53188335562060,14:46:28.335,62.9500,100
53188338428590,14:46:28.338,62.9700,100
53188339372867,14:46:28.339,62.9700,100
53188388293189,14:46:28.388,62.9800,100
53188522069213,14:46:28.522,62.9600,4
53189255124204,14:46:29.255,63.0000,100
53189257272714,14:46:29.257,63.0100,100
53189260822640,14:46:29.260,63.0100,100
53237954060621,14:47:17.954,63.0900,100
53246058858299,14:47:26.058,63.1300,100
53261833397890,14:47:41.833,63.1200,100
53266306076690,14:47:46.306,63.0500,100
53266306152089,14:47:46.306,63.0400,100
53266306357472,14:47:46.306,63.0200,10
53266306357472,14:47:46.306,63.0200,10
53266306900709,14:47:46.306,63.0100,20
53277954689728,14:47:57.954,63.0000,5
53277954752345,14:47:57.954,63.0000,100
53277955200444,14:47:57.955,62.9800,10
53277955200444,14:47:57.955,62.9800,10
53277955200444,14:47:57.955,62.9800,100
53278460593956,14:47:58.460,62.9700,5
53293943124225,14:48:13.943,62.9600,1
53293943124225,14:48:13.943,62.9600,20
53296594238948,14:48:16.594,63.0100,30
53296594238948,14:48:16.594,63.0200,70
53296594253158,14:48:16.594,63.0200,30
53296594253158,14:48:16.594,63.0200,70
53296594267165,14:48:16.594,63.0200,30
