timestamp,time,price,volume
34200895988951,09:30:00.895,18.6200,4000
34200899821926,09:30:00.899,18.5100,100
34200899821926,09:30:00.899,18.5000,200
34200899821926,09:30:00.899,18.5000,1
34200899821926,09:30:00.899,18.5000,59
34205444070608,09:30:05.444,18.5300,100
34218961425004,09:30:18.961,18.5100,100
34224728415174,09:30:24.728,18.5200,200
34224728415174,09:30:24.728,18.5200,300
34224728415174,09:30:24.728,18.5200,700
34225164555208,09:30:25.164,18.5200,300
34320870085198,09:32:00.870,18.5200,100
34320870522656,09:32:00.870,18.5300,100
34344221861411,09:32:24.221,18.5350,100
34346873072515,09:32:26.873,18.5400,467
34346873072515,09:32:26.873,18.5400,33
34346873313690,09:32:26.873,18.5600,10
34346873383262,09:32:26.873,18.5500,100
34346873399751,09:32:26.873,18.5500,100
34346873419110,09:32:26.873,18.5500,100
34346963216232,09:32:26.963,18.5500,100
34346964621509,09:32:26.964,18.5400,67
34346964694921,09:32:26.964,18.5400,100
34350832454171,09:32:30.832,18.5700,200
34350832479553,09:32:30.832,18.5700,300
34350832479553,09:32:30.832,18.5700,100
34356180263906,09:32:36.180,18.5750,100
34356181903472,09:32:36.181,18.5750,100
34356181903472,09:32:36.181,18.5900,400
34356181929988,09:32:36.181,18.5900,400
34356181929988,09:32:36.181,18.5900,300
34356181929988,09:32:36.181,18.5900,300
34356337037240,09:32:36.337,18.5700,100
34364183842649,09:32:44.183,18.6000,100
34375182249472,09:32:55.182,18.6100,100
34375272018992,09:32:55.272,18.6000,100
34377361884262,09:32:57.361,18.6000,66
34379474822732,09:32:59.474,18.6000,100
34379499144173,09:32:59.499,18.6000,34
34379499144173,09:32:59.499,18.6000,66
34379499196526,09:32:59.499,18.6000,34
34380907191861,09:33:00.907,18.6200,100
34380907191861,09:33:00.907,18.6200,200
34380907217501,09:33:00.907,18.6200,200
34381587565500,09:33:01.587,18.6000,100
34381587565500,09:33:01.587,18.6000,100
34381587642701,09:33:01.587,18.6100,100
34381587642701,09:33:01.587,18.6100,100
34381587724180,09:33:01.587,18.6100,100
34381588967057,09:33:01.588,18.6100,100
34381598569343,09:33:01.598,18.6200,100
34381598579367,09:33:01.598,18.6200,100
34381632546347,09:33:01.632,18.6200,100
34381632546347,09:33:01.632,18.6200,100
34381633169459,09:33:01.633,18.6200,100
34388196834151,09:33:08.196,18.6300,50
34411206298091,09:33:31.206,18.6000,100
34451059801659,09:34:11.059,18.5800,18
34494321346648,09:34:54.321,18.6000,100
34494321371867,09:34:54.321,18.6000,100
34494321375213,09:34:54.321,18.6000,100
34494321912275,09:34:54.321,18.6000,51
34494321946633,09:34:54.321,18.6000,49
34494321946633,09:34:54.321,18.6000,4
34494424617853,09:34:54.424,18.6000,96
34494514623830,09:34:54.514,18.5900,100
34563184551668,09:36:03.184,18.6000,99
34563184850614,09:36:03.184,18.6000,1
34571181984967,09:36:11.181,18.6000,100
34575156597140,09:36:15.156,18.6100,100
34575156624675,09:36:15.156,18.6100,200
34575156624675,09:36:15.156,18.6100,100
34575156624675,09:36:15.156,18.6100,800
34575156624675,09:36:15.156,18.6100,100
34578964988003,09:36:18.964,18.6200,100
34578964988003,09:36:18.964,18.6400,200
34578964988003,09:36:18.964,18.6400,100
34578964988003,09:36:18.964,18.6400,100
34578964988003,09:36:18.964,18.6400,300
34579100550168,09:36:19.100,18.6100,200
34585182554335,09:36:25.182,18.6400,100
34590092173472,09:36:30.092,18.6200,100
34590093322323,09:36:30.093,18.6100,200
34597274120338,09:36:37.274,18.6200,100
34597276047147,09:36:37.276,18.6200,28
34599364393131,09:36:39.364,18.6100,200
34614773868016,09:36:54.773,18.6100,100
34614773868016,09:36:54.773,18.6100,34
34614773868016,09:36:54.773,18.6100,100
34614774048991,09:36:54.774,18.6100,100
34614774334201,09:36:54.774,18.6100,100
34614774419296,09:36:54.774,18.6100,81
34614819960793,09:36:54.819,18.6100,100
34614820231552,09:36:54.820,18.6100,100
34616908421394,09:36:56.908,18.6100,100
34616908421394,09:36:56.908,18.6100,100
34616909127441,09:36:56.909,18.6100,100
34616909127441,09:36:56.909,18.6100,100
34616932769417,09:36:56.932,18.6100,100
34616933722256,09:36:56.933,18.6100,19
34616933889243,09:36:56.933,18.6100,100
34620719683694,09:37:00.719,18.6100,100
34620719683694,09:37:00.719,18.6100,100
34620719858290,09:37:00.719,18.6100,100
34627430205607,09:37:07.430,18.6200,4
34654528430534,09:37:34.528,18.6100,100
34654528695573,09:37:34.528,18.6100,100
34724408762169,09:38:44.408,18.6000,100
34724409112125,09:38:44.409,18.6000,100
34724499947178,09:38:44.499,18.6000,100
34731938447574,09:38:51.938,18.5900,100
34790471680422,09:39:50.471,18.6000,100
34790471906858,09:39:50.471,18.6000,100
34790540771479,09:39:50.540,18.5900,100
34793329770378,09:39:53.329,18.5900,100
34794395177980,09:39:54.395,18.5800,100
34794396006578,09:39:54.396,18.5700,100
34794397203363,09:39:54.397,18.5650,200
34801221567630,09:40:01.221,18.5800,100
34809696897503,09:40:09.696,18.5700,100
34813469633652,09:40:13.469,18.5700,100
34894770813584,09:41:34.770,18.5700,100
34903207306512,09:41:43.207,18.5800,100
34919351262035,09:41:59.351,18.5700,100
34919351262035,09:41:59.351,18.5700,100
34919351702516,09:41:59.351,18.5700,138
34919351713929,09:41:59.351,18.5700,62
34919351713929,09:41:59.351,18.5700,38
34919351741966,09:41:59.351,18.5700,62
34919351741966,09:41:59.351,18.5700,100
34919351760167,09:41:59.351,18.5700,62
34919351763803,09:41:59.351,18.5700,38
34950183335055,09:42:30.183,18.5800,100
34950274121678,09:42:30.274,18.5800,100
34953472480690,09:42:33.472,18.5900,100
34968182999474,09:42:48.182,18.5900,100
34976181109283,09:42:56.181,18.5900,100
34976182906945,09:42:56.182,18.6000,100
34979182327101,09:42:59.182,18.6000,100
34989182940886,09:43:09.182,18.6000,124
34989182984275,09:43:09.182,18.6000,100
34989182998927,09:43:09.182,18.6000,100
34989183037509,09:43:09.183,18.6000,76
34994274490018,09:43:14.274,18.6000,100
35048231404902,09:44:08.231,18.5900,100
35048231412591,09:44:08.231,18.5900,100
35048231442739,09:44:08.231,18.5900,100
35048255172567,09:44:08.255,18.5700,100
35054662437731,09:44:14.662,18.5800,100
35091219528824,09:44:51.219,18.5800,200
35091219528824,09:44:51.219,18.5800,100
35091219528824,09:44:51.219,18.5800,100
35097275579319,09:44:57.275,18.5800,100
35097275579319,09:44:57.275,18.5800,100
35097275579319,09:44:57.275,18.5800,100
35120466086337,09:45:20.466,18.5800,100
35120466191133,09:45:20.466,18.5800,100
35128479810310,09:45:28.479,18.5800,100
35129116700204,09:45:29.116,18.5700,100
35129119000448,09:45:29.119,18.5600,100
35129120491766,09:45:29.120,18.5600,100
35129130246806,09:45:29.130,18.5600,100
35135275115463,09:45:35.275,18.5800,100
35135300322712,09:45:35.300,18.5700,100
35135300322712,09:45:35.300,18.5700,100
35138989156062,09:45:38.989,18.5800,100
35160315513315,09:46:00.315,18.5800,100
35160316369567,09:46:00.316,18.5800,62
35195184988525,09:46:35.184,18.5900,100
35214452646782,09:46:54.452,18.5900,100
35292139747830,09:48:12.139,18.6000,5
35307182620591,09:48:27.182,18.6000,200
35307182945117,09:48:27.182,18.6000,195
35307182945117,09:48:27.182,18.6000,100
35307182945117,09:48:27.182,18.6000,400
35307182945117,09:48:27.182,18.6000,84
35307183033420,09:48:27.183,18.6000,216
35307183033420,09:48:27.183,18.6000,275
35307183074022,09:48:27.183,18.6000,130
35307183371554,09:48:27.183,18.6000,100
35307243782391,09:48:27.243,18.6000,100
35307243807240,09:48:27.243,18.6000,100
35307293375210,09:48:27.293,18.5900,100
35307293375210,09:48:27.293,18.5900,100
35326723923329,09:48:46.723,18.6000,100
35326723923329,09:48:46.723,18.6000,100
35332070788182,09:48:52.070,18.5900,300
35332070788182,09:48:52.070,18.5900,100
35394478709900,09:49:54.478,18.5800,100
35394478709900,09:49:54.478,18.5800,200
35394478709900,09:49:54.478,18.5800,100
35394478709900,09:49:54.478,18.5800,100
35394540467154,09:49:54.540,18.5800,100
35449182825004,09:50:49.182,18.5800,100
35449183489269,09:50:49.183,18.5800,70
35449183572286,09:50:49.183,18.5800,30
35455387118292,09:50:55.387,18.5900,100
35455387118292,09:50:55.387,18.5900,100
35476826133042,09:51:16.826,18.6000,100
35477072843242,09:51:17.072,18.6000,100
35477072843242,09:51:17.072,18.6000,100
35478468066536,09:51:18.468,18.6000,200
35478492981271,09:51:18.492,18.6000,200
35543283858363,09:52:23.283,18.5900,100
35543283858363,09:52:23.283,18.5900,100
35543283885668,09:52:23.283,18.5900,100
35547684804757,09:52:27.684,18.5900,100
35549616572060,09:52:29.616,18.5900,100
35554009536321,09:52:34.009,18.5900,100
35554016881148,09:52:34.016,18.5900,100
35554021219871,09:52:34.021,18.5900,100
35559183180739,09:52:39.183,18.5900,100
35560577122097,09:52:40.577,18.5900,100
35560578021322,09:52:40.578,18.5800,100
35561586857451,09:52:41.586,18.5800,100
35584183175328,09:53:04.183,18.5900,94
35584183481577,09:53:04.183,18.5900,6
35658152161064,09:54:18.152,18.5900,100
35700076159907,09:55:00.076,18.5900,100
35700076159907,09:55:00.076,18.5900,100
35700076159907,09:55:00.076,18.5900,100
35700076159907,09:55:00.076,18.5900,100
35712183993933,09:55:12.183,18.6000,100
35712183993933,09:55:12.183,18.6000,100
35712183993933,09:55:12.183,18.6000,100
35712184018881,09:55:12.184,18.6000,100
35712293910015,09:55:12.293,18.6000,200
35715291251315,09:55:15.291,18.6000,100
35715291251315,09:55:15.291,18.6000,100
35715316209712,09:55:15.316,18.5900,100
35715316209712,09:55:15.316,18.5900,100
35731957723595,09:55:31.957,18.6000,100
35732183754453,09:55:32.183,18.6000,100
35738591933008,09:55:38.591,18.6000,100
35738591933008,09:55:38.591,18.6000,100
35745271821110,09:55:45.271,18.6000,100
35745273202474,09:55:45.273,18.5900,100
35817295961583,09:56:57.295,18.6000,100
35817296509682,09:56:57.296,18.6000,16
35817296563843,09:56:57.296,18.6000,84
35817296835761,09:56:57.296,18.6000,16
35817296867856,09:56:57.296,18.6000,68
35817296927155,09:56:57.296,18.6000,16
35831183113378,09:57:11.183,18.6100,100
35883502279144,09:58:03.502,18.6100,5
35896090355762,09:58:16.090,18.6000,100
35896110782373,09:58:16.110,18.6000,100
35896115223521,09:58:16.115,18.6000,100
35904994886921,09:58:24.994,18.6000,200
35904994912352,09:58:24.994,18.6000,300
35904994912352,09:58:24.994,18.6000,100
35943414501954,09:59:03.414,18.5900,100
35943414501954,09:59:03.414,18.5900,100
35943414501954,09:59:03.414,18.5900,100
35949578669283,09:59:09.578,18.5900,100
35949578998056,09:59:09.578,18.5900,100
35978058854097,09:59:38.058,18.5800,100
35978058854097,09:59:38.058,18.5800,100
35978058854097,09:59:38.058,18.5800,100
35978059183728,09:59:38.059,18.5800,36
35978059315423,09:59:38.059,18.5800,100
35978059323978,09:59:38.059,18.5800,64
35985158717250,09:59:45.158,18.5700,100
36021340546338,10:00:21.340,18.5800,100
36021340546338,10:00:21.340,18.5800,100
36021340625257,10:00:21.340,18.5800,100
36021340625257,10:00:21.340,18.5800,100
36021340625257,10:00:21.340,18.5800,200
36021340625257,10:00:21.340,18.5800,100
36049183046753,10:00:49.183,18.5800,100
36056177384453,10:00:56.177,18.5800,100
36056177384453,10:00:56.177,18.5800,100
36148183327743,10:02:28.183,18.5900,200
36148183327743,10:02:28.183,18.5900,100
36148183327743,10:02:28.183,18.5900,700
36148341035616,10:02:28.341,18.5900,100
36148341035616,10:02:28.341,18.5900,100
36166689251447,10:02:46.689,18.5900,100
36166689354825,10:02:46.689,18.5900,100
36166689727942,10:02:46.689,18.5900,100
36166690360964,10:02:46.690,18.5900,100
36166691939694,10:02:46.691,18.5900,100
36166692407706,10:02:46.692,18.5900,100
36166693119532,10:02:46.693,18.5900,100
36166693772368,10:02:46.693,18.5900,84
36166694216809,10:02:46.694,18.5900,16
36198180224660,10:03:18.180,18.5900,6
36264404677601,10:04:24.404,18.5800,100
36264404677601,10:04:24.404,18.5800,100
36264404677601,10:04:24.404,18.5800,100
36264404677601,10:04:24.404,18.5800,200
36264404677601,10:04:24.404,18.5800,3
36264404677601,10:04:24.404,18.5800,300
36292567929006,10:04:52.567,18.5700,100
36292567957506,10:04:52.567,18.5700,100
36297010347690,10:04:57.010,18.5700,100
36308183536890,10:05:08.183,18.5700,100
36326856247011,10:05:26.856,18.5700,100
36352235135647,10:05:52.235,18.5700,100
36352235135647,10:05:52.235,18.5700,100
36352235301673,10:05:52.235,18.5700,100
36352235312329,10:05:52.235,18.5700,81
36352345224317,10:05:52.345,18.5800,300
36352434946684,10:05:52.434,18.5800,100
36352506640466,10:05:52.506,18.5800,70
36352756699162,10:05:52.756,18.5800,100
36352784830913,10:05:52.784,18.5800,84
36352784913548,10:05:52.784,18.5800,16
36352846043237,10:05:52.846,18.5700,100
36352846113620,10:05:52.846,18.5700,100
36353085065632,10:05:53.085,18.5800,100
36353234474447,10:05:53.234,18.5800,100
36353325434820,10:05:53.325,18.5700,100
36353325454731,10:05:53.325,18.5700,100
36353560808489,10:05:53.560,18.5800,100
36353638007068,10:05:53.638,18.5800,100
36354050905932,10:05:54.050,18.5900,100
36354050905932,10:05:54.050,18.5900,100
36354050905932,10:05:54.050,18.5900,139
36355757717122,10:05:55.757,18.5900,139
36355837130502,10:05:55.837,18.5900,61
36355837130502,10:05:55.837,18.5900,300
36355947166970,10:05:55.947,18.5800,100
36356093171134,10:05:56.093,18.5900,100
36356173246581,10:05:56.173,18.5900,80
36356173609865,10:05:56.173,18.5900,20
36356988001546,10:05:56.988,18.5900,100
36356988001546,10:05:56.988,18.5900,100
36356988001546,10:05:56.988,18.5900,100
36357105606794,10:05:57.105,18.5900,100
36357185903790,10:05:57.185,18.5900,100
36357186266296,10:05:57.186,18.5900,100
36357236764955,10:05:57.236,18.5900,100
36357263991160,10:05:57.263,18.6000,100
36361150651498,10:06:01.150,18.6000,184
36361150720776,10:06:01.150,18.6000,116
36361150720776,10:06:01.150,18.6000,68
36361150788524,10:06:01.150,18.6000,32
36363477709323,10:06:03.477,18.6000,100
36363477709323,10:06:03.477,18.6000,100
36368319417780,10:06:08.319,18.5950,200
36374084545452,10:06:14.084,18.5900,100
36374084545452,10:06:14.084,18.5900,100
36375276015013,10:06:15.276,18.5900,200
36375532510249,10:06:15.532,18.5900,100
36375532510249,10:06:15.532,18.5900,100
36375757727645,10:06:15.757,18.5900,100
36375757727645,10:06:15.757,18.5900,100
36379516751881,10:06:19.516,18.5900,100
36379516751881,10:06:19.516,18.5900,100
36380402733840,10:06:20.402,18.5900,100
36393764365690,10:06:33.764,18.6000,100
36403090549853,10:06:43.090,18.6000,100
36403090568966,10:06:43.090,18.6000,37
36403090568966,10:06:43.090,18.6000,63
36403112793010,10:06:43.112,18.6000,100
36403222926670,10:06:43.222,18.5900,100
36403222926670,10:06:43.222,18.5900,100
36404440081641,10:06:44.440,18.6000,100
36405016318533,10:06:45.016,18.5900,100
36408089938142,10:06:48.089,18.5900,100
36408089938142,10:06:48.089,18.5900,100
36415127283642,10:06:55.127,18.6000,100
36430203101299,10:07:10.203,18.6000,100
36430203101299,10:07:10.203,18.6000,100
36430203428281,10:07:10.203,18.6000,8
36430203572204,10:07:10.203,18.6000,92
36430203572204,10:07:10.203,18.6000,8
36432365331481,10:07:12.365,18.6000,100
36432365331481,10:07:12.365,18.6000,100
36432408307629,10:07:12.408,18.6000,100
36432417022421,10:07:12.417,18.6000,100
36432417142585,10:07:12.417,18.6000,100
36432455227791,10:07:12.455,18.6000,100
36432455227791,10:07:12.455,18.6000,100
36435531950660,10:07:15.531,18.6000,100
36435531950660,10:07:15.531,18.6000,100
36436419778247,10:07:16.419,18.6100,100
36436419778247,10:07:16.419,18.6100,100
36437434953934,10:07:17.434,18.6000,100
36437434953934,10:07:17.434,18.6000,100
36438059262420,10:07:18.059,18.6000,100
36438059262420,10:07:18.059,18.6000,100
36438152626174,10:07:18.152,18.6100,100
36438152626174,10:07:18.152,18.6100,100
36438207542301,10:07:18.207,18.6000,100
36438207542301,10:07:18.207,18.6000,100
36439893185160,10:07:19.893,18.6100,100
36441615776743,10:07:21.615,18.6100,100
36441615917467,10:07:21.615,18.6100,100
36443704718071,10:07:23.704,18.6100,300
36443704718071,10:07:23.704,18.6100,100
36444066929821,10:07:24.066,18.6100,100
36444070236412,10:07:24.070,18.6100,100
36445584401307,10:07:25.584,18.6000,100
36445584401307,10:07:25.584,18.6000,100
36447476865354,10:07:27.476,18.6000,100
36447476865354,10:07:27.476,18.6000,100
36447531797693,10:07:27.531,18.6100,100
36452122636845,10:07:32.122,18.6000,100
36452122636845,10:07:32.122,18.6000,100
36452129383796,10:07:32.129,18.6100,100
36452129383796,10:07:32.129,18.6100,100
36452129383796,10:07:32.129,18.6100,100
36452129383796,10:07:32.129,18.6100,100
36452201239011,10:07:32.201,18.6100,100
36452201239011,10:07:32.201,18.6100,100
36452219904402,10:07:32.219,18.6100,100
36452221292415,10:07:32.221,18.6000,100
36452221292415,10:07:32.221,18.6000,100
36452241809705,10:07:32.241,18.6000,100
36452241809705,10:07:32.241,18.6000,100
36458319452681,10:07:38.319,18.6100,100
36458319806891,10:07:38.319,18.6100,100
36458319806891,10:07:38.319,18.6100,100
36458410491875,10:07:38.410,18.6100,200
36458454817589,10:07:38.454,18.6100,100
36458454817589,10:07:38.454,18.6100,100
36458517215369,10:07:38.517,18.6100,100
36458628504162,10:07:38.628,18.6100,100
36458628955972,10:07:38.628,18.6100,100
36460501168236,10:07:40.501,18.6100,100
36460501168236,10:07:40.501,18.6100,200
36460551626464,10:07:40.551,18.6100,100
36460551794140,10:07:40.551,18.6100,100
36462591991368,10:07:42.591,18.6100,100
36462711473546,10:07:42.711,18.6100,100
36462757101655,10:07:42.757,18.6100,100
36462758084766,10:07:42.758,18.6100,100
36462758084766,10:07:42.758,18.6100,100
36462758084766,10:07:42.758,18.6100,100
36462767152600,10:07:42.767,18.6100,100
36462767152600,10:07:42.767,18.6100,63
36462771174114,10:07:42.771,18.6100,100
36462771174114,10:07:42.771,18.6100,100
36463715392430,10:07:43.715,18.6000,100
36463715568759,10:07:43.715,18.6000,100
36464806306611,10:07:44.806,18.6100,100
36465739325486,10:07:45.739,18.6100,100
36466770794176,10:07:46.770,18.6100,100
36466770794176,10:07:46.770,18.6100,100
36466770794176,10:07:46.770,18.6100,100
36468745030111,10:07:48.745,18.6100,100
36468745030111,10:07:48.745,18.6100,100
36468859764250,10:07:48.859,18.6100,100
36468859764250,10:07:48.859,18.6100,100
36470948886788,10:07:50.948,18.6100,100
36470949980991,10:07:50.949,18.6100,100
36470950086830,10:07:50.950,18.6100,100
36470950171858,10:07:50.950,18.6100,100
36471425293654,10:07:51.425,18.6100,80
36471440430106,10:07:51.440,18.6100,100
36471440430106,10:07:51.440,18.6100,100
36473038221166,10:07:53.038,18.6100,100
36473038221166,10:07:53.038,18.6100,100
36473038221166,10:07:53.038,18.6100,100
36475127273834,10:07:55.127,18.6100,100
36475879823958,10:07:55.879,18.6000,10
36478316165677,10:07:58.316,18.6100,100
36478317647604,10:07:58.317,18.6100,200
36480503806337,10:08:00.503,18.6100,100
36482585476647,10:08:02.585,18.6100,300
36482699883841,10:08:02.699,18.6100,100
36484674905179,10:08:04.674,18.6100,100
36484674905179,10:08:04.674,18.6100,100
36484674905179,10:08:04.674,18.6100,100
36485405331541,10:08:05.405,18.6200,5
36486763958048,10:08:06.763,18.6100,200
36486763958048,10:08:06.763,18.6100,100
36486763958048,10:08:06.763,18.6100,100
36486767706893,10:08:06.767,18.6100,100
36486915903228,10:08:06.915,18.6100,100
36486960107948,10:08:06.960,18.6100,100
36486960210174,10:08:06.960,18.6100,100
36486965407461,10:08:06.965,18.6000,90
36486965407461,10:08:06.965,18.6000,10
36490803082157,10:08:10.803,18.6000,100
36491970653958,10:08:11.970,18.6100,100
36492892343188,10:08:12.892,18.6150,100
36492892343188,10:08:12.892,18.6100,300
36493018530973,10:08:13.018,18.6100,100
36493018849979,10:08:13.018,18.6100,100
36493018992163,10:08:13.018,18.6100,100
36493018992163,10:08:13.018,18.6100,200
36493019176254,10:08:13.019,18.6100,100
36493019260516,10:08:13.019,18.6100,100
36493060499945,10:08:13.060,18.6000,100
36493060859770,10:08:13.060,18.6000,100
36493060859770,10:08:13.060,18.6000,100
36493061408064,10:08:13.061,18.6000,19
36493104928547,10:08:13.104,18.6000,7
36493104953329,10:08:13.104,18.6000,93
36493323462012,10:08:13.323,18.6000,100
36495060763007,10:08:15.060,18.6000,100
36495060763007,10:08:15.060,18.6000,100
36495060763007,10:08:15.060,18.6000,100
36495060763007,10:08:15.060,18.6000,200
36495060763007,10:08:15.060,18.6000,200
36495315594733,10:08:15.315,18.6000,19
36499365795918,10:08:19.365,18.6100,100
36503091859738,10:08:23.091,18.6000,100
36503091859738,10:08:23.091,18.6000,100
36503095051839,10:08:23.095,18.6100,100
36503095076188,10:08:23.095,18.6100,100
36503121893165,10:08:23.121,18.6100,100
36506822840778,10:08:26.822,18.6100,100
36506822867484,10:08:26.822,18.6100,100
36506822867484,10:08:26.822,18.6100,100
36506822867484,10:08:26.822,18.6100,100
36506823305622,10:08:26.823,18.6100,100
36524784461912,10:08:44.784,18.6100,100
36524784461912,10:08:44.784,18.6100,600
36524784843672,10:08:44.784,18.6100,84
36524785148897,10:08:44.785,18.6100,16
36524786005423,10:08:44.786,18.6100,100
36524786038684,10:08:44.786,18.6100,84
36524801168972,10:08:44.801,18.6100,30
36524801168972,10:08:44.801,18.6100,70
36524801240852,10:08:44.801,18.6100,30
36524801240852,10:08:44.801,18.6100,70
36524888000095,10:08:44.888,18.6100,100
36564306034531,10:09:24.306,18.6100,100
36564306034531,10:09:24.306,18.6100,100
36564356538883,10:09:24.356,18.6100,200
36567144375998,10:09:27.144,18.6100,100
36567144375998,10:09:27.144,18.6100,100
36571422757888,10:09:31.422,18.6100,100
36571422757888,10:09:31.422,18.6100,100
36579841931496,10:09:39.841,18.6200,100
36579841931496,10:09:39.841,18.6200,100
36579841931496,10:09:39.841,18.6200,20
36579841945274,10:09:39.841,18.6200,100
36580728082621,10:09:40.728,18.6200,200
36583163679195,10:09:43.163,18.6200,100
36583163679195,10:09:43.163,18.6200,100
36603091328111,10:10:03.091,18.6200,100
36603091328111,10:10:03.091,18.6200,100
36607098084500,10:10:07.098,18.6200,100
36626598343410,10:10:26.598,18.6200,100
36626598514216,10:10:26.598,18.6200,100
36626621670447,10:10:26.621,18.6200,100
36626621670447,10:10:26.621,18.6200,100
36626621670447,10:10:26.621,18.6200,100
36626623545133,10:10:26.623,18.6100,100
36626645350331,10:10:26.645,18.6100,90
36626645350331,10:10:26.645,18.6100,10
36626668422901,10:10:26.668,18.6100,100
36626679115742,10:10:26.679,18.6100,100
36626700313406,10:10:26.700,18.6100,100
36626711739873,10:10:26.711,18.6000,100
36632706192000,10:10:32.706,18.6100,100
36632730238937,10:10:32.730,18.6100,200
36632731259135,10:10:32.731,18.6100,100
36632731259135,10:10:32.731,18.6100,100
36632731259135,10:10:32.731,18.6100,100
36632767859366,10:10:32.767,18.6100,100
36632767859366,10:10:32.767,18.6100,100
36632767859366,10:10:32.767,18.6100,100
36632768466101,10:10:32.768,18.6000,100
36632768466101,10:10:32.768,18.6000,100
36632768466101,10:10:32.768,18.6000,100
36632794779016,10:10:32.794,18.6100,100
36632794779016,10:10:32.794,18.6100,100
36632794779016,10:10:32.794,18.6100,100
36632930688392,10:10:32.930,18.6100,100
36632930688392,10:10:32.930,18.6100,100
36632930811233,10:10:32.930,18.6100,44
36632981171111,10:10:32.981,18.6100,100
36632981171111,10:10:32.981,18.6100,100
36635942236056,10:10:35.942,18.6100,44
36635942236056,10:10:35.942,18.6100,100
36635945377550,10:10:35.945,18.6100,100
36635945441908,10:10:35.945,18.6100,100
36635945441908,10:10:35.945,18.6100,100
36635945888082,10:10:35.945,18.6100,100
36635945888082,10:10:35.945,18.6100,100
36638282975704,10:10:38.282,18.6100,100
36638287162151,10:10:38.287,18.6100,100
36638295544515,10:10:38.295,18.6100,100
36638324898956,10:10:38.324,18.6000,100
36638324898956,10:10:38.324,18.6000,100
36638336370825,10:10:38.336,18.6000,100
36640020040998,10:10:40.020,18.6100,100
36640020040998,10:10:40.020,18.6100,100
36641749401722,10:10:41.749,18.6100,100
36643771396440,10:10:43.771,18.6100,100
36646687956741,10:10:46.687,18.6100,100
36648418827112,10:10:48.418,18.6100,100
36648418827112,10:10:48.418,18.6100,100
36648418827112,10:10:48.418,18.6100,100
36648418827112,10:10:48.418,18.6100,100
36648418827112,10:10:48.418,18.6100,300
36657027584210,10:10:57.027,18.6100,100
36688333987428,10:11:28.333,18.6100,100
36688333987428,10:11:28.333,18.6100,100
36688333987428,10:11:28.333,18.6100,100
36688420568455,10:11:28.420,18.6200,100
36688420568455,10:11:28.420,18.6200,82
36718394623730,10:11:58.394,18.6100,100
36718394623730,10:11:58.394,18.6100,100
36719093419202,10:11:59.093,18.6100,200
36723090098262,10:12:03.090,18.6100,200
36723983319220,10:12:03.983,18.6100,200
36723983319220,10:12:03.983,18.6100,100
36723983319220,10:12:03.983,18.6100,31
36724028857210,10:12:04.028,18.6100,200
36724028857210,10:12:04.028,18.6100,100
36724028931430,10:12:04.028,18.6100,100
36793182745841,10:13:13.182,18.6200,100
36793182745841,10:13:13.182,18.6200,100
36793183307940,10:13:13.183,18.6200,100
36793183307940,10:13:13.183,18.6200,100
36794481263150,10:13:14.481,18.6300,200
36797766292633,10:13:17.766,18.6300,5
36799075792540,10:13:19.075,18.6200,100
36829445585736,10:13:49.445,18.6200,100
36829445585736,10:13:49.445,18.6200,100
36829512871981,10:13:49.512,18.6300,95
36829512871981,10:13:49.512,18.6300,5
36829627953022,10:13:49.627,18.6200,100
36829628005623,10:13:49.628,18.6200,100
36829628005623,10:13:49.628,18.6200,100
36829628005623,10:13:49.628,18.6200,100
36829628137193,10:13:49.628,18.6200,100
36829628211035,10:13:49.628,18.6200,100
36829744789264,10:13:49.744,18.6200,100
36829744865698,10:13:49.744,18.6200,100
36829758827382,10:13:49.758,18.6200,20
36829860771686,10:13:49.860,18.6200,80
36829860771686,10:13:49.860,18.6200,100
36829860771686,10:13:49.860,18.6200,20
36830643781023,10:13:50.643,18.6300,95
36830643781023,10:13:50.643,18.6300,5
36830730517580,10:13:50.730,18.6300,95
36830730517580,10:13:50.730,18.6300,5
36830820894669,10:13:50.820,18.6300,95
36830820894669,10:13:50.820,18.6300,12
36830906747498,10:13:50.906,18.6300,100
36852941693491,10:14:12.941,18.6400,100
36852941693491,10:14:12.941,18.6400,100
36853032324305,10:14:13.032,18.6400,43
36868140741017,10:14:28.140,18.6400,57
36868140741017,10:14:28.140,18.6400,100
36868140741017,10:14:28.140,18.6400,100
36868184084108,10:14:28.184,18.6400,100
36868229704022,10:14:28.229,18.6500,100
36868229704022,10:14:28.229,18.6500,100
36868464245561,10:14:28.464,18.6400,19
36868464321191,10:14:28.464,18.6400,19
36868464376848,10:14:28.464,18.6400,19
36868464437781,10:14:28.464,18.6400,19
36868464502182,10:14:28.464,18.6400,19
36868464562738,10:14:28.464,18.6400,5
36868674557485,10:14:28.674,18.6500,1
36870008108498,10:14:30.008,18.6400,100
36870008108498,10:14:30.008,18.6400,100
36872068460500,10:14:32.068,18.6400,100
36872068460500,10:14:32.068,18.6400,100
36872068460500,10:14:32.068,18.6400,100
36899361025120,10:14:59.361,18.6400,20
36910638914901,10:15:10.638,18.6400,80
36910638914901,10:15:10.638,18.6400,100
36910638914901,10:15:10.638,18.6400,100
36910638989307,10:15:10.638,18.6400,100
37094019460002,10:18:14.019,18.6500,5
37128627804036,10:18:48.627,18.6400,100
37128627804036,10:18:48.627,18.6400,200
37131082962569,10:18:51.082,18.6400,100
37131082962569,10:18:51.082,18.6400,500
37131082962569,10:18:51.082,18.6400,43
37131082962569,10:18:51.082,18.6400,100
37131082962569,10:18:51.082,18.6400,100
37131228472362,10:18:51.228,18.6300,100
37131230452868,10:18:51.230,18.6300,200
37131269868330,10:18:51.269,18.6200,100
37131270090918,10:18:51.270,18.6200,100
37145178391630,10:19:05.178,18.6300,100
37145178404802,10:19:05.178,18.6300,80
37145178419982,10:19:05.178,18.6300,100
37145179309471,10:19:05.179,18.6300,200
37145179309471,10:19:05.179,18.6300,100
37145179309471,10:19:05.179,18.6300,100
37145179309471,10:19:05.179,18.6300,100
37146182027930,10:19:06.182,18.6300,100
37146476712008,10:19:06.476,18.6300,100
37146476712008,10:19:06.476,18.6300,100
37146485100991,10:19:06.485,18.6300,100
37146495261592,10:19:06.495,18.6300,100
37150698557316,10:19:10.698,18.6300,100
37150698557316,10:19:10.698,18.6300,200
37157179993566,10:19:17.179,18.6300,100
37159289196535,10:19:19.289,18.6300,100
37159314659092,10:19:19.314,18.6200,100
37171249847656,10:19:31.249,18.6300,100
37171249897227,10:19:31.249,18.6300,100
37172031665489,10:19:32.031,18.6300,46
37172031665489,10:19:32.031,18.6300,54
37260191449045,10:21:00.191,18.6400,10
37260191557881,10:21:00.191,18.6400,290
37260191557881,10:21:00.191,18.6400,100
37266183120886,10:21:06.183,18.6400,100
37266183120886,10:21:06.183,18.6400,100
37267257505945,10:21:07.257,18.6400,100
37267257505945,10:21:07.257,18.6400,100
37293959628536,10:21:33.959,18.6400,100
37293959628536,10:21:33.959,18.6400,100
37350090332165,10:22:30.090,18.6400,300
37350090332165,10:22:30.090,18.6400,100
37350090737664,10:22:30.090,18.6400,100
37350165559863,10:22:30.165,18.6600,100
37352234697487,10:22:32.234,18.6700,20
37366037672287,10:22:46.037,18.6900,100
37366037672287,10:22:46.037,18.6900,100
37366041387906,10:22:46.041,18.6900,100
37366041387906,10:22:46.041,18.6900,100
37369532012070,10:22:49.532,18.7000,100
37369532012070,10:22:49.532,18.7000,80
37369532012070,10:22:49.532,18.7000,20
37369532062009,10:22:49.532,18.7000,80
37369535152265,10:22:49.535,18.7000,100
37369774850634,10:22:49.774,18.6900,100
37369774850634,10:22:49.774,18.6900,100
37369774964257,10:22:49.774,18.6900,100
37373067027853,10:22:53.067,18.6900,5
37389745758624,10:23:09.745,18.6900,100
37404750576169,10:23:24.750,18.6850,100
37404751001851,10:23:24.751,18.6800,100
37404799751316,10:23:24.799,18.6700,100
37404799751316,10:23:24.799,18.6700,100
37404800117726,10:23:24.800,18.6700,5
37427201283281,10:23:47.201,18.6700,100
37427201283281,10:23:47.201,18.6700,57
37427292675525,10:23:47.292,18.6700,27
37427432443026,10:23:47.432,18.6700,1
37427689448100,10:23:47.689,18.6700,72
37430042919274,10:23:50.042,18.6700,93
37430042982163,10:23:50.042,18.6700,7
37430042982163,10:23:50.042,18.6700,7
37430043017806,10:23:50.043,18.6700,79
37430043249740,10:23:50.043,18.6700,14
37430064792333,10:23:50.064,18.6600,100
37556182982553,10:25:56.182,18.6700,100
37556186675647,10:25:56.186,18.6700,34
37559181405944,10:25:59.181,18.6650,100
37561812580879,10:26:01.812,18.6700,48
37562183170884,10:26:02.183,18.6700,100
37624440570867,10:27:04.440,18.6600,100
37624440570867,10:27:04.440,18.6600,100
37624440570867,10:27:04.440,18.6600,100
37624540873925,10:27:04.540,18.6500,100
37668907593028,10:27:48.907,18.6400,7
37693840100156,10:28:13.840,18.6500,100
37693840100156,10:28:13.840,18.6500,100
37693840129541,10:28:13.840,18.6500,100
37695178935756,10:28:15.178,18.6500,300
37712100384786,10:28:32.100,18.6600,5
37791183409953,10:29:51.183,18.6600,46
37791183824508,10:29:51.183,18.6600,49
37791183824508,10:29:51.183,18.6600,100
37791183824508,10:29:51.183,18.6600,179
37791184252027,10:29:51.184,18.6600,100
37791184318135,10:29:51.184,18.6600,100
37791184363438,10:29:51.184,18.6600,21
37791184363438,10:29:51.184,18.6600,79
37791184417053,10:29:51.184,18.6600,21
37791184417053,10:29:51.184,18.6600,79
37791194724141,10:29:51.194,18.6600,200
37791194772221,10:29:51.194,18.6600,21
37812251288524,10:30:12.251,18.6600,100
37812251391983,10:30:12.251,18.6600,100
37851114179011,10:30:51.114,18.6600,100
37851114179011,10:30:51.114,18.6600,200
37851114179011,10:30:51.114,18.6600,100
37851114179011,10:30:51.114,18.6600,39
37851180177079,10:30:51.180,18.6600,100
37851180215388,10:30:51.180,18.6600,100
37851180463216,10:30:51.180,18.6600,100
37856787388962,10:30:56.787,18.6600,100
37856787463753,10:30:56.787,18.6600,100
37860723509455,10:31:00.723,18.6600,100
37860723758288,10:31:00.723,18.6600,100
37928068732216,10:32:08.068,18.6600,100
37928068732216,10:32:08.068,18.6600,100
37928068732216,10:32:08.068,18.6600,100
37928068732216,10:32:08.068,18.6600,100
37937817735338,10:32:17.817,18.6600,100
37937817735338,10:32:17.817,18.6600,48
37979043931385,10:32:59.043,18.6600,5
37988183614069,10:33:08.183,18.6600,47
37988183614069,10:33:08.183,18.6600,100
37988183614069,10:33:08.183,18.6600,100
37988183614069,10:33:08.183,18.6600,100
38013263748860,10:33:33.263,18.6700,100
38146207181080,10:35:46.207,18.6600,100
38146207181080,10:35:46.207,18.6600,100
38146207181080,10:35:46.207,18.6600,100
38146207181080,10:35:46.207,18.6600,100
38146207275998,10:35:46.207,18.6600,20
38150270810347,10:35:50.270,18.6500,200
38150270810347,10:35:50.270,18.6500,100
38150270810347,10:35:50.270,18.6500,5
38150270810347,10:35:50.270,18.6500,100
38188627380066,10:36:28.627,18.6400,100
38245826011816,10:37:25.826,18.6350,10
38261354441488,10:37:41.354,18.6300,90
38261354468329,10:37:41.354,18.6300,110
38261354468329,10:37:41.354,18.6300,100
38261354468329,10:37:41.354,18.6300,100
38264180697327,10:37:44.180,18.6100,100
38264244859437,10:37:44.244,18.6050,100
38264246183354,10:37:44.246,18.6000,100
38264246183354,10:37:44.246,18.6000,100
38271184492187,10:37:51.184,18.6000,100
38279760445825,10:37:59.760,18.6000,100
38279760445825,10:37:59.760,18.6000,100
38375587368018,10:39:35.587,18.6200,100
38389264829152,10:39:49.264,18.6300,100
38398181453630,10:39:58.181,18.6450,100
38444914828628,10:40:44.914,18.6400,100
38444914828628,10:40:44.914,18.6400,100
38444914828628,10:40:44.914,18.6400,300
38445083216308,10:40:45.083,18.6300,100
38510701713708,10:41:50.701,18.6300,100
38510701713708,10:41:50.701,18.6300,96
38510701713708,10:41:50.701,18.6300,100
38510702295916,10:41:50.702,18.6200,100
38548074625724,10:42:28.074,18.6100,100
38548075262665,10:42:28.075,18.6100,74
38601182928132,10:43:21.182,18.6000,64
38604180710513,10:43:24.180,18.6000,10
38639397235889,10:43:59.397,18.6000,100
38662869620143,10:44:22.869,18.6000,100
38662870130546,10:44:22.870,18.6000,100
38666387592910,10:44:26.387,18.5900,100
38701798336454,10:45:01.798,18.5900,100
38785184111254,10:46:25.184,18.6000,88
38790259882859,10:46:30.259,18.6000,12
38790259882859,10:46:30.259,18.6000,100
38809590095766,10:46:49.590,18.6100,100
38825538249834,10:47:05.538,18.6000,100
38856866706036,10:47:36.866,18.5900,100
38857281850833,10:47:37.281,18.5900,100
38862182853027,10:47:42.182,18.5900,100
38865312105318,10:47:45.312,18.5900,100
38865312105318,10:47:45.312,18.5900,100
38866181200283,10:47:46.181,18.5900,100
38867747548315,10:47:47.747,18.5900,100
38887950698004,10:48:07.950,18.5800,100
38887950698004,10:48:07.950,18.5800,100
38929729189444,10:48:49.729,18.5700,200
38929729214076,10:48:49.729,18.5700,100
38929729215981,10:48:49.729,18.5700,100
38931898533088,10:48:51.898,18.5700,100
38931898533088,10:48:51.898,18.5700,200
38939402899637,10:48:59.402,18.5700,100
38939402899637,10:48:59.402,18.5700,100
38984927704448,10:49:44.927,18.5700,100
38984927895937,10:49:44.927,18.5700,100
38984927895937,10:49:44.927,18.5700,4
38985071805767,10:49:45.071,18.5600,100
38985071805767,10:49:45.071,18.5600,100
39003042067171,10:50:03.042,18.5700,100
39015632202050,10:50:15.632,18.5700,100
39015632659674,10:50:15.632,18.5700,100
39017145722359,10:50:17.145,18.5700,100
39017146006627,10:50:17.146,18.5700,20
39021182091537,10:50:21.182,18.5700,80
39051839857640,10:50:51.839,18.5700,100
39051840057101,10:50:51.840,18.5700,20
39065369995923,10:51:05.369,18.5700,100
39099384978369,10:51:39.384,18.5700,100
39099385197066,10:51:39.385,18.5700,100
39110000767607,10:51:50.000,18.5700,300
39110001443011,10:51:50.001,18.5700,100
39178755960372,10:52:58.755,18.5700,100
39178756010392,10:52:58.756,18.5700,156
39178756046025,10:52:58.756,18.5700,9
39178756046025,10:52:58.756,18.5700,100
39191897249965,10:53:11.897,18.5700,100
39191897249965,10:53:11.897,18.5700,100
39196360472583,10:53:16.360,18.5700,100
39196360472583,10:53:16.360,18.5700,100
39207741798189,10:53:27.741,18.5700,100
39248844177868,10:54:08.844,18.5700,100
39248844177868,10:54:08.844,18.5700,100
39248844177868,10:54:08.844,18.5700,100
39248844217300,10:54:08.844,18.5700,100
39248924749553,10:54:08.924,18.5700,100
39248928607136,10:54:08.928,18.5800,100
39248928607136,10:54:08.928,18.5800,100
39252876154580,10:54:12.876,18.5900,100
39343183470728,10:55:43.183,18.5900,60
39348183522992,10:55:48.183,18.5900,40
39348183522992,10:55:48.183,18.5900,85
39348183681893,10:55:48.183,18.5900,15
39348193842921,10:55:48.193,18.6000,100
39354445543574,10:55:54.445,18.6000,100
39354445543574,10:55:54.445,18.6000,8
39367183004640,10:56:07.183,18.6000,100
39370183278386,10:56:10.183,18.6000,100
39416517626508,10:56:56.517,18.6100,84
39466345362547,10:57:46.345,18.6200,100
39466345362547,10:57:46.345,18.6200,300
39466345362547,10:57:46.345,18.6200,100
39466345681185,10:57:46.345,18.6200,100
39500519509652,10:58:20.519,18.6100,5
39539374012124,10:58:59.374,18.6000,100
39573341424568,10:59:33.341,18.6000,100
39573341424568,10:59:33.341,18.6000,100
39573341424568,10:59:33.341,18.6000,100
39574184407062,10:59:34.184,18.6000,36
39574184430534,10:59:34.184,18.6000,38
39578331655167,10:59:38.331,18.6100,5
39663463886539,11:01:03.463,18.6200,100
39692626261607,11:01:32.626,18.6400,100
39692626375458,11:01:32.626,18.6400,20
39692626409022,11:01:32.626,18.6400,80
39692626409022,11:01:32.626,18.6400,20
39713178519597,11:01:53.178,18.6500,33
39791940542115,11:03:11.940,18.6400,100
39791940542115,11:03:11.940,18.6400,100
39791940542115,11:03:11.940,18.6400,100
39791940542115,11:03:11.940,18.6400,100
39792328013803,11:03:12.328,18.6300,100
39792328079159,11:03:12.328,18.6300,100
39799180380931,11:03:19.180,18.6300,100
39799181103686,11:03:19.181,18.6300,100
39913183279034,11:05:13.183,18.6300,68
39916182809024,11:05:16.182,18.6300,200
39916182908817,11:05:16.182,18.6300,88
40042481844848,11:07:22.481,18.6200,100
40042481844848,11:07:22.481,18.6200,100
40042481844848,11:07:22.481,18.6200,100
40042481844848,11:07:22.481,18.6200,100
40042489623691,11:07:22.489,18.6100,100
40042489623691,11:07:22.489,18.6100,100
40042489623691,11:07:22.489,18.6200,100
40042489623691,11:07:22.489,18.6200,100
40042489623691,11:07:22.489,18.6200,100
40042489623691,11:07:22.489,18.6200,44
40042506138379,11:07:22.506,18.6200,100
40042506824069,11:07:22.506,18.6300,100
40042506824069,11:07:22.506,18.6300,300
40042506824069,11:07:22.506,18.6300,100
40042506824069,11:07:22.506,18.6300,100
40042506926845,11:07:22.506,18.6300,100
40042511541760,11:07:22.511,18.6400,100
40042526466526,11:07:22.526,18.6400,100
40042526466526,11:07:22.526,18.6400,100
40042548988626,11:07:22.548,18.6500,100
40042548988626,11:07:22.548,18.6500,100
40042680277188,11:07:22.680,18.6400,100
40044528046370,11:07:24.528,18.6300,100
40044528899570,11:07:24.528,18.6300,100
40044528925123,11:07:24.528,18.6300,100
40044528925123,11:07:24.528,18.6300,100
40045174215614,11:07:25.174,18.6200,100
40045174215614,11:07:25.174,18.6200,300
40047183548302,11:07:27.183,18.6100,100
40047183548302,11:07:27.183,18.6100,100
40047183548302,11:07:27.183,18.6100,100
40047184115498,11:07:27.184,18.6100,100
40047184143795,11:07:27.184,18.6100,100
40047186544964,11:07:27.186,18.6100,100
40050023107181,11:07:30.023,18.6000,100
40062014806620,11:07:42.014,18.6100,100
40062014895297,11:07:42.014,18.6100,100
40062172351347,11:07:42.172,18.6100,100
40062183355653,11:07:42.183,18.6100,100
40072968955184,11:07:52.968,18.6100,100
40072969455615,11:07:52.969,18.6100,100
40081547194736,11:08:01.547,18.6100,100
40081547277230,11:08:01.547,18.6100,100
40081547331569,11:08:01.547,18.6100,100
40103249508491,11:08:23.249,18.6100,100
40103249508491,11:08:23.249,18.6100,100
40116095938331,11:08:36.095,18.6100,5
40203026291051,11:10:03.026,18.6000,100
40203026291051,11:10:03.026,18.6000,100
40203026291051,11:10:03.026,18.6000,100
40203026291051,11:10:03.026,18.6000,100
40203026291051,11:10:03.026,18.6000,100
40203026291051,11:10:03.026,18.6000,100
40205183099927,11:10:05.183,18.6000,100
40205183099927,11:10:05.183,18.6000,25
40216232027147,11:10:16.232,18.6000,142
40216626871021,11:10:16.626,18.6000,33
40216626871021,11:10:16.626,18.6000,67
40216626899515,11:10:16.626,18.6000,33
40216626927075,11:10:16.626,18.6000,33
40231297384131,11:10:31.297,18.6100,100
40255324406974,11:10:55.324,18.6100,100
40265722923440,11:11:05.722,18.6200,100
40286681567121,11:11:26.681,18.6300,100
40318957241194,11:11:58.957,18.6400,20
40350504302456,11:12:30.504,18.6400,200
40350504328275,11:12:30.504,18.6400,100
40350504328275,11:12:30.504,18.6400,100
40412939271975,11:13:32.939,18.6300,24
40417182967192,11:13:37.182,18.6300,28
40417218895923,11:13:37.218,18.6300,48
40423183336517,11:13:43.183,18.6400,100
40423183452758,11:13:43.183,18.6400,100
40536438236239,11:15:36.438,18.6400,400
40536438236239,11:15:36.438,18.6400,600
40536440399892,11:15:36.440,18.6500,100
40536440399892,11:15:36.440,18.6400,100
40536440399892,11:15:36.440,18.6400,100
40536440399892,11:15:36.440,18.6400,100
40605183485487,11:16:45.183,18.6400,86
40605183485487,11:16:45.183,18.6400,100
40606191163784,11:16:46.191,18.6400,100
40608183258883,11:16:48.183,18.6400,100
40608183499910,11:16:48.183,18.6400,205
40653431473261,11:17:33.431,18.6400,100
40653431473261,11:17:33.431,18.6400,200
40653431473261,11:17:33.431,18.6400,100
40653431473261,11:17:33.431,18.6400,181
40653852189507,11:17:33.852,18.6300,100
40653852189507,11:17:33.852,18.6300,100
40679410555511,11:17:59.410,18.6300,20
40679410883278,11:17:59.410,18.6300,100
40693979424342,11:18:13.979,18.6300,100
40693979882363,11:18:13.979,18.6300,60
40693979890262,11:18:13.979,18.6300,40
40815183535908,11:20:15.183,18.6300,100
40815183535908,11:20:15.183,18.6300,100
40815183928096,11:20:15.183,18.6300,68
40815184366952,11:20:15.184,18.6300,32
40818420353255,11:20:18.420,18.6300,100
40818421066847,11:20:18.421,18.6300,5
40818421066847,11:20:18.421,18.6300,100
40819186384549,11:20:19.186,18.6300,100
40822182770897,11:20:22.182,18.6300,99
40822183197142,11:20:22.183,18.6300,1
40897609295480,11:21:37.609,18.6300,100
40897609295480,11:21:37.609,18.6300,100
40897609295480,11:21:37.609,18.6300,100
40985102519358,11:23:05.102,18.6300,5
40990429866941,11:23:10.429,18.6200,100
40990429866941,11:23:10.429,18.6200,100
40990429866941,11:23:10.429,18.6200,100
40990429866941,11:23:10.429,18.6200,100
40990429866941,11:23:10.429,18.6200,100
40990429866941,11:23:10.429,18.6200,106
40990429866941,11:23:10.429,18.6200,94
40990429916581,11:23:10.429,18.6200,6
41004435637965,11:23:24.435,18.6100,100
41004435683063,11:23:24.435,18.6100,33
41004435689700,11:23:24.435,18.6100,67
41030640637371,11:23:50.640,18.6100,10
41035183390325,11:23:55.183,18.6100,5
41055182934460,11:24:15.182,18.6100,85
41055182934460,11:24:15.182,18.6100,100
41055182934460,11:24:15.182,18.6100,100
41055182998484,11:24:15.182,18.6100,100
41081456787265,11:24:41.456,18.6100,100
41081456787265,11:24:41.456,18.6100,33
41081456880984,11:24:41.456,18.6100,67
41081456880984,11:24:41.456,18.6100,25
41081456880984,11:24:41.456,18.6100,41
41081456921639,11:24:41.456,18.6100,59
41129214295451,11:25:29.214,18.6100,100
41129214295451,11:25:29.214,18.6100,600
41129214295451,11:25:29.214,18.6100,200
41129214295451,11:25:29.214,18.6100,100
41131183734170,11:25:31.183,18.6100,1
41131183734170,11:25:31.183,18.6100,55
41131183734170,11:25:31.183,18.6100,44
41136183430973,11:25:36.183,18.6100,100
41175183496354,11:26:15.183,18.6200,100
41292202410660,11:28:12.202,18.6400,100
41298708636929,11:28:18.708,18.6400,100
41298708636929,11:28:18.708,18.6400,100
41303621670314,11:28:23.621,18.6500,5
41310315696428,11:28:30.315,18.6400,100
41310320945072,11:28:30.320,18.6400,100
41320028610637,11:28:40.028,18.6400,44
41340181094234,11:29:00.181,18.6400,10
41356972165140,11:29:16.972,18.6400,46
41356972165140,11:29:16.972,18.6400,34
41386256818339,11:29:46.256,18.6300,100
41473440396539,11:31:13.440,18.6300,200
41473440396539,11:31:13.440,18.6300,100
41515424726339,11:31:55.424,18.6400,40
41515425701452,11:31:55.425,18.6400,26
41515425701452,11:31:55.425,18.6400,100
41601959701637,11:33:21.959,18.6500,5
41718098937609,11:35:18.098,18.6400,100
41718098937609,11:35:18.098,18.6400,100
41718098937609,11:35:18.098,18.6400,100
41718099117510,11:35:18.099,18.6400,68
41773926127241,11:36:13.926,18.6400,43
41938099200631,11:38:58.099,18.6300,100
41938099200631,11:38:58.099,18.6300,300
41938099200631,11:38:58.099,18.6300,100
41938099200631,11:38:58.099,18.6300,100
41938103985840,11:38:58.103,18.6200,20
41962926970184,11:39:22.926,18.6300,100
41962926970184,11:39:22.926,18.6300,100
41962926970184,11:39:22.926,18.6300,100
41962927125834,11:39:22.927,18.6300,58
41962927421035,11:39:22.927,18.6300,42
41962927421035,11:39:22.927,18.6300,58
41962927840009,11:39:22.927,18.6300,42
42091385770153,11:41:31.385,18.6300,100
42091387081713,11:41:31.387,18.6300,100
42104135059288,11:41:44.135,18.6300,100
42104135059288,11:41:44.135,18.6300,100
42104135142894,11:41:44.135,18.6300,24
42104135364092,11:41:44.135,18.6300,76
42104135364092,11:41:44.135,18.6300,100
42104135467091,11:41:44.135,18.6300,100
42201878227306,11:43:21.878,18.6500,100
42202383311906,11:43:22.383,18.6600,100
42214690074519,11:43:34.690,18.6600,5
42215193955977,11:43:35.193,18.6600,8
42215225724753,11:43:35.225,18.6600,57
42508017757183,11:48:28.017,18.6700,200
42508018427895,11:48:28.018,18.6600,100
42508018427895,11:48:28.018,18.6600,48
42508018440129,11:48:28.018,18.6600,52
42508018440129,11:48:28.018,18.6600,100
42508018440129,11:48:28.018,18.6600,48
42508018462471,11:48:28.018,18.6600,52
42508018462471,11:48:28.018,18.6600,100
42508018462471,11:48:28.018,18.6600,100
42600244875549,11:50:00.244,18.6400,100
42643518715076,11:50:43.518,18.6300,100
42643518715076,11:50:43.518,18.6300,100
42643519063993,11:50:43.519,18.6200,100
42660674989865,11:51:00.674,18.6400,100
42660674989865,11:51:00.674,18.6400,100
42660675024043,11:51:00.675,18.6400,95
42660675295192,11:51:00.675,18.6400,5
42660675295192,11:51:00.675,18.6400,100
42780868993672,11:53:00.868,18.6500,5
42857686418311,11:54:17.686,18.6400,100
42857686418311,11:54:17.686,18.6400,100
42857686418311,11:54:17.686,18.6400,100
42857686418311,11:54:17.686,18.6400,100
42857686418311,11:54:17.686,18.6400,3
42857686418311,11:54:17.686,18.6400,100
42857686418311,11:54:17.686,18.6400,27
42857686418311,11:54:17.686,18.6400,70
42891871428573,11:54:51.871,18.6400,100
42891871428573,11:54:51.871,18.6400,100
42891871487461,11:54:51.871,18.6400,57
42891871504243,11:54:51.871,18.6400,43
42999591285218,11:56:39.591,18.6500,22
43088728738904,11:58:08.728,18.6500,5
43174490620087,11:59:34.490,18.6400,100
43174490620087,11:59:34.490,18.6400,100
43174490620087,11:59:34.490,18.6400,100
43174490620087,11:59:34.490,18.6400,100
43226534382826,12:00:26.534,18.6400,100
43226534382826,12:00:26.534,18.6400,100
43411932699169,12:03:31.932,18.6400,5
43555258041228,12:05:55.258,18.6300,100
43555258041228,12:05:55.258,18.6300,100
43555258041228,12:05:55.258,18.6300,100
43555258041228,12:05:55.258,18.6300,100
43555258041228,12:05:55.258,18.6300,4
43572295179595,12:06:12.295,18.6300,100
43572295179595,12:06:12.295,18.6300,300
43572295179595,12:06:12.295,18.6300,100
43712019257898,12:08:32.019,18.6400,6
43738118740538,12:08:58.118,18.6300,100
43738118740538,12:08:58.118,18.6300,100
43739417249026,12:08:59.417,18.6300,100
43739417249026,12:08:59.417,18.6300,100
43739417249026,12:08:59.417,18.6300,100
43740967967872,12:09:00.967,18.6300,100
43743095937414,12:09:03.095,18.6300,100
43852177284288,12:10:52.177,18.6400,100
43852177284288,12:10:52.177,18.6400,94
43852177322140,12:10:52.177,18.6400,6
43858921385747,12:10:58.921,18.6500,20
43858922009539,12:10:58.922,18.6500,48
43858922009539,12:10:58.922,18.6500,200
44011223259824,12:13:31.223,18.6600,5
44057196748494,12:14:17.196,18.6500,100
44057196748494,12:14:17.196,18.6500,100
44057196748494,12:14:17.196,18.6500,100
44057196848661,12:14:17.196,18.6500,72
44163612950477,12:16:03.612,18.6600,100
44163612950477,12:16:03.612,18.6600,1
44215149669892,12:16:55.149,18.6900,100
44299971770335,12:18:19.971,18.7000,200
44498135545835,12:21:38.135,18.7100,50
44498135545835,12:21:38.135,18.7100,100
44498135545835,12:21:38.135,18.7100,71
44498135545835,12:21:38.135,18.7100,3
44498135545835,12:21:38.135,18.7100,100
44498136112359,12:21:38.136,18.7000,100
44498136473500,12:21:38.136,18.7000,100
44498136532565,12:21:38.136,18.7000,100
44498147986366,12:21:38.147,18.7000,100
44548829561796,12:22:28.829,18.7100,100
44698135656950,12:24:58.135,18.7100,100
44698135656950,12:24:58.135,18.7100,27
44712523930877,12:25:12.523,18.7000,57
44712524017000,12:25:12.524,18.7000,43
44712524017000,12:25:12.524,18.7000,14
44712524062049,12:25:12.524,18.7000,86
44838135652644,12:27:18.135,18.7000,100
44838137287610,12:27:18.137,18.6900,100
44850664199574,12:27:30.664,18.6900,100
44887784626885,12:28:07.784,18.7000,5
44968135653711,12:29:28.135,18.6900,100
44968135653711,12:29:28.135,18.6900,33
44968135653711,12:29:28.135,18.6900,100
44968135653711,12:29:28.135,18.6900,100
45017219468252,12:30:17.219,18.6900,100
45017219468252,12:30:17.219,18.6900,200
45017219468252,12:30:17.219,18.6900,100
45017219605561,12:30:17.219,18.6900,100
45147657699546,12:32:27.657,18.6900,100
45166041133013,12:32:46.041,18.6800,200
45166041133013,12:32:46.041,18.6800,3
45166041133013,12:32:46.041,18.6800,100
45166041133013,12:32:46.041,18.6800,97
45208279624703,12:33:28.279,18.6800,18
45208327788148,12:33:28.327,18.6800,39
45398138054130,12:36:38.138,18.6700,100
45398138151260,12:36:38.138,18.6700,3
45417545815710,12:36:57.545,18.6700,100
45454647155047,12:37:34.647,18.6800,100
45454647261633,12:37:34.647,18.6800,100
45454647261633,12:37:34.647,18.6800,100
45484362876975,12:38:04.362,18.6900,5
45587958174381,12:39:47.958,18.6800,100
45587958174381,12:39:47.958,18.6800,47
45604766739114,12:40:04.766,18.6800,3
45639030911317,12:40:39.030,18.6750,100
45639031448145,12:40:39.031,18.6750,100
45710887263351,12:41:50.887,18.6700,100
45710887263351,12:41:50.887,18.6700,100
45710887324800,12:41:50.887,18.6700,100
45751696064659,12:42:31.696,18.6700,100
45804420752183,12:43:24.420,18.6800,5
45804421291920,12:43:24.421,18.6800,8
45804421465015,12:43:24.421,18.6800,100
45804421486278,12:43:24.421,18.6800,100
45999296715976,12:46:39.296,18.6800,75
46104959027267,12:48:24.959,18.6900,5
46391140394250,12:53:11.140,18.6900,5
46552693216887,12:55:52.693,18.6800,25
46552693216887,12:55:52.693,18.6800,3
46552693216887,12:55:52.693,18.6800,72
46552693245434,12:55:52.693,18.6800,28
46552693245434,12:55:52.693,18.6800,100
46552693245434,12:55:52.693,18.6800,3
46557696661003,12:55:57.696,18.6800,100
46560069358707,12:56:00.069,18.6900,85
46560069358707,12:56:00.069,18.6900,100
46560069358707,12:56:00.069,18.6900,100
46560069358707,12:56:00.069,18.6900,100
46560070214810,12:56:00.070,18.6900,100
46560070214810,12:56:00.070,18.6900,100
46684590470569,12:58:04.590,18.7000,5
46684591138025,12:58:04.591,18.7000,100
46684591138025,12:58:04.591,18.7000,100
46684591203467,12:58:04.591,18.7000,100
46991209529229,13:03:11.209,18.7100,5
47092693588923,13:04:52.693,18.7000,100
47092693588923,13:04:52.693,18.7000,100
47287515263929,13:08:07.515,18.7100,5
47342950720097,13:09:02.950,18.7100,100
47342950720097,13:09:02.950,18.7100,100
47342950720097,13:09:02.950,18.7100,100
47342950720097,13:09:02.950,18.7100,100
47342951434646,13:09:02.951,18.7200,100
47590774611732,13:13:10.774,18.7300,5
47708218333271,13:15:08.218,18.7200,200
47708218333271,13:15:08.218,18.7200,200
47708218333271,13:15:08.218,18.7200,1
47708218333271,13:15:08.218,18.7200,100
47708218333271,13:15:08.218,18.7200,100
47708218333271,13:15:08.218,18.7200,26
47708218333271,13:15:08.218,18.7200,100
47708218333271,13:15:08.218,18.7200,1
47708221138456,13:15:08.221,18.7100,100
47708221138456,13:15:08.221,18.7100,100
47708221222692,13:15:08.221,18.7100,100
47709630934164,13:15:09.630,18.7050,200
47709632785977,13:15:09.632,18.7000,100
47906821795945,13:18:26.821,18.7100,5
48045857360238,13:20:45.857,18.7000,100
48045857814023,13:20:45.857,18.7000,100
48045857814023,13:20:45.857,18.7000,18
48045857814023,13:20:45.857,18.7000,82
48045858168182,13:20:45.858,18.7000,18
48045858168182,13:20:45.858,18.7000,2
48045858224952,13:20:45.858,18.7000,20
48045858977331,13:20:45.858,18.7000,100
48046317803663,13:20:46.317,18.6900,100
48193778880111,13:23:13.778,18.7000,5
48264681160381,13:24:24.681,18.7000,95
48264681160381,13:24:24.681,18.7000,100
48264681160381,13:24:24.681,18.7000,100
48264681160381,13:24:24.681,18.7000,1
48264681453546,13:24:24.681,18.7000,100
48264681453546,13:24:24.681,18.7000,100
48264681453546,13:24:24.681,18.7000,100
48264681453546,13:24:24.681,18.7000,100
48264681455102,13:24:24.681,18.7000,100
48377810383918,13:26:17.810,18.7000,2
48377810383918,13:26:17.810,18.7000,3
48377810383918,13:26:17.810,18.7000,95
48497037659772,13:28:17.037,18.7100,5
48533563340649,13:28:53.563,18.7000,100
48612222785340,13:30:12.222,18.7000,100
48612222785340,13:30:12.222,18.7000,118
48612222989863,13:30:12.222,18.7000,100
48612222989863,13:30:12.222,18.7000,100
48612223210765,13:30:12.223,18.7000,100
48612223210765,13:30:12.223,18.7000,100
48612256036725,13:30:12.256,18.7000,57
48612256036725,13:30:12.256,18.7000,100
48612256036725,13:30:12.256,18.7000,100
48612256036725,13:30:12.256,18.7000,62
48612256036725,13:30:12.256,18.7000,81
48663928723061,13:31:03.928,18.7000,100
48663928723061,13:31:03.928,18.7000,100
48663928725902,13:31:03.928,18.7000,200
48741391845764,13:32:21.391,18.7100,90
48741391845764,13:32:21.391,18.7100,100
48741391845764,13:32:21.391,18.7100,10
48741391979998,13:32:21.391,18.7100,44
48741392205688,13:32:21.392,18.7100,56
48741392205688,13:32:21.392,18.7100,44
48741392462195,13:32:21.392,18.7100,32
48741401752459,13:32:21.401,18.7100,24
48741401752459,13:32:21.401,18.7100,100
48741401752459,13:32:21.401,18.7100,100
48741401752459,13:32:21.401,18.7100,90
48741412303897,13:32:21.412,18.7150,100
48741412303897,13:32:21.412,18.7200,300
48741416743971,13:32:21.416,18.7200,134
48741416743971,13:32:21.416,18.7200,100
48741416743971,13:32:21.416,18.7200,66
48741416791560,13:32:21.416,18.7200,34
48741422480792,13:32:21.422,18.7200,100
48741422480792,13:32:21.422,18.7200,100
48741422480792,13:32:21.422,18.7200,100
48741422480792,13:32:21.422,18.7200,20
48741422480792,13:32:21.422,18.7200,100
48741422480792,13:32:21.422,18.7200,100
48741422480792,13:32:21.422,18.7200,200
48741432473778,13:32:21.432,18.7200,80
48741503650203,13:32:21.503,18.7200,100
48742685511144,13:32:22.685,18.7100,100
48807515018173,13:33:27.515,18.7200,5
48833675674013,13:33:53.675,18.7200,15
48833675674013,13:33:53.675,18.7200,100
48833675674013,13:33:53.675,18.7200,100
48833675674013,13:33:53.675,18.7200,85
48833676100770,13:33:53.676,18.7200,15
48833676100770,13:33:53.676,18.7200,100
48867935656221,13:34:27.935,18.7300,100
48867938722413,13:34:27.938,18.7300,20
49249879977301,13:40:49.879,18.7400,100
49249879977301,13:40:49.879,18.7400,80
49249880520088,13:40:49.880,18.7400,20
49249880520088,13:40:49.880,18.7400,30
49249880563366,13:40:49.880,18.7400,70
49249880563366,13:40:49.880,18.7400,100
49249880567572,13:40:49.880,18.7400,100
49250508690649,13:40:50.508,18.7400,80
49291308865423,13:41:31.308,18.7350,100
49390609461472,13:43:10.609,18.7400,5
49501305321670,13:45:01.305,18.7300,100
49501305327021,13:45:01.305,18.7300,100
49501305349567,13:45:01.305,18.7300,300
49501305349567,13:45:01.305,18.7300,100
49501305349567,13:45:01.305,18.7300,1
49501305349567,13:45:01.305,18.7300,2
49501305349567,13:45:01.305,18.7300,100
49501305349567,13:45:01.305,18.7300,100
49501305349567,13:45:01.305,18.7300,100
49501305349567,13:45:01.305,18.7300,100
49605874255290,13:46:45.874,18.7200,100
49605874255290,13:46:45.874,18.7200,100
49605874255290,13:46:45.874,18.7200,100
49605874255290,13:46:45.874,18.7200,100
49610816948662,13:46:50.816,18.7100,100
49610817146423,13:46:50.817,18.7100,100
49610817874333,13:46:50.817,18.7100,100
49637646290933,13:47:17.646,18.7100,100
49637646290933,13:47:17.646,18.7100,100
49637646368008,13:47:17.646,18.7100,100
49637646368008,13:47:17.646,18.7100,100
49637646785303,13:47:17.646,18.7100,100
49640719788539,13:47:20.719,18.7100,100
49640719788539,13:47:20.719,18.7100,100
49651323893561,13:47:31.323,18.7100,100
49680353995751,13:48:00.353,18.7200,5
49761332804599,13:49:21.332,18.7100,100
49761333627581,13:49:21.333,18.7100,30
49761333726145,13:49:21.333,18.7100,72
49761334109271,13:49:21.334,18.7100,98
49902707286277,13:51:42.707,18.7000,100
49902707286277,13:51:42.707,18.7000,3
49902707286277,13:51:42.707,18.7000,100
49902707286277,13:51:42.707,18.7000,100
49902707286277,13:51:42.707,18.7000,97
49917996309392,13:51:57.996,18.7000,100
49917996309392,13:51:57.996,18.7000,100
49917996713454,13:51:57.996,18.7000,64
50005564228701,13:53:25.564,18.7000,5
50011460592535,13:53:31.460,18.7000,31
50011460592535,13:53:31.460,18.7000,19
50055798438270,13:54:15.798,18.6900,100
50055798438270,13:54:15.798,18.6900,100
50055798438270,13:54:15.798,18.6900,100
50055798438270,13:54:15.798,18.6900,100
50055798438270,13:54:15.798,18.6900,100
50055798438270,13:54:15.798,18.6900,100
50160132401801,13:56:00.132,18.6900,100
50160132401801,13:56:00.132,18.6900,100
50160132401801,13:56:00.132,18.6900,50
50160132401801,13:56:00.132,18.6900,100
50160132401801,13:56:00.132,18.6900,1
50160132401801,13:56:00.132,18.6900,4
50160132401801,13:56:00.132,18.6900,100
50160132401801,13:56:00.132,18.6900,100
50160132401801,13:56:00.132,18.6900,100
50160132786617,13:56:00.132,18.6900,200
50160132853733,13:56:00.132,18.6900,9
50160132875375,13:56:00.132,18.6900,100
50160132875375,13:56:00.132,18.6900,91
50163002596837,13:56:03.002,18.6900,100
50163836593754,13:56:03.836,18.6900,100
50163836593754,13:56:03.836,18.6900,100
50171556576448,13:56:11.556,18.6900,100
50171556726656,13:56:11.556,18.6900,3
50220003583665,13:57:00.003,18.6900,48
50220003627383,13:57:00.003,18.6900,52
50289502152402,13:58:09.502,18.7100,5
50340042563607,13:59:00.042,18.7000,49
50340042563607,13:59:00.042,18.7000,100
50408991359606,14:00:08.991,18.7000,81
50408991882311,14:00:08.991,18.7000,19
50408991882311,14:00:08.991,18.7000,95
50408991882311,14:00:08.991,18.7000,100
50408991882311,14:00:08.991,18.7000,1
50408991882311,14:00:08.991,18.7000,81
50408992491010,14:00:08.992,18.7000,19
50412215449301,14:00:12.215,18.7300,100
50471242902282,14:01:11.242,18.7600,96
50502669002157,14:01:42.669,18.7600,4
50502669002157,14:01:42.669,18.7600,96
50502669091619,14:01:42.669,18.7600,4
50651552167393,14:04:11.552,18.7700,100
50651552167393,14:04:11.552,18.7700,61
50651552178101,14:04:11.552,18.7700,39
50651552545396,14:04:11.552,18.7600,100
50674648644362,14:04:34.648,18.7700,100
50674648708150,14:04:34.648,18.7700,48
50674648746873,14:04:34.648,18.7700,52
50674648800950,14:04:34.648,18.7700,100
50687986231269,14:04:47.986,18.7800,100
50687986316398,14:04:47.986,18.7800,100
50725454492854,14:05:25.454,18.8000,100
50725454492854,14:05:25.454,18.8000,100
50725454734275,14:05:25.454,18.8000,100
50977508894127,14:09:37.508,18.8000,100
50977508894127,14:09:37.508,18.8000,100
50977508894127,14:09:37.508,18.8000,100
50992038566957,14:09:52.038,18.7900,100
50992038566957,14:09:52.038,18.7900,100
50992038607781,14:09:52.038,18.7900,80
50992038615634,14:09:52.038,18.7900,20
50992372595929,14:09:52.372,18.7750,100
50994059427212,14:09:54.059,18.7800,100
50994059427212,14:09:54.059,18.7800,100
50994059427212,14:09:54.059,18.7800,100
51000343587707,14:10:00.343,18.7800,54
51011025970240,14:10:11.025,18.8000,100
51011026141225,14:10:11.026,18.8000,100
51017300954938,14:10:17.300,18.8100,100
51030977991144,14:10:30.977,18.7900,39
51030977998518,14:10:30.977,18.7900,61
51041026810848,14:10:41.026,18.7800,100
51041026902127,14:10:41.026,18.7800,100
51080726480321,14:11:20.726,18.8100,100
51080726506179,14:11:20.726,18.8100,100
51136213883068,14:12:16.213,18.8200,100
51136213883068,14:12:16.213,18.8200,100
51136214126033,14:12:16.214,18.8200,100
51136214783029,14:12:16.214,18.8300,100
51167132548197,14:12:47.132,18.8300,100
51168185121833,14:12:48.185,18.8300,5
51168185121833,14:12:48.185,18.8300,95
51175437113271,14:12:55.437,18.8200,83
51184605328972,14:13:04.605,18.8300,100
51184605328972,14:13:04.605,18.8300,100
51285068095320,14:14:45.068,18.8400,8
51285068146830,14:14:45.068,18.8400,72
51285068162031,14:14:45.068,18.8400,4
51285068189315,14:14:45.068,18.8400,12
51285068398223,14:14:45.068,18.8400,2
51285068510757,14:14:45.068,18.8400,1
51285068580495,14:14:45.068,18.8400,1
51286397649882,14:14:46.397,18.8400,40
51286627696475,14:14:46.627,18.8400,5
51300183086018,14:15:00.183,18.8300,100
51300183382729,14:15:00.183,18.8300,1
51300183382729,14:15:00.183,18.8300,99
51300183383739,14:15:00.183,18.8300,1
51300183383739,14:15:00.183,18.8300,299
51300183384926,14:15:00.183,18.8300,1
51300183384926,14:15:00.183,18.8300,100
51300217246679,14:15:00.217,18.8200,100
51301099724319,14:15:01.099,18.8200,100
51301099752352,14:15:01.099,18.8100,93
51301099797594,14:15:01.099,18.8100,7
51319524421190,14:15:19.524,18.8300,100
51319525373531,14:15:19.525,18.8300,100
51341998153681,14:15:41.998,18.8200,100
51341998153681,14:15:41.998,18.8200,100
51341998192722,14:15:41.998,18.8100,8
51341998280013,14:15:41.998,18.8100,100
51341998296567,14:15:41.998,18.8100,100
51341998329706,14:15:41.998,18.8100,92
51341998329706,14:15:41.998,18.8100,8
51346449199345,14:15:46.449,18.8000,13
51400203083447,14:16:40.203,18.8300,100
51400203097646,14:16:40.203,18.8300,100
51400216004836,14:16:40.216,18.8400,1
51400979603474,14:16:40.979,18.8400,100
51429688553555,14:17:09.688,18.8300,100
51429688937977,14:17:09.688,18.8300,100
51429689645077,14:17:09.689,18.8300,13
51429689761510,14:17:09.689,18.8300,44
51429690088925,14:17:09.690,18.8300,13
51429690374515,14:17:09.690,18.8300,13
51429690553127,14:17:09.690,18.8300,13
51429691477024,14:17:09.691,18.8300,4
51429691477024,14:17:09.691,18.8300,9
51462925725528,14:17:42.925,18.8200,100
51462925732140,14:17:42.925,18.8200,100
51502967758819,14:18:22.967,18.8200,6
51526343196604,14:18:46.343,18.8100,55
51526343205832,14:18:46.343,18.8100,45
51602589462557,14:20:02.589,18.8200,94
51602589462557,14:20:02.589,18.8200,100
51602589491876,14:20:02.589,18.8200,100
51633813643567,14:20:33.813,18.8300,100
51663704781914,14:21:03.704,18.8300,100
51663704823044,14:21:03.704,18.8300,100
51663704823044,14:21:03.704,18.8300,100
51667951509883,14:21:07.951,18.8400,100
51696043412710,14:21:36.043,18.8500,100
51698662395805,14:21:38.662,18.8600,100
51722868057726,14:22:02.868,18.8500,100
51722868057726,14:22:02.868,18.8500,66
51722868231525,14:22:02.868,18.8500,34
51792681700171,14:23:12.681,18.8600,5
51792683653800,14:23:12.683,18.8600,95
51798966795500,14:23:18.966,18.8600,100
52013054818112,14:26:53.054,18.8500,400
52013054818112,14:26:53.054,18.8500,100
52013054818112,14:26:53.054,18.8500,3
52013054818112,14:26:53.054,18.8500,97
52013054845502,14:26:53.054,18.8500,3
52013055728696,14:26:53.055,18.8400,37
52013055769337,14:26:53.055,18.8400,63
52043425358897,14:27:23.425,18.8400,100
52044132089059,14:27:24.132,18.8300,100
52066445621530,14:27:46.445,18.8200,100
52066445621530,14:27:46.445,18.8200,100
52080991910585,14:28:00.991,18.8100,100
52159101093759,14:29:19.101,18.8100,100
52204773737694,14:30:04.773,18.8000,48
52204774217407,14:30:04.774,18.8000,52
52226985029190,14:30:26.985,18.8000,100
52226985029190,14:30:26.985,18.8000,100
52226985029190,14:30:26.985,18.8000,100
52226985050688,14:30:26.985,18.8000,141
52226985061643,14:30:26.985,18.8000,59
52226985061643,14:30:26.985,18.8000,41
52226985149209,14:30:26.985,18.8000,59
52289367803740,14:31:29.367,18.8100,100
52301653764823,14:31:41.653,18.8100,100
52402705537566,14:33:22.705,18.8200,5
52429010821736,14:33:49.010,18.8100,100
52429010821736,14:33:49.010,18.8100,100
52429011791424,14:33:49.011,18.8000,100
52461982633835,14:34:21.982,18.8100,100
52461982656341,14:34:21.982,18.8100,43
52461982732937,14:34:21.982,18.8100,57
52461982975924,14:34:21.982,18.8100,100
52496038797547,14:34:56.038,18.8100,100
52523243889522,14:35:23.243,18.8200,100
52523244082209,14:35:23.244,18.8200,24
52523244107669,14:35:23.244,18.8200,76
52572337413742,14:36:12.337,18.8100,52
52572337439205,14:36:12.337,18.8100,48
52648364851236,14:37:28.364,18.8100,200
52648364890403,14:37:28.364,18.8100,1
52672909088912,14:37:52.909,18.8300,100
52672909640507,14:37:52.909,18.8300,100
52678844298376,14:37:58.844,18.8400,5
52936918536445,14:42:16.918,18.8300,2
52936919036013,14:42:16.919,18.8300,100
52936919040313,14:42:16.919,18.8300,22
53016802158872,14:43:36.802,18.8100,100
53065225813978,14:44:25.225,18.8100,100
53065225813978,14:44:25.225,18.8100,100
53065237357057,14:44:25.237,18.8050,14
53073836697117,14:44:33.836,18.8100,61
53073836723180,14:44:33.836,18.8100,39
53073836723180,14:44:33.836,18.8100,300
53075863405892,14:44:35.863,18.8300,100
53107668202937,14:45:07.668,18.8400,2
53120156051386,14:45:20.156,18.8400,98
53200973281729,14:46:40.973,18.8400,99
53200973382622,14:46:40.973,18.8400,16
53212957070350,14:46:52.957,18.8400,85
53429757900683,14:50:29.757,18.8600,100
53455053843582,14:50:55.053,18.8500,100
53466988156907,14:51:06.988,18.8500,100
53467153821204,14:51:07.153,18.8400,100
53467153821204,14:51:07.153,18.8400,100
53535115339209,14:52:15.115,18.8500,100
53535115375243,14:52:15.115,18.8500,5
53535115400433,14:52:15.115,18.8500,95
53535115400433,14:52:15.115,18.8500,200
53535115489074,14:52:15.115,18.8500,98
53535115553962,14:52:15.115,18.8500,2
53535115579138,14:52:15.115,18.8500,98
53535116417839,14:52:15.116,18.8500,2
53538879186165,14:52:18.879,18.8600,100
53542007418295,14:52:22.007,18.8600,100
53542013117826,14:52:22.013,18.8600,100
53632497145953,14:53:52.497,18.8700,5
53722533764561,14:55:22.533,18.8700,80
53722533821167,14:55:22.533,18.8700,20
53722533821167,14:55:22.533,18.8700,8
53790073113032,14:56:30.073,18.8800,100
53790073113032,14:56:30.073,18.8800,200
53790073113032,14:56:30.073,18.8800,100
53893003733830,14:58:13.003,18.9000,200
53893004360808,14:58:13.004,18.9100,48
53893004372420,14:58:13.004,18.9100,52
53893004723933,14:58:13.004,18.9200,4
53893004916644,14:58:13.004,18.9200,96
53893006575866,14:58:13.006,18.9300,100
53893006575866,14:58:13.006,18.9200,100
53893006575866,14:58:13.006,18.9200,52
53910188414045,14:58:30.188,18.9400,2
53910534147156,14:58:30.534,18.9300,200
53910534147156,14:58:30.534,18.9300,100
53910534147156,14:58:30.534,18.9300,5
53910534147156,14:58:30.534,18.9300,95
53910534176017,14:58:30.534,18.9300,5
53910534176017,14:58:30.534,18.9300,100
53929003697126,14:58:49.003,18.9200,100
53929003697126,14:58:49.003,18.9200,200
54008589885899,15:00:08.589,18.9500,100
54008589885899,15:00:08.589,18.9500,100
54008590288595,15:00:08.590,18.9400,1
54008615880949,15:00:08.615,18.9350,100
54008615880949,15:00:08.615,18.9350,100
54008615880949,15:00:08.615,18.9350,100
54013647174055,15:00:13.647,18.9350,100
54136703271906,15:02:16.703,18.9200,13
54136703271906,15:02:16.703,18.9200,87
54136703627003,15:02:16.703,18.9200,13
54137461343533,15:02:17.461,18.9100,100
54137461343533,15:02:17.461,18.9100,100
54181631122692,15:03:01.631,18.9100,5
54227711155032,15:03:47.711,18.9000,100
54227711180578,15:03:47.711,18.9000,100
54227711673467,15:03:47.711,18.8900,80
54227712087898,15:03:47.712,18.8900,20
54231076056550,15:03:51.076,18.8900,50
54238520760075,15:03:58.520,18.8900,58
54238520807936,15:03:58.520,18.8900,92
54238520807936,15:03:58.520,18.8900,8
54238520816694,15:03:58.520,18.8900,100
54238520832726,15:03:58.520,18.8900,58
54238521048620,15:03:58.521,18.8900,34
54238537694185,15:03:58.537,18.9000,100
54238537694185,15:03:58.537,18.9000,59
54323339919429,15:05:23.339,18.9000,116
54323339959800,15:05:23.339,18.9000,18
54323340061472,15:05:23.340,18.9000,66
54323340061472,15:05:23.340,18.9000,8
54323340264730,15:05:23.340,18.9000,100
54494667897807,15:08:14.667,18.9000,5
54545769233114,15:09:05.769,18.8900,100
54545769233114,15:09:05.769,18.8900,100
54545769848246,15:09:05.769,18.8800,100
54545769859826,15:09:05.769,18.8800,100
54558445605240,15:09:18.445,18.8700,100
54558445605240,15:09:18.445,18.8700,100
54558446244313,15:09:18.446,18.8800,20
54665986626098,15:11:05.986,18.8800,100
54665986626098,15:11:05.986,18.8800,100
54675569320653,15:11:15.569,18.8700,100
54675785327499,15:11:15.785,18.8650,100
54751070745631,15:12:31.070,18.8600,90
54812131346032,15:13:32.131,18.8600,1
54812132097374,15:13:32.132,18.8700,2
54812132098690,15:13:32.132,18.8700,6
54812132102539,15:13:32.132,18.8700,2
54812132104870,15:13:32.132,18.8700,4
54812132109382,15:13:32.132,18.8700,2
54812132109962,15:13:32.132,18.8700,1
54812132111930,15:13:32.132,18.8700,1
54812132112441,15:13:32.132,18.8700,2
54812132113076,15:13:32.132,18.8700,7
54812132113986,15:13:32.132,18.8700,2
54812132114573,15:13:32.132,18.8700,2
54812132116577,15:13:32.132,18.8700,4
54812132117084,15:13:32.132,18.8700,4
54812132119369,15:13:32.132,18.8700,4
54812132120819,15:13:32.132,18.8700,4
54812132123589,15:13:32.132,18.8700,4
54812573800986,15:13:32.573,18.8700,149
54812573800986,15:13:32.573,18.8700,151
54812574055655,15:13:32.574,18.8700,49
54822334247780,15:13:42.334,18.8700,100
54822355340836,15:13:42.355,18.8800,30
54949940834372,15:15:49.940,18.8800,100
54949940834372,15:15:49.940,18.8800,6
55010032169288,15:16:50.032,18.8800,15
55010032169288,15:16:50.032,18.8800,85
55010032195116,15:16:50.032,18.8800,15
55020035866717,15:17:00.035,18.8800,74
55020035874196,15:17:00.035,18.8800,74
55020035966151,15:17:00.035,18.8800,34
55094325451379,15:18:14.325,18.8900,5
55157171455401,15:19:17.171,18.8800,100
55157171455401,15:19:17.171,18.8800,100
55157171455401,15:19:17.171,18.8800,100
55158560715242,15:19:18.560,18.8700,100
55158560905510,15:19:18.560,18.8700,100
55176129987248,15:19:36.129,18.8700,100
55176630985021,15:19:36.630,18.8700,200
55207435269673,15:20:07.435,18.8800,200
55207440664540,15:20:07.440,18.8700,100
55207440834359,15:20:07.440,18.8700,100
55207440840387,15:20:07.440,18.8700,100
55347186332292,15:22:27.186,18.8600,41
55347186335372,15:22:27.186,18.8600,59
55347186335372,15:22:27.186,18.8600,100
55347186335372,15:22:27.186,18.8600,100
55347186789425,15:22:27.186,18.8500,92
55347186858817,15:22:27.186,18.8500,8
55347186915131,15:22:27.186,18.8500,8
55347287253364,15:22:27.287,18.8450,92
55347287253364,15:22:27.287,18.8450,100
55347287253364,15:22:27.287,18.8450,100
55347287253364,15:22:27.287,18.8450,100
55347287253364,15:22:27.287,18.8400,208
55347287281084,15:22:27.287,18.8400,292
55399423970776,15:23:19.423,18.8400,5
55442771515240,15:24:02.771,18.8300,100
55442771515240,15:24:02.771,18.8300,100
55463060004892,15:24:23.060,18.8250,100
55463561003449,15:24:23.561,18.8250,100
55463561102852,15:24:23.561,18.8300,95
55463561102852,15:24:23.561,18.8300,100
55463561102852,15:24:23.561,18.8300,100
55463561102852,15:24:23.561,18.8300,100
55463561102852,15:24:23.561,18.8300,95
55657356821489,15:27:37.356,18.8350,2
55673115892389,15:27:53.115,18.8350,4
55673118048356,15:27:53.118,18.8350,4
55673122007654,15:27:53.122,18.8350,4
55673122469385,15:27:53.122,18.8350,2
55673125581569,15:27:53.125,18.8350,2
55673126213205,15:27:53.126,18.8350,3
55673132336204,15:27:53.132,18.8400,110
55673133643342,15:27:53.133,18.8400,190
55673133643342,15:27:53.133,18.8400,100
55673133643342,15:27:53.133,18.8400,70
55673134211380,15:27:53.134,18.8400,100
55673134270420,15:27:53.134,18.8400,100
55673134384759,15:27:53.134,18.8400,30
55673134384759,15:27:53.134,18.8400,100
55673134384759,15:27:53.134,18.8400,100
55673134384759,15:27:53.134,18.8400,300
55673134384759,15:27:53.134,18.8400,25
55673134540634,15:27:53.134,18.8400,75
55673134540634,15:27:53.134,18.8400,25
55673134584368,15:27:53.134,18.8400,100
55673134584974,15:27:53.134,18.8400,100
55673134821801,15:27:53.134,18.8400,100
55673135332840,15:27:53.135,18.8400,75
55673135402729,15:27:53.135,18.8400,100
55673139919829,15:27:53.139,18.8400,100
55673194903483,15:27:53.194,18.8500,200
55673194903483,15:27:53.194,18.8500,100
55673194903483,15:27:53.194,18.8500,100
55673225121444,15:27:53.225,18.8600,2
55673450438807,15:27:53.450,18.8500,100
55673450438807,15:27:53.450,18.8500,100
55679346062425,15:27:59.346,18.8500,100
55679346062425,15:27:59.346,18.8500,100
55760448654459,15:29:20.448,18.8500,20
55760448699262,15:29:20.448,18.8500,80
55787180351623,15:29:47.180,18.8400,100
55878150497781,15:31:18.150,18.8500,100
55878150497781,15:31:18.150,18.8500,100
55878150546478,15:31:18.150,18.8500,100
55892282927585,15:31:32.282,18.8500,10
56053103976976,15:34:13.103,18.8400,100
56053104005297,15:34:13.104,18.8400,100
56053104005297,15:34:13.104,18.8400,100
56099940965458,15:34:59.940,18.8300,25
56099940990796,15:34:59.940,18.8300,75
56107242802568,15:35:07.242,18.8200,100
56115108384412,15:35:15.108,18.8300,100
56115108472516,15:35:15.108,18.8300,100
56153080590784,15:35:53.080,18.8300,35
56175161441709,15:36:15.161,18.8200,18
56175161441709,15:36:15.161,18.8200,82
56175161481292,15:36:15.161,18.8200,18
56249973792026,15:37:29.973,18.8100,100
56249973792026,15:37:29.973,18.8100,100
56249973792026,15:37:29.973,18.8100,100
56323525492785,15:38:43.525,18.8100,100
56323525492785,15:38:43.525,18.8100,65
56323525492785,15:38:43.525,18.8100,200
56323525492785,15:38:43.525,18.8100,300
56323525492785,15:38:43.525,18.8100,100
56323525492785,15:38:43.525,18.8100,1
56323525492785,15:38:43.525,18.8100,64
56325773763161,15:38:45.773,18.8100,28
56325773763161,15:38:45.773,18.8100,200
56325773763161,15:38:45.773,18.8100,72
56337552949276,15:38:57.552,18.8000,100
56337552949276,15:38:57.552,18.8000,100
56337555244168,15:38:57.555,18.8000,15
56337555244168,15:38:57.555,18.8000,85
56337557032359,15:38:57.557,18.8000,15
56337557032359,15:38:57.557,18.8000,100
56363428518447,15:39:23.428,18.8000,85
56399973278346,15:39:59.973,18.8000,100
56399973278346,15:39:59.973,18.8000,100
56399973278346,15:39:59.973,18.8000,100
56399973278346,15:39:59.973,18.8000,100
56399999516145,15:39:59.999,18.8000,100
56404083730116,15:40:04.083,18.8000,100
56404083730116,15:40:04.083,18.8000,100
56480473907720,15:41:20.473,18.7900,77
56480474268423,15:41:20.474,18.7900,23
56480474268423,15:41:20.474,18.7900,100
56480474268423,15:41:20.474,18.7900,5
56480475336449,15:41:20.475,18.7900,96
56480475566096,15:41:20.475,18.7900,99
56480478045413,15:41:20.478,18.7900,200
56482632551105,15:41:22.632,18.7800,100
56482633053781,15:41:22.633,18.7750,100
56482634536895,15:41:22.634,18.7750,200
56482634536895,15:41:22.634,18.7750,100
56518976833412,15:41:58.976,18.7800,35
56519008115102,15:41:59.008,18.7800,1
56519008142128,15:41:59.008,18.7800,464
56519008142128,15:41:59.008,18.7800,300
56519008142128,15:41:59.008,18.7800,96
56519008250591,15:41:59.008,18.7900,100
56519008284007,15:41:59.008,18.7900,100
56519008284007,15:41:59.008,18.7900,100
56519008284007,15:41:59.008,18.7900,20
56519008284007,15:41:59.008,18.7900,100
56541114520205,15:42:21.114,18.8000,400
56541114520205,15:42:21.114,18.8000,100
56541114520205,15:42:21.114,18.8000,100
56541114600656,15:42:21.114,18.8000,200
56541115003643,15:42:21.115,18.8000,200
56541118446203,15:42:21.118,18.8000,100
56541118500766,15:42:21.118,18.8000,100
56544339853187,15:42:24.339,18.8000,88
56544339861633,15:42:24.339,18.8000,12
56544339861633,15:42:24.339,18.8000,15
56544339861633,15:42:24.339,18.8000,3
56544339895943,15:42:24.339,18.8000,97
56544339895943,15:42:24.339,18.8000,15
56544339898795,15:42:24.339,18.8000,1
56581814594867,15:43:01.814,18.8000,149
56581814594867,15:43:01.814,18.8000,100
56581814594867,15:43:01.814,18.8000,100
56581814594867,15:43:01.814,18.8000,200
56581815544205,15:43:01.815,18.8000,34
56684898958602,15:44:44.898,18.8000,66
56686205147638,15:44:46.205,18.8000,100
56775658468209,15:46:15.658,18.8100,400
56775658468209,15:46:15.658,18.8100,91
56775658468209,15:46:15.658,18.8100,9
56775658734695,15:46:15.658,18.8100,91
56775658734695,15:46:15.658,18.8100,9
56775658764561,15:46:15.658,18.8100,191
56782711414773,15:46:22.711,18.8100,100
56782711771895,15:46:22.711,18.8100,100
56782712302684,15:46:22.712,18.8100,100
56782712331546,15:46:22.712,18.8100,100
56782712363970,15:46:22.712,18.8100,100
56813026869492,15:46:53.026,18.8000,100
56813026900531,15:46:53.026,18.8000,100
56813026903294,15:46:53.026,18.8000,88
56813027066848,15:46:53.027,18.8000,12
56813027066848,15:46:53.027,18.8000,235
56813027135575,15:46:53.027,18.8000,221
56813320615155,15:46:53.320,18.8050,2
56813582749437,15:46:53.582,18.8000,44
56813582749437,15:46:53.582,18.8000,100
56866140700263,15:47:46.140,18.8000,277
56866140700263,15:47:46.140,18.8000,400
56866151223369,15:47:46.151,18.8100,100
57013508342312,15:50:13.508,18.8100,200
57013508342312,15:50:13.508,18.8100,100
57013508342312,15:50:13.508,18.8100,172
57013508342312,15:50:13.508,18.8100,100
57013508342312,15:50:13.508,18.8100,128
57013508385594,15:50:13.508,18.8100,1372
57013508385594,15:50:13.508,18.8100,100
57013508385594,15:50:13.508,18.8100,100
57013508385594,15:50:13.508,18.8100,100
57013508385594,15:50:13.508,18.8100,100
57013508385594,15:50:13.508,18.8100,200
57013508385594,15:50:13.508,18.8100,15
57028115399136,15:50:28.115,18.8100,208
57028115399136,15:50:28.115,18.8100,3
57034382300651,15:50:34.382,18.8050,100
57152611302152,15:52:32.611,18.8000,20
57155670315568,15:52:35.670,18.8000,200
57155670711245,15:52:35.670,18.8000,100
57155671251159,15:52:35.671,18.8000,100
57155671320346,15:52:35.671,18.8000,80
57155671320346,15:52:35.671,18.8000,20
57155671773342,15:52:35.671,18.8000,100
57155671800238,15:52:35.671,18.8000,80
57155671800238,15:52:35.671,18.8000,100
57155671800238,15:52:35.671,18.8000,100
57155671800238,15:52:35.671,18.8000,100
57155671800238,15:52:35.671,18.8000,15
57168562349625,15:52:48.562,18.7950,200
57168563660911,15:52:48.563,18.7900,100
57168563660911,15:52:48.563,18.7900,100
57168563660911,15:52:48.563,18.7900,300
57168563660911,15:52:48.563,18.7900,100
57227932990836,15:53:47.932,18.7850,2
57228103241902,15:53:48.103,18.7850,1
57228937656787,15:53:48.937,18.7850,4
57229937895866,15:53:49.937,18.7850,4
57230941992431,15:53:50.941,18.7850,89
57292193255943,15:54:52.193,18.7850,100
57295814037514,15:54:55.814,18.7900,89
57295814037514,15:54:55.814,18.7900,26
57296737706013,15:54:56.737,18.7900,274
57296737706013,15:54:56.737,18.7900,300
57296737706013,15:54:56.737,18.7900,100
57296737706013,15:54:56.737,18.7900,108
57296737706013,15:54:56.737,18.7900,1
57296737706013,15:54:56.737,18.7900,88
57296737706013,15:54:56.737,18.7900,100
57296737706013,15:54:56.737,18.7900,102
57300100647977,15:55:00.100,18.8000,100
57300100654705,15:55:00.100,18.8000,100
57300100710212,15:55:00.100,18.8000,100
57300100710212,15:55:00.100,18.8000,64
57300106378744,15:55:00.106,18.8000,136
57300239072453,15:55:00.239,18.8000,100
57300239072453,15:55:00.239,18.8000,100
57300349226458,15:55:00.349,18.8200,100
57301105565151,15:55:01.105,18.8200,100
57301107119978,15:55:01.107,18.8200,100
57301107119978,15:55:01.107,18.8300,100
57301107119978,15:55:01.107,18.8300,100
57301107119978,15:55:01.107,18.8300,100
57301111256992,15:55:01.111,18.8200,100
57301111286791,15:55:01.111,18.8200,100
57301140464687,15:55:01.140,18.8100,100
57363685367352,15:56:03.685,18.8100,200
57363685367352,15:56:03.685,18.8100,200
57363685367352,15:56:03.685,18.8100,100
57363685367352,15:56:03.685,18.8100,111
57363685377115,15:56:03.685,18.8100,44
57363685377115,15:56:03.685,18.8100,56
57363685406364,15:56:03.685,18.8100,44
57363685406364,15:56:03.685,18.8100,20
57363685435787,15:56:03.685,18.8100,29
57363685436972,15:56:03.685,18.8100,51
57363685436972,15:56:03.685,18.8100,28
57363685436972,15:56:03.685,18.8100,100
57363685436972,15:56:03.685,18.8100,21
57363685820337,15:56:03.685,18.8100,79
57363685820337,15:56:03.685,18.8100,6
57363685820337,15:56:03.685,18.8100,14
57363685829249,15:56:03.685,18.8100,100
57387454522158,15:56:27.454,18.8150,9
57387456404819,15:56:27.456,18.8150,9
57438211629990,15:57:18.211,18.8200,100
57438211629990,15:57:18.211,18.8200,1
57438211629990,15:57:18.211,18.8200,98
57461571734926,15:57:41.571,18.8150,8
57483973180267,15:58:03.973,18.8100,108
57483973180267,15:58:03.973,18.8100,100
57483973180267,15:58:03.973,18.8100,262
57483973180267,15:58:03.973,18.8100,177
57483973226857,15:58:03.973,18.8100,23
57483973226857,15:58:03.973,18.8100,151
57483973268469,15:58:03.973,18.8100,100
57492973156102,15:58:12.973,18.8100,18
57492973156102,15:58:12.973,18.8100,200
57492973156102,15:58:12.973,18.8100,100
57492973156102,15:58:12.973,18.8100,99
57492973156102,15:58:12.973,18.8100,100
57492973156102,15:58:12.973,18.8100,200
57492973156102,15:58:12.973,18.8100,100
57492973156102,15:58:12.973,18.8100,100
57492973156102,15:58:12.973,18.8100,83
57492973224498,15:58:12.973,18.8100,100
57492973242716,15:58:12.973,18.8100,12
57497123427601,15:58:17.123,18.8050,178
57499973644025,15:58:19.973,18.8050,82
57499973644025,15:58:19.973,18.8000,100
57499973644025,15:58:19.973,18.8000,400
57499973644025,15:58:19.973,18.8000,100
57499973644025,15:58:19.973,18.8000,100
57499973644025,15:58:19.973,18.8000,117
57499973644025,15:58:19.973,18.8000,428
57499973644025,15:58:19.973,18.8000,173
57525157364180,15:58:45.157,18.8050,200
57541450087533,15:59:01.450,18.8100,91
57541450087533,15:59:01.450,18.8100,11
57543980657558,15:59:03.980,18.8050,61
57543980657558,15:59:03.980,18.8050,39
57555292102647,15:59:15.292,18.8050,100
57555292512855,15:59:15.292,18.8100,189
57555292512855,15:59:15.292,18.8100,300
57555292512855,15:59:15.292,18.8100,200
57555294464345,15:59:15.294,18.8100,100
57555294464345,15:59:15.294,18.8100,100
57563778043596,15:59:23.778,18.8150,100
57571951435761,15:59:31.951,18.8150,100
57583587944700,15:59:43.587,18.8200,100
57583587944700,15:59:43.587,18.8200,100
57583587944700,15:59:43.587,18.8200,100
57583587944700,15:59:43.587,18.8200,200
57583587944700,15:59:43.587,18.8200,100
57583588663900,15:59:43.588,18.8200,90
57583588685434,15:59:43.588,18.8200,10
57583588685434,15:59:43.588,18.8200,89
57583588688988,15:59:43.588,18.8200,11
57583589446194,15:59:43.589,18.8250,100
57584419109656,15:59:44.419,18.8250,220
57584771945069,15:59:44.771,18.8300,100
57584771945069,15:59:44.771,18.8300,100
57584771945069,15:59:44.771,18.8300,300
57584780650625,15:59:44.780,18.8300,100
57584780650625,15:59:44.780,18.8300,100
57584780650625,15:59:44.780,18.8300,100
57585817595751,15:59:45.817,18.8400,100
57585817595751,15:59:45.817,18.8400,500
57585817595751,15:59:45.817,18.8400,200
57586003579324,15:59:46.003,18.8500,5
57586370497974,15:59:46.370,18.8500,62
57586873198269,15:59:46.873,18.8500,33
57586873198269,15:59:46.873,18.8500,500
57586873198269,15:59:46.873,18.8500,318
57588629605794,15:59:48.629,18.8450,100
57588813845376,15:59:48.813,18.8450,23
57588813845376,15:59:48.813,18.8400,200
57590001757936,15:59:50.001,18.8300,116
57590054697625,15:59:50.054,18.8400,6
57595000698469,15:59:55.000,18.8300,56
57597924669591,15:59:57.924,18.8350,100
57599014401964,15:59:59.014,18.8400,114
57600321423652,16:00:00.321,18.8400,27523
57752224067711,16:02:32.224,18.8300,100
