timestamp,time,price,volume
32861089457547,09:07:41.089,65.9600,50
33004562243537,09:10:04.562,65.9000,2
33112352635598,09:11:52.352,65.9600,15
33419843686616,09:16:59.843,65.9500,6
33456683213244,09:17:36.683,65.9500,4
33599960372584,09:19:59.960,65.9100,81
33630007991159,09:20:30.007,65.8900,600
33630013225831,09:20:30.013,65.8900,162
33648500054415,09:20:48.500,65.8800,50
33995016445087,09:26:35.016,65.9600,35
33995016445087,09:26:35.016,65.9600,50
33995016445087,09:26:35.016,65.9600,10
34190014060840,09:29:50.014,66.2000,20
34190014060840,09:29:50.014,66.2100,40
34190014060840,09:29:50.014,66.2400,40
34200426244469,09:30:00.426,0.0000,0
34201597655347,09:30:01.597,66.2500,100
34201597655347,09:30:01.597,66.2500,100
34202936361340,09:30:02.936,66.2300,81
34202936960126,09:30:02.936,66.2400,81
34202936960126,09:30:02.936,66.2400,100
34203214932113,09:30:03.214,66.2800,300
34203215772546,09:30:03.215,66.2900,194
34203475097795,09:30:03.475,66.2900,100
34203570912680,09:30:03.570,66.2800,100
34204232536559,09:30:04.232,66.2650,100
34204232536559,09:30:04.232,66.2900,73
34204318263515,09:30:04.318,66.2400,45
34204318263515,09:30:04.318,66.2400,39
34204318263515,09:30:04.318,66.2400,39
34204318263515,09:30:04.318,66.2400,39
34204318263515,09:30:04.318,66.2400,45
34204318263515,09:30:04.318,66.2400,93
34205150719000,09:30:05.150,66.2650,100
34205321215423,09:30:05.321,66.2650,100
34205321969814,09:30:05.321,66.2650,100
34205321976528,09:30:05.321,66.2650,100
34205322035343,09:30:05.322,66.2650,100
34205322038463,09:30:05.322,66.2650,100
34205322319204,09:30:05.322,66.2650,100
34205322429379,09:30:05.322,66.2650,100
34205322649437,09:30:05.322,66.2650,100
34205433081333,09:30:05.433,66.2400,94
34206994628271,09:30:06.994,66.2800,76
34206995000807,09:30:06.995,66.2900,200
34206995700324,09:30:06.995,66.3000,200
34206995877371,09:30:06.995,66.3000,200
34206995976909,09:30:06.995,66.2900,100
34207004555587,09:30:07.004,66.3000,100
34207031732142,09:30:07.031,66.2800,100
34207031809851,09:30:07.031,66.2800,100
34207806802438,09:30:07.806,66.2800,100
34207806802438,09:30:07.806,66.2800,100
34207806904937,09:30:07.806,66.2800,100
34207806919417,09:30:07.806,66.2800,58
34209121644476,09:30:09.121,66.3400,100
34209121644476,09:30:09.121,66.3400,100
34209133606685,09:30:09.133,66.3450,100
34209134206572,09:30:09.134,66.3450,200
34209134284994,09:30:09.134,66.3450,100
34209134286930,09:30:09.134,66.3450,100
34209134402350,09:30:09.134,66.3450,100
34209134403837,09:30:09.134,66.3450,100
34209134430308,09:30:09.134,66.3450,100
34209134469916,09:30:09.134,66.3450,100
34209134491632,09:30:09.134,66.3450,100
34209134581170,09:30:09.134,66.3350,100
34209134856120,09:30:09.134,66.3500,100
34209136634690,09:30:09.136,66.3350,100
34209583362831,09:30:09.583,66.3450,100
34210973131316,09:30:10.973,66.3600,18
34210973131316,09:30:10.973,66.3600,100
34210973131316,09:30:10.973,66.3500,100
34210973131316,09:30:10.973,66.3500,182
34210973164385,09:30:10.973,66.3500,18
34210973164385,09:30:10.973,66.3500,100
34210973165093,09:30:10.973,66.3500,118
34210973267730,09:30:10.973,66.3500,82
34210973267730,09:30:10.973,66.3500,100
34210976892273,09:30:10.976,66.3400,12
34210976892273,09:30:10.976,66.3300,45
34210976892273,09:30:10.976,66.3300,88
34211192511920,09:30:11.192,66.3600,100
34216907064415,09:30:16.907,66.3300,12
34216907064415,09:30:16.907,66.3300,100
34216907064415,09:30:16.907,66.3300,300
34216907162471,09:30:16.907,66.3300,100
34217045675866,09:30:17.045,66.2900,500
34217078635079,09:30:17.078,66.2800,175
34217078659979,09:30:17.078,66.2800,25
34217078660664,09:30:17.078,66.2800,25
34217078674797,09:30:17.078,66.2800,25
34217079065361,09:30:17.079,66.2800,100
34217079251762,09:30:17.079,66.2800,100
34217079284121,09:30:17.079,66.2800,7
34218289607175,09:30:18.289,66.2800,43
34218289607175,09:30:18.289,66.2800,100
34220188144800,09:30:20.188,66.2600,100
34225192478868,09:30:25.192,66.2500,200
34225192478868,09:30:25.192,66.2500,200
34225623158261,09:30:25.623,66.2400,300
34225623158261,09:30:25.623,66.2400,100
34225623158261,09:30:25.623,66.2400,200
34225623247610,09:30:25.623,66.2400,300
34226730283031,09:30:26.730,66.2100,100
34226730844998,09:30:26.730,66.2000,400
34226730844998,09:30:26.730,66.2000,100
34226730890558,09:30:26.730,66.2000,400
34226738123741,09:30:26.738,66.2100,100
34226738123741,09:30:26.738,66.2100,100
34226738123741,09:30:26.738,66.2100,100
34231606281992,09:30:31.606,66.2300,76
34231606645692,09:30:31.606,66.2400,100
34231606645692,09:30:31.606,66.2400,28
34231606673934,09:30:31.606,66.2400,128
34231606676321,09:30:31.606,66.2400,100
34231606706073,09:30:31.606,66.2400,100
34231606706073,09:30:31.606,66.2400,17
34231606747711,09:30:31.606,66.2400,55
34231606747711,09:30:31.606,66.2400,45
34231609548428,09:30:31.609,66.2400,100
34231609641230,09:30:31.609,66.2400,100
34231614809851,09:30:31.614,66.2400,55
34240856298528,09:30:40.856,66.2900,28
34240870925218,09:30:40.870,66.3300,100
34244941293136,09:30:44.941,66.3400,4
34244941293136,09:30:44.941,66.3500,24
34244942090909,09:30:44.942,66.3500,4
34244983212046,09:30:44.983,66.3100,100
34244983241006,09:30:44.983,66.3100,521
34244983256177,09:30:44.983,66.3100,300
34244983258096,09:30:44.983,66.3100,1079
34248367602338,09:30:48.367,66.3500,28
34252957062267,09:30:52.957,66.3200,100
34252957171421,09:30:52.957,66.3200,100
34253125819669,09:30:53.125,66.3100,100
34253125871434,09:30:53.125,66.3100,100
34253125893783,09:30:53.125,66.3100,300
34253825676127,09:30:53.825,66.3000,100
34253825978858,09:30:53.825,66.3000,100
34260466139604,09:31:00.466,66.3100,28
34263225478469,09:31:03.225,66.2700,100
34263226617746,09:31:03.226,66.2400,100
34263226617746,09:31:03.226,66.2400,100
34263226659882,09:31:03.226,66.2400,100
34263226732346,09:31:03.226,66.2300,100
34263227345511,09:31:03.227,66.2300,100
34273530192717,09:31:13.530,66.2700,100
34275733087740,09:31:15.733,66.2700,100
34275733087740,09:31:15.733,66.2700,100
34287482956321,09:31:27.482,66.4000,100
34292967092578,09:31:32.967,66.3200,100
34292967092578,09:31:32.967,66.3200,11
34292967092578,09:31:32.967,66.3100,70
34292971190804,09:31:32.971,66.3100,30
34292971190804,09:31:32.971,66.3100,100
34292971190804,09:31:32.971,66.3100,100
34292972170646,09:31:32.972,66.3100,100
34292972170646,09:31:32.972,66.3100,100
34292973923599,09:31:32.973,66.3100,100
34292973923599,09:31:32.973,66.3200,100
34292975442249,09:31:32.975,66.3200,100
34292976642078,09:31:32.976,66.3500,100
34301086108042,09:31:41.086,66.4300,177
34301086252761,09:31:41.086,66.4300,823
34301086493414,09:31:41.086,66.4300,7
34301086493414,09:31:41.086,66.4200,100
34301086493414,09:31:41.086,66.4200,130
34301086493414,09:31:41.086,66.4200,393
34301086524470,09:31:41.086,66.4200,7
34301086830168,09:31:41.086,66.4200,100
34301086838088,09:31:41.086,66.4200,100
34301086840926,09:31:41.086,66.4400,23
34302396029514,09:31:42.396,66.4600,100
34302459082004,09:31:42.459,66.4500,23
34311084926034,09:31:51.084,66.4800,100
34311084926034,09:31:51.084,66.4800,100
34312423696207,09:31:52.423,66.4900,33
34312426534354,09:31:52.426,66.5000,20
34312439600126,09:31:52.439,66.4900,23
34313728881467,09:31:53.728,66.5500,34
34320299543547,09:32:00.299,66.5600,34
34320299543547,09:32:00.299,66.5600,23
34320299543547,09:32:00.299,66.5600,43
34320346335438,09:32:00.346,66.5600,34
34320346371735,09:32:00.346,66.5600,66
34320403446564,09:32:00.403,66.5600,100
34320876511838,09:32:00.876,66.5100,63
34321549496924,09:32:01.549,66.5000,300
34321982826677,09:32:01.982,66.5100,59
34323655719881,09:32:03.655,66.5300,100
34323655719881,09:32:03.655,66.5400,100
34323655719881,09:32:03.655,66.5500,100
34326035539671,09:32:06.035,66.6000,23
34326035774385,09:32:06.035,66.6100,7
34326050307748,09:32:06.050,66.6500,37
34326050307748,09:32:06.050,66.6500,30
34326050307748,09:32:06.050,66.6500,33
34326060895303,09:32:06.060,66.6600,63
34328840858473,09:32:08.840,66.6100,100
34328840864404,09:32:08.840,66.6100,100
34334269636908,09:32:14.269,66.5400,100
34334269636908,09:32:14.269,66.5400,100
34334270623104,09:32:14.270,66.5200,30
34334270623104,09:32:14.270,66.5200,100
34334272095299,09:32:14.272,66.5100,100
34334273558954,09:32:14.273,66.5000,30
34334273558954,09:32:14.273,66.5000,100
34334301003196,09:32:14.301,66.4800,100
34334301003196,09:32:14.301,66.4800,30
34334301003196,09:32:14.301,66.4800,100
34334338745143,09:32:14.338,66.4700,100
34334338745143,09:32:14.338,66.4700,75
34334338745143,09:32:14.338,66.4700,100
34334376510374,09:32:14.376,66.4600,30
34334376510374,09:32:14.376,66.4500,100
34334376510374,09:32:14.376,66.4500,100
34334440823127,09:32:14.440,66.4400,30
34334440823127,09:32:14.440,66.4300,100
34334498157278,09:32:14.498,66.4300,100
34334498157278,09:32:14.498,66.4200,100
34350864365229,09:32:30.864,66.4400,100
34353145147557,09:32:33.145,66.4000,1
34358346436386,09:32:38.346,66.3850,100
34358358330407,09:32:38.358,66.3850,100
34363608733302,09:32:43.608,66.3850,100
34370260933895,09:32:50.260,66.3850,189
34370260933895,09:32:50.260,66.4000,100
34370260933895,09:32:50.260,66.4000,11
34370260961237,09:32:50.260,66.4000,89
34370260961237,09:32:50.260,66.4000,100
34370261095500,09:32:50.261,66.4200,59
34370262273082,09:32:50.262,66.4200,41
34384022822000,09:33:04.022,66.4750,100
34384828636608,09:33:04.828,66.4500,100
34384828636608,09:33:04.828,66.4500,100
34384829061942,09:33:04.829,66.4400,14
34384829247110,09:33:04.829,66.4400,100
34384829251033,09:33:04.829,66.4400,86
34385585188579,09:33:05.585,66.4250,100
34385585855554,09:33:05.585,66.4200,100
34385589053803,09:33:05.589,66.4300,100
34386066250607,09:33:06.066,66.4300,100
34388253239398,09:33:08.253,66.4300,35
34389763488911,09:33:09.763,66.4200,4
34389763488911,09:33:09.763,66.4100,96
34389763529017,09:33:09.763,66.4100,4
34400332920544,09:33:20.332,66.3800,100
34402290976675,09:33:22.290,66.3900,100
34405559534495,09:33:25.559,66.3700,200
34406292080695,09:33:26.292,66.3600,100
34411047554580,09:33:31.047,66.3300,100
34411047554580,09:33:31.047,66.3300,100
34411047733102,09:33:31.047,66.3300,100
34412394045406,09:33:32.394,66.3000,100
34421466408277,09:33:41.466,66.2500,100
34421466408277,09:33:41.466,66.2500,100
34422267927136,09:33:42.267,66.2250,100
34422268225026,09:33:42.268,66.2400,100
34423268767478,09:33:43.268,66.2600,100
34424281807206,09:33:44.281,66.2700,100
34426357496517,09:33:46.357,66.2700,100
34427129740984,09:33:47.129,66.3400,100
34429258336970,09:33:49.258,66.3300,4
34429258336970,09:33:49.258,66.3400,96
34429258364050,09:33:49.258,66.3400,104
34431385871120,09:33:51.385,66.3200,100
34431889745638,09:33:51.889,66.3100,100
34431891131141,09:33:51.891,66.3100,100
34431894285503,09:33:51.894,66.3100,100
34431894285503,09:33:51.894,66.3100,100
34431895518951,09:33:51.895,66.3200,100
34431896374865,09:33:51.896,66.3200,100
34442018157690,09:34:02.018,66.3700,100
34444064811227,09:34:04.064,66.3800,100
34449668322818,09:34:09.668,66.3800,100
34449671566099,09:34:09.671,66.4000,100
34449671566099,09:34:09.671,66.4000,100
34449724063736,09:34:09.724,66.4000,4
34449724140023,09:34:09.724,66.3900,100
34449724428614,09:34:09.724,66.4000,100
34449724428614,09:34:09.724,66.4000,100
34449724428614,09:34:09.724,66.4000,100
34449724580376,09:34:09.724,66.4000,100
34454492040825,09:34:14.492,66.4500,100
34454492040825,09:34:14.492,66.4500,100
34454492508253,09:34:14.492,66.4400,100
34454492535115,09:34:14.492,66.4400,200
34454494610921,09:34:14.494,66.4500,200
34454497550544,09:34:14.497,66.4600,100
34463816791346,09:34:23.816,66.4300,17
34463816791346,09:34:23.816,66.4200,1
34463816791346,09:34:23.816,66.4200,100
34463816791346,09:34:23.816,66.4200,82
34463817307623,09:34:23.817,66.4200,18
34464238236063,09:34:24.238,66.4000,100
34464238328875,09:34:24.238,66.4000,100
34466193876610,09:34:26.193,66.3800,35
34466522660791,09:34:26.522,66.3950,100
34466522660791,09:34:26.522,66.4100,100
34467664992639,09:34:27.664,66.4000,100
34468529905855,09:34:28.529,66.4200,83
34468727505382,09:34:28.727,66.4200,17
34469224803869,09:34:29.224,66.4100,1
34470691953297,09:34:30.691,66.4150,100
34470691953297,09:34:30.691,66.4300,119
34470691991324,09:34:30.691,66.4300,81
34470691991324,09:34:30.691,66.4300,17
34470691991324,09:34:30.691,66.4300,2
34471073119499,09:34:31.073,66.4500,81
34476084089331,09:34:36.084,66.4700,58
34480149489745,09:34:40.149,66.4300,100
34481485318509,09:34:41.485,66.4200,100
34482494664107,09:34:42.494,66.4300,100
34487929053497,09:34:47.929,66.4100,3
34487937197150,09:34:47.937,66.4000,2
34503787916257,09:35:03.787,66.4700,42
34503787916257,09:35:03.787,66.4700,100
34503787916257,09:35:03.787,66.4700,110
34503787916257,09:35:03.787,66.4700,2
34505347674203,09:35:05.347,66.4500,100
34505350050210,09:35:05.350,66.4500,100
34507659839099,09:35:07.659,66.4500,100
34509282924824,09:35:09.282,66.4400,1
34511726882679,09:35:11.726,66.4500,100
34511726882679,09:35:11.726,66.4600,500
34511726910306,09:35:11.726,66.4600,100
34511726960362,09:35:11.726,66.4600,34
34514386678364,09:35:14.386,66.4400,100
34514386678364,09:35:14.386,66.4300,200
34514386678364,09:35:14.386,66.4300,100
34514386678364,09:35:14.386,66.4300,100
34514386678364,09:35:14.386,66.4200,100
34514386678364,09:35:14.386,66.4100,100
34514386678364,09:35:14.386,66.4100,39
34514386678364,09:35:14.386,66.4000,98
34514386678364,09:35:14.386,66.4000,200
34514386678364,09:35:14.386,66.4000,100
34514386678364,09:35:14.386,66.4000,100
34514386678364,09:35:14.386,66.4000,100
34514386678364,09:35:14.386,66.4000,200
34514388521209,09:35:14.388,66.4000,69
34514388559185,09:35:14.388,66.4000,31
34514393029739,09:35:14.393,66.4000,100
34514403506235,09:35:14.403,66.4000,100
34514407116174,09:35:14.407,66.4000,100
34514411977579,09:35:14.411,66.4000,100
34514417334427,09:35:14.417,66.4000,100
34520359599258,09:35:20.359,66.3900,100
34524190577671,09:35:24.190,66.3900,1
34532263731944,09:35:32.263,66.4000,100
34532322482284,09:35:32.322,66.4000,10
34532322482284,09:35:32.322,66.4000,99
34532322566314,09:35:32.322,66.4000,100
34533553947908,09:35:33.553,66.3900,100
34536358965462,09:35:36.358,66.3900,100
34536701275061,09:35:36.701,66.3800,100
34536701372981,09:35:36.701,66.3800,100
34537488754105,09:35:37.488,66.3500,100
34542612446006,09:35:42.612,66.3250,44
34544834730227,09:35:44.834,66.3200,56
34548873197403,09:35:48.873,66.3500,100
34562513223892,09:36:02.513,66.3300,1
34564873382128,09:36:04.873,66.3300,99
34564873382128,09:36:04.873,66.3300,66
34568040429449,09:36:08.040,66.3000,26
34568040473014,09:36:08.040,66.3000,74
34568040473014,09:36:08.040,66.3000,100
34568043744567,09:36:08.043,66.3000,100
34568043902378,09:36:08.043,66.3000,100
34568054431018,09:36:08.054,66.3000,100
34570165629565,09:36:10.165,66.2800,100
34574614583641,09:36:14.614,66.2700,100
34574627558928,09:36:14.627,66.2600,100
34574627558928,09:36:14.627,66.2600,100
34574638708184,09:36:14.638,66.2600,100
34574638708184,09:36:14.638,66.2600,100
34574638736932,09:36:14.638,66.2600,40
34586914303351,09:36:26.914,66.2400,1
34589411031653,09:36:29.411,66.2800,100
34600035712914,09:36:40.035,66.2800,100
34600035712914,09:36:40.035,66.2800,100
34600196800416,09:36:40.196,66.2900,100
34600196800416,09:36:40.196,66.2900,100
34600197784771,09:36:40.197,66.2900,100
34600197797895,09:36:40.197,66.3000,100
34600197797895,09:36:40.197,66.3000,98
34600197799491,09:36:40.197,66.3000,2
34600197799491,09:36:40.197,66.3000,30
34601332593040,09:36:41.332,66.3400,100
34602427098106,09:36:42.427,66.3300,200
34602428283352,09:36:42.428,66.3100,100
34602428617521,09:36:42.428,66.3100,100
34602428617521,09:36:42.428,66.3200,100
34602428617521,09:36:42.428,66.3200,100
34602428617521,09:36:42.428,66.3300,100
34602430369676,09:36:42.430,66.3400,100
34602430369676,09:36:42.430,66.3400,100
34602430464767,09:36:42.430,66.3200,100
34602430464767,09:36:42.430,66.3200,110
34602431310947,09:36:42.431,66.3300,100
34602431429605,09:36:42.431,66.3300,100
34602431983294,09:36:42.431,66.3200,100
34602432218746,09:36:42.432,66.3200,100
34602432259539,09:36:42.432,66.3300,100
34602595083442,09:36:42.595,66.3100,100
34602595083442,09:36:42.595,66.3100,98
34603439708992,09:36:43.439,66.3700,100
34603439708992,09:36:43.439,66.3700,100
34603440119254,09:36:43.440,66.3700,100
34603440326147,09:36:43.440,66.3600,100
34603457398041,09:36:43.457,66.3500,200
34603457677353,09:36:43.457,66.3500,200
34603457796412,09:36:43.457,66.3500,100
34603457796412,09:36:43.457,66.3500,100
34603460984920,09:36:43.460,66.3400,100
34603463426297,09:36:43.463,66.3400,200
34607263317649,09:36:47.263,66.4100,100
34609409941827,09:36:49.409,66.4100,90
34611255115880,09:36:51.255,66.4000,1
34613230665026,09:36:53.230,66.4000,100
34613231051402,09:36:53.231,66.4000,100
34616249070994,09:36:56.249,66.4100,200
34616249070994,09:36:56.249,66.4100,100
34616249070994,09:36:56.249,66.4100,100
34616900107679,09:36:56.900,66.4200,100
34617900220565,09:36:57.900,66.4300,100
34617900503788,09:36:57.900,66.4200,100
34617900618490,09:36:57.900,66.4100,100
34617900789659,09:36:57.900,66.4100,100
34620896679771,09:37:00.896,66.4000,100
34620900359818,09:37:00.900,66.3900,100
34620900384739,09:37:00.900,66.3900,100
34620900384739,09:37:00.900,66.3900,100
34620900384739,09:37:00.900,66.3900,100
34620900400199,09:37:00.900,66.3900,100
34620900430311,09:37:00.900,66.3900,100
34620900471578,09:37:00.900,66.3900,200
34620900956816,09:37:00.900,66.3900,100
34620904470359,09:37:00.904,66.3900,80
34620908995005,09:37:00.908,66.3900,100
34620908995005,09:37:00.908,66.3900,100
34620917366854,09:37:00.917,66.3900,1
34620917845459,09:37:00.917,66.3900,99
34620917845459,09:37:00.917,66.3900,100
34620924609109,09:37:00.924,66.3900,20
34622637621967,09:37:02.637,66.4000,8
34622763806223,09:37:02.763,66.4000,100
34624999293258,09:37:04.999,66.3900,100
34624999371349,09:37:04.999,66.3900,95
34630584970984,09:37:10.584,66.4100,400
34631055710564,09:37:11.055,66.4100,100
34633049163661,09:37:13.049,66.4300,100
34635805317218,09:37:15.805,66.4500,100
34635805317218,09:37:15.805,66.4500,100
34635838596820,09:37:15.838,66.4600,100
34641005079864,09:37:21.005,66.4900,400
34641005371420,09:37:21.005,66.4800,100
34643483026613,09:37:23.483,66.4400,100
34643483026613,09:37:23.483,66.4400,100
34643483055284,09:37:23.483,66.4400,100
34647377786101,09:37:27.377,66.4800,14
34647377786101,09:37:27.377,66.4800,86
34650636470252,09:37:30.636,66.4400,100
34651669889449,09:37:31.669,66.4600,100
34651674978259,09:37:31.674,66.4500,100
34652772896495,09:37:32.772,66.4400,200
34652773453294,09:37:32.773,66.4400,300
34655154888079,09:37:35.154,66.4300,2
34661552175314,09:37:41.552,66.4600,100
34661553841357,09:37:41.553,66.4600,200
34661556377323,09:37:41.556,66.4500,100
34661556784068,09:37:41.556,66.4400,100
34661556809673,09:37:41.556,66.4400,100
34661556855157,09:37:41.556,66.4400,100
34661563158360,09:37:41.563,66.4600,100
34661671841600,09:37:41.671,66.4600,100
34663123279990,09:37:43.123,66.4700,100
34664439206082,09:37:44.439,66.4400,200
34667070771375,09:37:47.070,66.4700,100
34667071055293,09:37:47.071,66.4600,100
34667072185265,09:37:47.072,66.4700,100
34667072185265,09:37:47.072,66.4700,100
34667072318220,09:37:47.072,66.4500,100
34667072352992,09:37:47.072,66.4500,100
34667671461111,09:37:47.671,66.4500,100
34667671461111,09:37:47.671,66.4500,100
34667701782108,09:37:47.701,66.4400,100
34667702235548,09:37:47.702,66.4300,98
34667702235548,09:37:47.702,66.4300,200
34667702235548,09:37:47.702,66.4300,100
34667702565178,09:37:47.702,66.4300,100
34667702696467,09:37:47.702,66.4300,100
34667702734267,09:37:47.702,66.4300,100
34667702916005,09:37:47.702,66.4300,100
34667703526799,09:37:47.703,66.4300,100
34668076318611,09:37:48.076,66.4300,93
34668081461978,09:37:48.081,66.4200,100
34670824431175,09:37:50.824,66.4200,100
34670825524259,09:37:50.825,66.4200,100
34675959055310,09:37:55.959,66.4500,300
34682253545152,09:38:02.253,66.4700,100
34683676153422,09:38:03.676,66.4800,79
34683676153422,09:38:03.676,66.4900,100
34683676153422,09:38:03.676,66.4900,21
34683723641844,09:38:03.723,66.4800,100
34684440107957,09:38:04.440,66.4800,3
34684440415430,09:38:04.440,66.4800,97
34684440415430,09:38:04.440,66.4800,100
34684980129312,09:38:04.980,66.4800,100
34685131958059,09:38:05.131,66.4800,100
34686605361881,09:38:06.605,66.4600,100
34686630560038,09:38:06.630,66.4450,100
34686661646544,09:38:06.661,66.4400,100
34686662241317,09:38:06.662,66.4400,100
34686930353326,09:38:06.930,66.4500,100
34688954490227,09:38:08.954,66.4400,100
34691029172717,09:38:11.029,66.4600,100
34699229207573,09:38:19.229,66.4450,100
34699929214037,09:38:19.929,66.4400,100
34707363174593,09:38:27.363,66.4200,100
34707363266328,09:38:27.363,66.4200,100
34707367631795,09:38:27.367,66.4100,100
34707482287022,09:38:27.482,66.4000,30
34707737176132,09:38:27.737,66.4100,100
34713297287269,09:38:33.297,66.4200,100
34713297315992,09:38:33.297,66.4200,100
34713297315992,09:38:33.297,66.4200,100
34719829637239,09:38:39.829,66.4400,100
34723330119046,09:38:43.330,66.4200,100
34725507433601,09:38:45.507,66.4200,100
34725928177462,09:38:45.928,66.4400,100
34731027906199,09:38:51.027,66.4400,100
34736563472541,09:38:56.563,66.4500,100
34736563502505,09:38:56.563,66.4500,100
34741260981433,09:39:01.260,66.4300,100
34744538311868,09:39:04.538,66.4100,100
34744543604389,09:39:04.543,66.4000,102
34744543628599,09:39:04.543,66.4000,298
34744543628599,09:39:04.543,66.4000,100
34744543647782,09:39:04.543,66.4000,398
34744543667459,09:39:04.543,66.4000,100
34744545081198,09:39:04.545,66.4000,102
34744560842444,09:39:04.560,66.4000,100
34745570021982,09:39:05.570,66.4000,100
34745570021982,09:39:05.570,66.4000,100
34745570156116,09:39:05.570,66.4000,100
34745570288750,09:39:05.570,66.3900,100
34746880324851,09:39:06.880,66.3900,1
34748359252629,09:39:08.359,66.4000,1
34752878210508,09:39:12.878,66.4200,1
34755640555130,09:39:15.640,66.4200,1
34755640555130,09:39:15.640,66.4200,100
34774006468556,09:39:34.006,66.4100,17
34774006468556,09:39:34.006,66.4100,83
34774006493600,09:39:34.006,66.4100,17
34775071851731,09:39:35.071,66.4000,71
34779291132241,09:39:39.291,66.3900,1
34786215177665,09:39:46.215,66.4000,200
34791367683567,09:39:51.367,66.3900,100
34791367683567,09:39:51.367,66.3900,100
34791367683567,09:39:51.367,66.3900,100
34791367999944,09:39:51.367,66.3900,100
34791368627179,09:39:51.368,66.3900,100
34791369348717,09:39:51.369,66.3900,100
34791369640806,09:39:51.369,66.3900,100
34791396276843,09:39:51.396,66.3900,2
34796628492431,09:39:56.628,66.3900,8
34796628492431,09:39:56.628,66.3900,10
34797604293946,09:39:57.604,66.3800,200
34797604293946,09:39:57.604,66.3800,100
34797604293946,09:39:57.604,66.3800,100
34797604326826,09:39:57.604,66.3800,100
34797612524627,09:39:57.612,66.3700,100
34797612524627,09:39:57.612,66.3700,138
34800358546877,09:40:00.358,66.3600,85
34805725784424,09:40:05.725,66.3700,100
34805725784424,09:40:05.725,66.3700,100
34805725784424,09:40:05.725,66.3700,100
34809233384158,09:40:09.233,66.3900,200
34809233421572,09:40:09.233,66.3900,199
34809233424930,09:40:09.233,66.3900,601
34809338689780,09:40:09.338,66.4050,100
34812337900144,09:40:12.337,66.4050,100
34824251081294,09:40:24.251,66.4100,200
34825848197617,09:40:25.848,66.4050,100
34825848197617,09:40:25.848,66.4100,100
34825848506146,09:40:25.848,66.4100,100
34826399799065,09:40:26.399,66.4100,100
34827252392947,09:40:27.252,66.4100,100
34827624101972,09:40:27.624,66.4000,40
34829252866688,09:40:29.252,66.4200,100
34830319129278,09:40:30.319,66.4300,100
34844933362777,09:40:44.933,66.4200,200
34844964169503,09:40:44.964,66.4100,100
34844975759393,09:40:44.975,66.4100,100
34845766491923,09:40:45.766,66.4100,100
34845766491923,09:40:45.766,66.4100,100
34853338696452,09:40:53.338,66.4300,100
34855332152159,09:40:55.332,66.4400,87
34858308873267,09:40:58.308,66.4200,100
34858308873267,09:40:58.308,66.4200,100
34858381197264,09:40:58.381,66.4200,100
34870427670138,09:41:10.427,66.4100,100
34873925018950,09:41:13.925,66.4100,100
34873925927814,09:41:13.925,66.4000,60
34873925927814,09:41:13.925,66.4000,400
34873925927814,09:41:13.925,66.4000,100
34873925927814,09:41:13.925,66.4000,100
34873925927814,09:41:13.925,66.4000,100
34873933613162,09:41:13.933,66.4000,100
34873933613162,09:41:13.933,66.4000,100
34873933613162,09:41:13.933,66.4000,100
34873933685362,09:41:13.933,66.4000,100
34874010754700,09:41:14.010,66.4100,100
34874035729170,09:41:14.035,66.4200,50
34891934184159,09:41:31.934,66.4100,100
34891934394308,09:41:31.934,66.4200,100
34891934421211,09:41:31.934,66.4200,200
34891934421211,09:41:31.934,66.4200,100
34891934421211,09:41:31.934,66.4200,100
34891934483446,09:41:31.934,66.4100,100
34893562593137,09:41:33.562,66.4100,100
34893562593137,09:41:33.562,66.4100,10
34893562593137,09:41:33.562,66.4100,10
34893562593137,09:41:33.562,66.4100,10
34893562593137,09:41:33.562,66.4100,10
34898323181176,09:41:38.323,66.4300,100
34898325038849,09:41:38.325,66.4350,200
34898328968206,09:41:38.328,66.4300,100
34898330220258,09:41:38.330,66.4300,200
34898330220258,09:41:38.330,66.4300,100
34898417342013,09:41:38.417,66.4300,100
34907598903568,09:41:47.598,66.4100,100
34913068502000,09:41:53.068,66.4100,100
34913068502000,09:41:53.068,66.4100,100
34913101274409,09:41:53.101,66.4200,100
34913292102986,09:41:53.292,66.4100,100
34914616586585,09:41:54.616,66.4000,100
34914616586585,09:41:54.616,66.4000,300
34914616586585,09:41:54.616,66.4000,100
34914616600992,09:41:54.616,66.4000,200
34914616732682,09:41:54.616,66.4000,100
34914616732682,09:41:54.616,66.4000,100
34914616860129,09:41:54.616,66.4000,100
34914617108461,09:41:54.617,66.4000,100
34914617108461,09:41:54.617,66.4000,100
34914617284170,09:41:54.617,66.4000,100
34914617408806,09:41:54.617,66.4000,100
34914617532260,09:41:54.617,66.4000,100
34914864991134,09:41:54.864,66.4000,100
34915013599658,09:41:55.013,66.4000,200
34915216502178,09:41:55.216,66.4000,200
34929288075400,09:42:09.288,66.4000,91
34929288075400,09:42:09.288,66.3900,109
34929288101381,09:42:09.288,66.3900,81
34929288101381,09:42:09.288,66.3900,9
34929288102939,09:42:09.288,66.3900,91
34929319209064,09:42:09.319,66.3700,100
34929700757121,09:42:09.700,66.3600,100
34934428997643,09:42:14.428,66.3400,100
34938566477534,09:42:18.566,66.3200,89
34938596672400,09:42:18.596,66.3200,111
34938596672400,09:42:18.596,66.3200,74
34938596793548,09:42:18.596,66.3200,26
34949609844105,09:42:29.609,66.3350,100
34949609873233,09:42:29.609,66.3350,200
34953777502429,09:42:33.777,66.3350,200
34953777521898,09:42:33.777,66.3350,200
34953777533877,09:42:33.777,66.3350,200
34953777562959,09:42:33.777,66.3350,100
34953777567948,09:42:33.777,66.3350,25
34953777567948,09:42:33.777,66.3400,75
34953777606860,09:42:33.777,66.3400,25
34953777606860,09:42:33.777,66.3400,100
34955780074483,09:42:35.780,66.3500,200
34962981430121,09:42:42.981,66.3400,100
34962981430121,09:42:42.981,66.3400,100
34968470336077,09:42:48.470,66.3200,100
34973406969975,09:42:53.406,66.3200,75
34973406998665,09:42:53.406,66.3200,25
34977561201520,09:42:57.561,66.3500,100
34977561586217,09:42:57.561,66.3500,200
34977561586217,09:42:57.561,66.3500,100
34977591866820,09:42:57.591,66.3400,100
34977591866820,09:42:57.591,66.3400,100
34981154826291,09:43:01.154,66.3400,100
34981272729235,09:43:01.272,66.3400,73
35000761707787,09:43:20.761,66.3300,200
35002440171341,09:43:22.440,66.3200,100
35002440171341,09:43:22.440,66.3200,100
35002440171341,09:43:22.440,66.3200,100
35002855669295,09:43:22.855,66.3000,15
35002855669295,09:43:22.855,66.3000,10
35002855669295,09:43:22.855,66.3000,100
35002856175731,09:43:22.856,66.3000,19
35002856179125,09:43:22.856,66.3000,81
35002869820382,09:43:22.869,66.3000,100
35002869820382,09:43:22.869,66.3000,81
35002869820382,09:43:22.869,66.3000,100
35002869820382,09:43:22.869,66.3000,55
35003466704794,09:43:23.466,66.3000,45
35012056479449,09:43:32.056,66.3100,100
35012093761618,09:43:32.093,66.3100,100
35013012426513,09:43:33.012,66.3200,100
35014580057180,09:43:34.580,66.3500,100
35014580057180,09:43:34.580,66.3500,100
35014580057180,09:43:34.580,66.3500,100
35026678477409,09:43:46.678,66.2900,200
35026679899639,09:43:46.679,66.2800,62
35026679928300,09:43:46.679,66.2800,38
35028946590892,09:43:48.946,66.2500,2
35035663660549,09:43:55.663,66.2500,100
35035663660549,09:43:55.663,66.2500,100
35047803064667,09:44:07.803,66.2600,100
35047805795867,09:44:07.805,66.2600,100
35047809951154,09:44:07.809,66.2600,62
35047812085161,09:44:07.812,66.2500,24
35048527943418,09:44:08.527,66.2700,100
35055730171925,09:44:15.730,66.2500,200
35055730171925,09:44:15.730,66.2500,200
35055730202490,09:44:15.730,66.2500,100
35055731869602,09:44:15.731,66.2500,100
35058012746785,09:44:18.012,66.2400,200
35058012746785,09:44:18.012,66.2400,100
35058058148402,09:44:18.058,66.2500,100
35058983815175,09:44:18.983,66.2500,100
35073630212785,09:44:33.630,66.2600,100
35083814263807,09:44:43.814,66.2500,1
35083814263807,09:44:43.814,66.2500,61
35084657099996,09:44:44.657,66.2500,139
35084657455392,09:44:44.657,66.2500,100
35086822536358,09:44:46.822,66.2400,100
35086822536358,09:44:46.822,66.2400,100
35086842796143,09:44:46.842,66.2300,100
35086842796143,09:44:46.842,66.2300,100
35086842808950,09:44:46.842,66.2300,100
35091535762387,09:44:51.535,66.2300,200
35091547961393,09:44:51.547,66.2400,41
35091548172687,09:44:51.548,66.2400,659
35103801021911,09:45:03.801,66.2400,100
35103801866746,09:45:03.801,66.2300,100
35103825690218,09:45:03.825,66.2200,173
35103825717848,09:45:03.825,66.2200,10
35103825743606,09:45:03.825,66.2200,17
35103866028492,09:45:03.866,66.2400,100
35103866028492,09:45:03.866,66.2400,100
35116009470770,09:45:16.009,66.2500,100
35116011856590,09:45:16.011,66.2500,200
35116011856590,09:45:16.011,66.2500,100
35116012139588,09:45:16.012,66.2500,100
35119148461803,09:45:19.148,66.2500,100
35128275515260,09:45:28.275,66.2500,100
35128275515260,09:45:28.275,66.2500,100
35145005616209,09:45:45.005,66.2000,1
35146622223777,09:45:46.622,66.1600,39
35155752269574,09:45:55.752,66.1600,300
35155753358344,09:45:55.753,66.1700,100
35155827462591,09:45:55.827,66.1800,100
35156767215138,09:45:56.767,66.1800,100
35161751400938,09:46:01.751,66.1900,100
35161751400938,09:46:01.751,66.1900,100
35161768982052,09:46:01.768,66.2000,1
35161815523940,09:46:01.815,66.2000,99
35163315691075,09:46:03.315,66.2200,100
35167250355137,09:46:07.250,66.1900,100
35176299942907,09:46:16.299,66.1800,10
35181071729775,09:46:21.071,66.1700,1
35203120920047,09:46:43.120,66.1500,100
35203120920047,09:46:43.120,66.1500,39
35203121355965,09:46:43.121,66.1500,100
35203121792827,09:46:43.121,66.1500,100
35205225310380,09:46:45.225,66.1600,300
35205232656055,09:46:45.232,66.1600,100
35206034845364,09:46:46.034,66.1500,62
35211078750466,09:46:51.078,66.1500,100
35212138586889,09:46:52.138,66.1600,100
35212828452725,09:46:52.828,66.1700,100
35232806133616,09:47:12.806,66.1700,10
35233240399181,09:47:13.240,66.1500,39
35233244103188,09:47:13.244,66.1500,100
35234392963896,09:47:14.392,66.1300,39
35255390865725,09:47:35.390,66.1400,100
35256806653624,09:47:36.806,66.1400,99
35256806678741,09:47:36.806,66.1400,1
35284027988748,09:48:04.027,66.1300,100
35286527477848,09:48:06.527,66.1200,200
35286527477848,09:48:06.527,66.1200,1
35286527477848,09:48:06.527,66.1200,100
35286527477848,09:48:06.527,66.1200,10
35286527576969,09:48:06.527,66.1200,100
35286556982465,09:48:06.556,66.1100,100
35287910393813,09:48:07.910,66.1000,1
35289842229886,09:48:09.842,66.1000,99
35289842229886,09:48:09.842,66.1000,100
35305948215391,09:48:25.948,66.0700,39
35305948215391,09:48:25.948,66.0700,100
35305948215391,09:48:25.948,66.0700,61
35309273253293,09:48:29.273,66.0800,100
35309273253293,09:48:29.273,66.0800,100
35309273253293,09:48:29.273,66.0800,100
35309273334246,09:48:29.273,66.0800,100
35309273384820,09:48:29.273,66.0800,100
35309273417091,09:48:29.273,66.0800,100
35309273437005,09:48:29.273,66.0800,100
35309282247717,09:48:29.282,66.0800,100
35320150329169,09:48:40.150,66.0600,39
35324422280059,09:48:44.422,66.0500,39
35324422280059,09:48:44.422,66.0500,100
35324422280059,09:48:44.422,66.0500,100
35324966205308,09:48:44.966,66.0400,39
35330634595769,09:48:50.634,66.0300,39
35330634595769,09:48:50.634,66.0300,100
35330634595769,09:48:50.634,66.0300,100
35333720305268,09:48:53.720,66.0200,100
35334839216036,09:48:54.839,66.0300,22
35350653510774,09:49:10.653,66.0250,100
35350653795076,09:49:10.653,66.0300,100
35352268372749,09:49:12.268,66.0300,12
35360334994454,09:49:20.334,66.0400,100
35360334994454,09:49:20.334,66.0400,100
35360335628919,09:49:20.335,66.0500,100
35360335639120,09:49:20.335,66.0600,78
35360335782063,09:49:20.335,66.0600,22
35360340083767,09:49:20.340,66.0600,24
35361742258026,09:49:21.742,66.0700,100
35361742258026,09:49:21.742,66.0700,30
35361742258026,09:49:21.742,66.0700,24
35362699702314,09:49:22.699,66.0750,100
35383638803611,09:49:43.638,66.0450,100
35383639328774,09:49:43.639,66.0600,100
35383639328774,09:49:43.639,66.0600,20
35424689668161,09:50:24.689,66.1100,100
35424689668161,09:50:24.689,66.1100,100
35425248241909,09:50:25.248,66.1100,100
35425249084948,09:50:25.249,66.1100,200
35427808981238,09:50:27.808,66.1300,27
35438311949306,09:50:38.311,66.1200,100
35444035083494,09:50:44.035,66.1100,11
35456441214123,09:50:56.441,66.0900,23
35460515563666,09:51:00.515,66.1000,100
35460860741217,09:51:00.860,66.1000,200
35460860741217,09:51:00.860,66.1000,100
35478869972203,09:51:18.869,66.1100,100
35478869972203,09:51:18.869,66.1100,100
35479004930306,09:51:19.004,66.1200,100
35479004930306,09:51:19.004,66.1200,100
35479004930306,09:51:19.004,66.1200,100
35480145238876,09:51:20.145,66.1100,100
35492614171843,09:51:32.614,66.1400,25
35492614196472,09:51:32.614,66.1400,75
35497234069608,09:51:37.234,66.1400,100
35497234530296,09:51:37.234,66.1300,11
35497413411393,09:51:37.413,66.1400,100
35497413411393,09:51:37.413,66.1400,100
35497414527994,09:51:37.414,66.1400,100
35498150060406,09:51:38.150,66.1500,100
35498150060406,09:51:38.150,66.1500,100
35498317759873,09:51:38.317,66.1400,200
35512350990195,09:51:52.350,66.1200,100
35520222398595,09:52:00.222,66.1500,122
35520222926629,09:52:00.222,66.1500,178
35526148121835,09:52:06.148,66.1700,100
35526151892421,09:52:06.151,66.1700,100
35528675895702,09:52:08.675,66.1800,100
35528677396605,09:52:08.677,66.1800,100
35530587218921,09:52:10.587,66.1900,100
35530855164621,09:52:10.855,66.1900,100
35533708563403,09:52:13.708,66.1800,9
35558934752292,09:52:38.934,66.1600,100
35561348186623,09:52:41.348,66.1500,11
35585028078344,09:53:05.028,66.1400,100
35591468827336,09:53:11.468,66.1400,100
35591469389266,09:53:11.469,66.1400,300
35601319786537,09:53:21.319,66.1600,100
35606794822079,09:53:26.794,66.1700,100
35606794838671,09:53:26.794,66.1700,100
35615060684643,09:53:35.060,66.1500,2
35615717866571,09:53:35.717,66.1500,98
35618684905743,09:53:38.684,66.1500,100
35618684905743,09:53:38.684,66.1500,100
35634061166095,09:53:54.061,66.1700,100
35651006283173,09:54:11.006,66.1800,11
35657716616118,09:54:17.716,66.1700,100
35666689961334,09:54:26.689,66.1400,29
35667866012304,09:54:27.866,66.1400,71
35667866012304,09:54:27.866,66.1400,100
35675125233048,09:54:35.125,66.1400,100
35690722322850,09:54:50.722,66.1400,100
35692785850455,09:54:52.785,66.1200,18
35698788781177,09:54:58.788,66.1100,100
35698788808636,09:54:58.788,66.1100,10
35704161710273,09:55:04.161,66.1000,30
35721172255086,09:55:21.172,66.0900,100
35730597335728,09:55:30.597,66.0700,100
35732209150535,09:55:32.209,66.0600,100
35738288937424,09:55:38.288,66.0500,100
35745712253687,09:55:45.712,66.0500,1
35762790821545,09:56:02.790,66.0300,100
35762790821545,09:56:02.790,66.0300,12
35762791452889,09:56:02.791,66.0300,10
35763803200002,09:56:03.803,66.0300,10
35764211961380,09:56:04.211,66.0300,100
35766072352068,09:56:06.072,66.0400,100
35766664210513,09:56:06.664,66.0400,100
35774866645079,09:56:14.866,66.0300,100
35779894391158,09:56:19.894,66.0400,100
35779895968831,09:56:19.895,66.0500,66
35779900475972,09:56:19.900,66.0500,34
35779900475972,09:56:19.900,66.0500,100
35782350423801,09:56:22.350,66.0500,100
35782357479049,09:56:22.357,66.0500,100
35788190183397,09:56:28.190,66.0600,100
35801148581658,09:56:41.148,66.0600,100
35801148581658,09:56:41.148,66.0600,4
35801148633223,09:56:41.148,66.0600,96
35801683433167,09:56:41.683,66.0500,100
35812893708972,09:56:52.893,66.0600,100
35812893708972,09:56:52.893,66.0600,100
35814319866472,09:56:54.319,66.0600,100
35818003180402,09:56:58.003,66.0400,100
35818824071873,09:56:58.824,66.0300,25
35818824596134,09:56:58.824,66.0300,10
35829122428677,09:57:09.122,66.0200,100
35829122428677,09:57:09.122,66.0200,47
35829122463735,09:57:09.122,66.0200,53
35829123004330,09:57:09.123,66.0100,8
35829123004330,09:57:09.123,66.0100,100
35829123922631,09:57:09.123,66.0200,100
35829123922631,09:57:09.123,66.0200,100
35829123922631,09:57:09.123,66.0200,100
35829124270874,09:57:09.124,66.0200,100
35829721646067,09:57:09.721,66.0250,100
35829804813590,09:57:09.804,66.0200,100
35829804842673,09:57:09.804,66.0200,100
35829804842673,09:57:09.804,66.0200,10
35830380716569,09:57:10.380,66.0200,62
35830380744865,09:57:10.380,66.0200,38
35830573224771,09:57:10.573,66.0000,3
35830573224771,09:57:10.573,66.0000,5
35830573224771,09:57:10.573,66.0000,25
35830573224771,09:57:10.573,66.0000,50
35830573224771,09:57:10.573,66.0000,1000
35830573224771,09:57:10.573,66.0000,50
35830573224771,09:57:10.573,66.0000,50
35830573224771,09:57:10.573,66.0000,1
35830573224771,09:57:10.573,66.0000,100
35830610127062,09:57:10.610,65.9900,200
35830610199883,09:57:10.610,65.9900,100
35830641490005,09:57:10.641,65.9800,40
35830641825216,09:57:10.641,65.9800,60
35830641825216,09:57:10.641,65.9800,47
35833358752413,09:57:13.358,65.9850,100
35837725785006,09:57:17.725,65.9800,100
35837740191175,09:57:17.740,65.9800,100
35837740191175,09:57:17.740,65.9800,100
35837740191175,09:57:17.740,65.9800,100
35839813505132,09:57:19.813,65.9800,100
35839846449779,09:57:19.846,65.9800,100
35839846449779,09:57:19.846,65.9800,100
35841324667430,09:57:21.324,65.9800,83
35844565103534,09:57:24.565,65.9700,100
35844565103534,09:57:24.565,65.9700,6
35844565146622,09:57:24.565,65.9700,94
35850215120554,09:57:30.215,65.9500,100
35850215120554,09:57:30.215,65.9500,100
35850216130082,09:57:30.216,65.9400,62
35850216512804,09:57:30.216,65.9400,38
35851283870644,09:57:31.283,65.9400,100
35851283870644,09:57:31.283,65.9400,100
35851283870644,09:57:31.283,65.9400,100
35851514425388,09:57:31.514,65.9700,28
35851627008650,09:57:31.627,65.9600,100
35853681948048,09:57:33.681,65.9400,100
35853681979804,09:57:33.681,65.9400,100
35853682115758,09:57:33.682,65.9400,100
35862951630466,09:57:42.951,65.9300,100
35862951630466,09:57:42.951,65.9300,100
35862951630466,09:57:42.951,65.9300,200
35871744891943,09:57:51.744,65.9400,100
35881734260471,09:58:01.734,65.9600,100
35881734260471,09:58:01.734,65.9600,300
35881735611400,09:58:01.735,65.9600,200
35881737485272,09:58:01.737,65.9600,100
35902147570838,09:58:22.147,65.9500,11
35911887912056,09:58:31.887,65.9600,100
35911888518584,09:58:31.888,65.9600,100
35912045008272,09:58:32.045,65.9600,100
35913435702169,09:58:33.435,65.9800,70
35913435769592,09:58:33.435,65.9800,30
35922466388869,09:58:42.466,65.9900,100
35926271114565,09:58:46.271,65.9800,77
35943362340865,09:59:03.362,65.9800,100
35943362340865,09:59:03.362,65.9700,200
35943362340865,09:59:03.362,65.9700,100
35943573403399,09:59:03.573,65.9700,100
35943693856350,09:59:03.693,65.9700,100
35946746575146,09:59:06.746,65.9500,100
35946751135088,09:59:06.751,65.9500,100
35953742879990,09:59:13.742,65.9650,100
35953742879990,09:59:13.742,65.9500,100
35962832017440,09:59:22.832,65.9800,100
35969655898245,09:59:29.655,65.9600,100
35969655898245,09:59:29.655,65.9600,100
35969706124408,09:59:29.706,65.9600,100
35969706124408,09:59:29.706,65.9600,100
35969781810448,09:59:29.781,65.9500,100
35975065783467,09:59:35.065,65.9300,100
35987802758928,09:59:47.802,65.9500,13
35987803103771,09:59:47.803,65.9500,67
35987803170534,09:59:47.803,65.9500,20
35988075861398,09:59:48.075,65.9500,100
35995924526714,09:59:55.924,65.9500,45
35998388180583,09:59:58.388,65.9500,55
36012395905017,10:00:12.395,65.9500,100
36020776035168,10:00:20.776,65.9600,100
36020776035168,10:00:20.776,65.9600,14
36020776583303,10:00:20.776,65.9600,86
36047131558080,10:00:47.131,65.9900,100
36047131558080,10:00:47.131,65.9800,100
36047131558080,10:00:47.131,65.9800,300
36047131560387,10:00:47.131,65.9800,100
36069587155795,10:01:09.587,65.9700,100
36070222454545,10:01:10.222,65.9650,100
36070222729565,10:01:10.222,65.9600,100
36070222769584,10:01:10.222,65.9600,100
36079392400214,10:01:19.392,65.9200,62
36090844315254,10:01:30.844,65.9300,62
36090859389920,10:01:30.859,65.9200,93
36097034497199,10:01:37.034,65.9350,100
36097034689413,10:01:37.034,65.9300,100
36105771989506,10:01:45.771,65.9200,100
36105792992776,10:01:45.792,65.9100,100
36105793029146,10:01:45.793,65.9100,50
36105795563338,10:01:45.795,65.9100,1
36112273679776,10:01:52.273,65.9000,62
36112273706617,10:01:52.273,65.9100,100
36112273706617,10:01:52.273,65.9000,38
36112275321113,10:01:52.275,65.9000,62
36112288585017,10:01:52.288,65.9000,6
36112288596578,10:01:52.288,65.9000,32
36112373951615,10:01:52.373,65.9000,32
36112373951615,10:01:52.373,65.9000,68
36112374063684,10:01:52.374,65.9000,32
36112374875743,10:01:52.374,65.9000,100
36121230152337,10:02:01.230,65.8950,100
36121230292537,10:02:01.230,65.8900,100
36123014849278,10:02:03.014,65.8800,100
36123023609902,10:02:03.023,65.8800,100
36123025311746,10:02:03.025,65.8800,100
36124714641828,10:02:04.714,65.9000,11
36124714641828,10:02:04.714,65.9000,12
36124715195640,10:02:04.715,65.9000,88
36124715195640,10:02:04.715,65.9000,21
36124722612393,10:02:04.722,65.9000,100
36124723294269,10:02:04.723,65.9000,118
36126763373118,10:02:06.763,65.9000,62
36126764452092,10:02:06.764,65.9000,62
36126764631649,10:02:06.764,65.9000,38
36131960199319,10:02:11.960,65.8800,24
36134212784887,10:02:14.212,65.9000,100
36134214403199,10:02:14.214,65.9100,100
36137250819915,10:02:17.250,65.9000,1
36137250826374,10:02:17.250,65.9000,1
36146767388051,10:02:26.767,65.9100,100
36155834243825,10:02:35.834,65.8850,100
36160570241733,10:02:40.570,65.8800,25
36160570956555,10:02:40.570,65.8700,100
36160570956555,10:02:40.570,65.8700,200
36160571062059,10:02:40.571,65.8700,53
36162739564821,10:02:42.739,65.8600,100
36164020201358,10:02:44.020,65.8650,100
36164020201358,10:02:44.020,65.8600,100
36166647460917,10:02:46.647,65.8500,100
36166647857263,10:02:46.647,65.8500,400
36166647857263,10:02:46.647,65.8500,100
36166687523931,10:02:46.687,65.8200,100
36166687523931,10:02:46.687,65.8200,100
36166696453414,10:02:46.696,65.8100,25
36166698448756,10:02:46.698,65.8100,100
36166698448756,10:02:46.698,65.8100,30
36166698448756,10:02:46.698,65.8100,170
36166699688846,10:02:46.699,65.8100,200
36166743983823,10:02:46.743,65.8100,62
36168883103026,10:02:48.883,65.8100,100
36170441013113,10:02:50.441,65.8100,100
36170976191655,10:02:50.976,65.8200,100
36170976201904,10:02:50.976,65.8200,100
36173543073421,10:02:53.543,65.8200,29
36173806426439,10:02:53.806,65.8200,5
36176962755404,10:02:56.962,65.8200,25
36183674346699,10:03:03.674,65.8200,100
36191448084418,10:03:11.448,65.8000,200
36191451384926,10:03:11.451,65.8000,100
36191451384926,10:03:11.451,65.8000,200
36191451384926,10:03:11.451,65.8000,100
36203365020888,10:03:23.365,65.8300,100
36203365858455,10:03:23.365,65.8300,100
36203372055664,10:03:23.372,65.8300,200
36216013243672,10:03:36.013,65.8500,10
36217176362702,10:03:37.176,65.8300,100
36217176362702,10:03:37.176,65.8300,5
36218888028146,10:03:38.888,65.8250,100
36220720733514,10:03:40.720,65.8200,100
36237810716034,10:03:57.810,65.8200,100
36239292163923,10:03:59.292,65.8300,100
36241154022200,10:04:01.154,65.8300,19
36241154092477,10:04:01.154,65.8300,81
36241154092477,10:04:01.154,65.8300,100
36241154094061,10:04:01.154,65.8300,13
36241154119150,10:04:01.154,65.8300,87
36241211560119,10:04:01.211,65.8400,100
36242842003526,10:04:02.842,65.8500,100
36242845815149,10:04:02.845,65.8500,100
36246352892905,10:04:06.352,65.8700,11
36247382731555,10:04:07.382,65.8800,25
36247382731555,10:04:07.382,65.8800,100
36249122405600,10:04:09.122,65.8900,100
36251577385765,10:04:11.577,65.8800,100
36255142667006,10:04:15.142,65.8700,1
36255142667006,10:04:15.142,65.8700,100
36255142668768,10:04:15.142,65.8700,100
36257353177279,10:04:17.353,65.8600,100
36261668348450,10:04:21.668,65.8700,8
36261668655062,10:04:21.668,65.8700,5
36261670830166,10:04:21.670,65.8700,4
36261671069221,10:04:21.671,65.8700,83
36261811309278,10:04:21.811,65.8700,100
36271370495566,10:04:31.370,65.8600,50
36282153614931,10:04:42.153,65.8600,100
36291198262692,10:04:51.198,65.8500,100
36291198262692,10:04:51.198,65.8500,100
36291198262692,10:04:51.198,65.8500,500
36292139016575,10:04:52.139,65.8500,100
36292195837684,10:04:52.195,65.8600,100
36299476137897,10:04:59.476,65.8700,100
36299476137897,10:04:59.476,65.8700,100
36299476840517,10:04:59.476,65.8800,100
36299476880729,10:04:59.476,65.8800,2
36299477069147,10:04:59.477,65.8800,98
36299477396876,10:04:59.477,65.8850,100
36299477396876,10:04:59.477,65.8800,100
36299589906998,10:04:59.589,65.8800,100
36307741570953,10:05:07.741,65.8900,60
36307741570953,10:05:07.741,65.8900,40
36311932750551,10:05:11.932,65.8700,300
36311932750551,10:05:11.932,65.8700,200
36311964573984,10:05:11.964,65.8700,200
36317336501661,10:05:17.336,65.8700,100
36317336501661,10:05:17.336,65.8700,100
36322531928479,10:05:22.531,65.8750,100
36322532459043,10:05:22.532,65.8700,100
36322591354588,10:05:22.591,65.8700,100
36322676774086,10:05:22.676,65.8800,100
36328357418208,10:05:28.357,65.8900,60
36328357418208,10:05:28.357,65.8900,5
36328359506416,10:05:28.359,65.9000,100
36328360073769,10:05:28.360,65.9000,100
36328420489016,10:05:28.420,65.9000,100
36334372520942,10:05:34.372,65.9000,79
36342457937604,10:05:42.457,65.9000,21
36344884747735,10:05:44.884,65.8900,26
36344909818654,10:05:44.909,65.8900,100
36353442447261,10:05:53.442,65.8950,100
36353442447261,10:05:53.442,65.8900,100
36353442447261,10:05:53.442,65.8900,56
36353446103766,10:05:53.446,65.8900,44
36354943304641,10:05:54.943,65.8900,100
36354981827699,10:05:54.981,65.8900,100
36355074941352,10:05:55.074,65.8900,56
36355125844739,10:05:55.125,65.8900,100
36355877741896,10:05:55.877,65.8900,100
36355917677247,10:05:55.917,65.8900,100
36355957280433,10:05:55.957,65.9000,100
36356034266496,10:05:56.034,65.9000,100
36356127908017,10:05:56.127,65.9100,100
36356208716532,10:05:56.208,65.9100,100
36356538934490,10:05:56.538,65.9200,100
36356538934490,10:05:56.538,65.9200,100
36356538934490,10:05:56.538,65.9200,100
36356572691114,10:05:56.572,65.9200,100
36356651686356,10:05:56.651,65.9300,100
36356651686356,10:05:56.651,65.9300,100
36356691499856,10:05:56.691,65.9300,100
36356691499856,10:05:56.691,65.9300,100
36356789139917,10:05:56.789,65.9300,100
36361422505014,10:06:01.422,65.9300,100
36362017635731,10:06:02.017,65.9300,100
36362074079595,10:06:02.074,65.9400,100
36362754673961,10:06:02.754,65.9400,100
36362794133096,10:06:02.794,65.9500,100
36362930461617,10:06:02.930,65.9500,100
36366939787463,10:06:06.939,65.9300,24
36366940076331,10:06:06.940,65.9300,76
36366940092415,10:06:06.940,65.9300,76
36366951824608,10:06:06.951,65.9200,24
36366952406914,10:06:06.952,65.9200,34
36366952588459,10:06:06.952,65.9200,38
36366955327469,10:06:06.955,65.9200,4
36367059412910,10:06:07.059,65.9200,100
36367321571577,10:06:07.321,65.9300,100
36367848391733,10:06:07.848,65.9400,100
36369237425913,10:06:09.237,65.9300,12
36370634198549,10:06:10.634,65.9300,28
36375366235112,10:06:15.366,65.9300,100
36376590752112,10:06:16.590,65.9500,100
36386161306873,10:06:26.161,65.9300,24
36386162104824,10:06:26.162,65.9300,38
36391421099069,10:06:31.421,65.9600,100
36391421099069,10:06:31.421,65.9600,100
36391421099069,10:06:31.421,65.9600,100
36391421099069,10:06:31.421,65.9600,95
36391421524951,10:06:31.421,65.9500,100
36391421524951,10:06:31.421,65.9500,100
36395704593611,10:06:35.704,65.9450,100
36395704593611,10:06:35.704,65.9400,32
36395704865425,10:06:35.704,65.9400,100
36409102495623,10:06:49.102,65.9200,100
36412039263044,10:06:52.039,65.9400,100
36412039263044,10:06:52.039,65.9400,100
36413089789970,10:06:53.089,65.9400,62
36413090873021,10:06:53.090,65.9300,100
36413092556528,10:06:53.092,65.9300,14
36413092651388,10:06:53.092,65.9300,62
36413092791920,10:06:53.092,65.9300,24
36413093500383,10:06:53.093,65.9300,100
36413096829210,10:06:53.096,65.9100,62
36413197673554,10:06:53.197,65.9300,100
36423373389853,10:07:03.373,65.9500,100
36427914734979,10:07:07.914,65.9500,100
36445752446232,10:07:25.752,65.9400,100
36451624123906,10:07:31.624,65.9500,100
36451624123906,10:07:31.624,65.9500,100
36451685096271,10:07:31.685,65.9500,100
36457767376642,10:07:37.767,65.9600,100
36465033704911,10:07:45.033,65.9600,400
36496134811147,10:08:16.134,65.9500,90
36518890688194,10:08:38.890,65.9400,4
36539242975925,10:08:59.242,65.9300,5
36542789588269,10:09:02.789,65.9200,69
36542789605379,10:09:02.789,65.9300,100
36542794288370,10:09:02.794,65.9100,100
36542848190924,10:09:02.848,65.9100,100
36542894851313,10:09:02.894,65.9100,200
36544133454146,10:09:04.133,65.9200,100
36544133454146,10:09:04.133,65.9200,12
36544133454146,10:09:04.133,65.9200,100
36544164030009,10:09:04.164,65.9300,100
36544164030009,10:09:04.164,65.9300,100
36544164030009,10:09:04.164,65.9300,100
36544164030009,10:09:04.164,65.9300,100
36544164403277,10:09:04.164,65.9300,100
36544184600262,10:09:04.184,65.9300,100
36544195365880,10:09:04.195,65.9400,100
36544195769108,10:09:04.195,65.9400,100
36544197019261,10:09:04.197,65.9400,15
36544219967531,10:09:04.219,65.9500,100
36544219967531,10:09:04.219,65.9500,100
36547878561595,10:09:07.878,65.9400,100
36549169351706,10:09:09.169,65.9300,100
36568113249533,10:09:28.113,65.9250,100
36568113449114,10:09:28.113,65.9200,100
36573482640525,10:09:33.482,65.9000,24
36573482667556,10:09:33.482,65.9000,976
36593399135776,10:09:53.399,65.8950,100
36593399225307,10:09:53.399,65.8900,100
36593399881999,10:09:53.399,65.8900,100
36609577449313,10:10:09.577,65.8900,100
36610719079220,10:10:10.719,65.8900,200
36625126077740,10:10:25.126,65.8900,5
36625126077740,10:10:25.126,65.8900,95
36625170570088,10:10:25.170,65.8900,5
36625170570088,10:10:25.170,65.8900,95
36625480608687,10:10:25.480,65.8900,5
36625480608687,10:10:25.480,65.8900,95
36625554696590,10:10:25.554,65.8900,100
36626216742949,10:10:26.216,65.8900,100
36628158610653,10:10:28.158,65.8800,200
36628238103137,10:10:28.238,65.8700,30
36628879368603,10:10:28.879,65.8900,100
36628879368603,10:10:28.879,65.8900,100
36632251082542,10:10:32.251,65.8800,100
36637719902030,10:10:37.719,65.8900,11
36637719902030,10:10:37.719,65.8900,100
36637719902030,10:10:37.719,65.8900,100
36637720262106,10:10:37.720,65.8900,30
36639411811875,10:10:39.411,65.8900,100
36639411811875,10:10:39.411,65.8900,30
36643502991950,10:10:43.502,65.9000,1
36643502991950,10:10:43.502,65.9000,99
36661660008062,10:11:01.660,65.9000,100
36661660537196,10:11:01.660,65.9000,32
36669947593816,10:11:09.947,65.8900,100
36669950025872,10:11:09.950,65.8900,100
36670053841444,10:11:10.053,65.8900,100
36670100275847,10:11:10.100,65.9000,100
36680947654259,10:11:20.947,65.9100,100
36680947654259,10:11:20.947,65.9100,100
36683128963688,10:11:23.128,65.9200,100
36683128963688,10:11:23.128,65.9200,100
36695209301556,10:11:35.209,65.9100,100
36695217755242,10:11:35.217,65.9100,100
36695217857060,10:11:35.217,65.9100,100
36695217857060,10:11:35.217,65.9100,100
36706372181890,10:11:46.372,65.9300,100
36708688999515,10:11:48.688,65.9400,100
36708691406397,10:11:48.691,65.9500,100
36709326184962,10:11:49.326,65.9600,100
36709326184962,10:11:49.326,65.9600,100
36709326184962,10:11:49.326,65.9600,100
36709326646310,10:11:49.326,65.9600,200
36711640570808,10:11:51.640,65.9600,100
36711640570808,10:11:51.640,65.9600,2
36711852778682,10:11:51.852,65.9500,100
36712298086528,10:11:52.298,65.9400,100
36712546111461,10:11:52.546,65.9500,100
36712560934867,10:11:52.560,65.9400,63
36725900509578,10:12:05.900,65.9400,100
36725900553605,10:12:05.900,65.9300,100
36756105798906,10:12:36.105,65.9450,100
36756105798906,10:12:36.105,65.9400,100
36756105854432,10:12:36.105,65.9400,100
36756105854432,10:12:36.105,65.9400,35
36756105885901,10:12:36.105,65.9400,65
36768341854975,10:12:48.341,65.9300,100
36768341854975,10:12:48.341,65.9300,100
36770700666247,10:12:50.700,65.9400,45
36783116510243,10:13:03.116,65.9300,100
36785441064636,10:13:05.441,65.9300,100
36788066718723,10:13:08.066,65.9250,100
36791584887901,10:13:11.584,65.9300,28
36810753086444,10:13:30.753,65.9250,100
36810753308163,10:13:30.753,65.9200,100
36810754084643,10:13:30.754,65.9200,200
36825226939145,10:13:45.226,65.9100,4
36825226939145,10:13:45.226,65.9200,100
36825226939145,10:13:45.226,65.9200,96
36825227023847,10:13:45.227,65.9200,4
36827438845160,10:13:47.438,65.9200,100
36840208828565,10:14:00.208,65.9100,100
36847275889065,10:14:07.275,65.9000,100
36854138185163,10:14:14.138,65.9100,100
36854138185163,10:14:14.138,65.9100,100
36854138185163,10:14:14.138,65.9100,100
36854138185163,10:14:14.138,65.9100,10
36854138303409,10:14:14.138,65.9100,10
36873965165208,10:14:33.965,65.9200,52
36873965216438,10:14:33.965,65.9200,48
36922531486007,10:15:22.531,65.9200,8
36924174605586,10:15:24.174,65.9300,100
36924174605586,10:15:24.174,65.9300,100
36924174605586,10:15:24.174,65.9300,100
36925176273974,10:15:25.176,65.9350,100
36927836021593,10:15:27.836,65.9400,100
36929356383989,10:15:29.356,65.9400,71
36933990262378,10:15:33.990,65.9350,100
36944672068214,10:15:44.672,65.9400,29
36944672068214,10:15:44.672,65.9400,71
36944672129755,10:15:44.672,65.9400,29
36957323967489,10:15:57.323,65.9400,100
36957335811923,10:15:57.335,65.9300,100
36957640404221,10:15:57.640,65.9300,100
36958279438378,10:15:58.279,65.9250,100
36958707764545,10:15:58.707,65.9250,100
36959029983744,10:15:59.029,65.9300,100
36959029983744,10:15:59.029,65.9300,100
36959487625789,10:15:59.487,65.9400,100
36959487625789,10:15:59.487,65.9400,100
36959759545917,10:15:59.759,65.9300,100
36959769729226,10:15:59.769,65.9300,100
36959769729226,10:15:59.769,65.9300,100
36959769729226,10:15:59.769,65.9300,100
36959769729226,10:15:59.769,65.9300,100
36959828281275,10:15:59.828,65.9400,100
36959957210492,10:15:59.957,65.9400,100
36959957210492,10:15:59.957,65.9400,100
36960399202214,10:16:00.399,65.9500,100
36960898576742,10:16:00.898,65.9500,100
36962626808202,10:16:02.626,65.9600,100
36966527948041,10:16:06.527,65.9500,100
36976827124461,10:16:16.827,65.9500,100
36976828256921,10:16:16.828,65.9500,100
36976828256921,10:16:16.828,65.9500,100
36976828256921,10:16:16.828,65.9500,11
36986586150462,10:16:26.586,65.9700,100
37023011121057,10:17:03.011,65.9800,100
37023013165086,10:17:03.013,66.0000,100
37023013591024,10:17:03.013,66.0100,75
37025029562835,10:17:05.029,66.0100,100
37032815951351,10:17:12.815,66.0000,1
37032815951351,10:17:12.815,66.0000,100
37039262705515,10:17:19.262,66.0100,100
37057850032554,10:17:37.850,66.0000,200
37058256710404,10:17:38.256,66.0000,100
37058292966213,10:17:38.292,66.0100,100
37064820226047,10:17:44.820,65.9900,100
37065120147368,10:17:45.120,65.9900,100
37076512085137,10:17:56.512,65.9600,100
37082585970106,10:18:02.585,65.9500,100
37082585970106,10:18:02.585,65.9500,100
37086678650346,10:18:06.678,65.9400,100
37087648321240,10:18:07.648,65.9200,2
37108627954521,10:18:28.627,65.8700,100
37113046967862,10:18:33.046,65.8900,100
37113239606375,10:18:33.239,65.9000,18
37115578634944,10:18:35.578,65.8900,100
37122108806409,10:18:42.108,65.8900,100
37122108806409,10:18:42.108,65.8900,32
37122108806409,10:18:42.108,65.8900,167
37122110372613,10:18:42.110,65.8900,33
37125595601417,10:18:45.595,65.9000,82
37125595601417,10:18:45.595,65.9000,11
37132555598130,10:18:52.555,65.9100,100
37132572895075,10:18:52.572,65.9200,100
37132572895075,10:18:52.572,65.9200,100
37133285587759,10:18:53.285,65.9200,100
37133285735267,10:18:53.285,65.9200,100
37133285809327,10:18:53.285,65.9200,100
37133358770396,10:18:53.358,65.9200,100
37134361423810,10:18:54.361,65.9200,2
37135395493847,10:18:55.395,65.9200,1
37135893178171,10:18:55.893,65.9200,90
37135893179002,10:18:55.893,65.9200,100
37135893328578,10:18:55.893,65.9200,200
37135893328578,10:18:55.893,65.9200,100
37135893328578,10:18:55.893,65.9200,100
37135893328578,10:18:55.893,65.9200,100
37135894557155,10:18:55.894,65.9200,100
37135894557155,10:18:55.894,65.9200,89
37135894868536,10:18:55.894,65.9200,100
37135895003609,10:18:55.895,65.9200,100
37135895300551,10:18:55.895,65.9200,100
37135895317174,10:18:55.895,65.9200,100
37135895733839,10:18:55.895,65.9200,100
37135895762522,10:18:55.895,65.9200,100
37140851919095,10:19:00.851,65.9200,300
37140852192542,10:19:00.852,65.9200,100
37140853625144,10:19:00.853,65.9100,200
37140853625144,10:19:00.853,65.9100,100
37140954427690,10:19:00.954,65.9000,100
37141051790346,10:19:01.051,65.9000,34
37141051790346,10:19:01.051,65.9000,100
37141051790346,10:19:01.051,65.9000,10
37141051790346,10:19:01.051,65.9000,56
37146019862036,10:19:06.019,65.9000,100
37147329382020,10:19:07.329,65.9000,400
37147329685729,10:19:07.329,65.9000,100
37149318330402,10:19:09.318,65.9000,100
37152024965508,10:19:12.024,65.9000,100
37152024991309,10:19:12.024,65.9000,100
37152025048199,10:19:12.025,65.9000,100
37152025048811,10:19:12.025,65.9000,100
37152025139050,10:19:12.025,65.9000,100
37153992307762,10:19:13.992,65.9000,100
37154000994373,10:19:14.000,65.9100,100
37154000994373,10:19:14.000,65.9100,100
37154029243674,10:19:14.029,65.9200,100
37154029243674,10:19:14.029,65.9200,31
37154029693973,10:19:14.029,65.9200,69
37172315829165,10:19:32.315,65.9300,15
37173683170493,10:19:33.683,65.9300,85
37173683170493,10:19:33.683,65.9300,100
37187266645953,10:19:47.266,65.9500,25
37187266708945,10:19:47.266,65.9500,75
37187266708945,10:19:47.266,65.9500,100
37188372766589,10:19:48.372,65.9500,10
37188383705786,10:19:48.383,65.9600,100
37188383705786,10:19:48.383,65.9600,100
37188384492585,10:19:48.384,65.9600,40
37202986551536,10:20:02.986,65.9700,100
37210401825643,10:20:10.401,65.9600,100
37210402368928,10:20:10.402,65.9600,100
37210403036440,10:20:10.403,65.9600,100
37213161694894,10:20:13.161,65.9600,100
37213161694894,10:20:13.161,65.9600,11
37218097910092,10:20:18.097,65.9900,200
37218098243603,10:20:18.098,65.9900,200
37218098243603,10:20:18.098,65.9900,200
37218098243603,10:20:18.098,65.9900,10
37218098243603,10:20:18.098,65.9900,100
37218098341531,10:20:18.098,65.9900,100
37218366677309,10:20:18.366,65.9900,1
37218440647554,10:20:18.440,65.9900,2
37222789109260,10:20:22.789,65.9900,97
37222802721083,10:20:22.802,66.0000,100
37223293739963,10:20:23.293,65.9900,100
37232753670840,10:20:32.753,65.9800,100
37245395560514,10:20:45.395,65.9600,200
37245713876059,10:20:45.713,65.9500,100
37245993741630,10:20:45.993,65.9600,100
37250900699082,10:20:50.900,65.9500,100
37258739049323,10:20:58.739,65.9500,100
37261212021259,10:21:01.212,65.9400,100
37261212102884,10:21:01.212,65.9400,100
37263259302223,10:21:03.259,65.9500,100
37265443614111,10:21:05.443,65.9500,100
37266170585879,10:21:06.170,65.9500,100
37267674276479,10:21:07.674,65.9400,45
37270459458776,10:21:10.459,65.9400,100
37273116207430,10:21:13.116,65.9400,56
37278045689313,10:21:18.045,65.9200,100
37278907178903,10:21:18.907,65.9100,100
37281984324102,10:21:21.984,65.9200,100
37281984324102,10:21:21.984,65.9200,100
37281985213246,10:21:21.985,65.9200,200
37284835047900,10:21:24.835,65.9200,31
37284835047900,10:21:24.835,65.9200,69
37285445203680,10:21:25.445,65.9200,31
37287873245258,10:21:27.873,65.9300,100
37287873245258,10:21:27.873,65.9300,100
37291437248325,10:21:31.437,65.9500,16
37291437255229,10:21:31.437,65.9500,84
37291437255229,10:21:31.437,65.9500,100
37296615797770,10:21:36.615,65.9600,100
37297171143727,10:21:37.171,65.9600,100
37297181609530,10:21:37.181,65.9500,100
37297185031501,10:21:37.185,65.9400,100
37300098048966,10:21:40.098,65.9400,1
37307443100962,10:21:47.443,65.9400,100
37313421409030,10:21:53.421,65.9600,100
37313423159252,10:21:53.423,65.9600,100
37325868035177,10:22:05.868,65.9900,100
37325868361766,10:22:05.868,65.9900,2519
37325868401370,10:22:05.868,65.9900,866
37325868438343,10:22:05.868,65.9900,62
37325868542834,10:22:05.868,65.9900,100
37327157164482,10:22:07.157,65.9900,100
37330928526399,10:22:10.928,65.9800,1
37333116037116,10:22:13.116,65.9700,100
37333116037116,10:22:13.116,65.9700,100
37333507349349,10:22:13.507,65.9600,100
37338439637630,10:22:18.439,65.9500,100
37338634148222,10:22:18.634,65.9500,100
37338634148222,10:22:18.634,65.9500,100
37340206495184,10:22:20.206,65.9600,43
37340206751395,10:22:20.206,65.9600,57
37340206751395,10:22:20.206,65.9600,100
37343372890028,10:22:23.372,65.9500,100
37343372984491,10:22:23.372,65.9500,100
37343373036020,10:22:23.373,65.9400,100
37343373036020,10:22:23.373,65.9400,100
37343373036020,10:22:23.373,65.9400,31
37343373036020,10:22:23.373,65.9300,99
37371434645845,10:22:51.434,65.9100,100
37371435196867,10:22:51.435,65.9100,10
37373516400765,10:22:53.516,65.9200,100
37373516400765,10:22:53.516,65.9200,100
37373516400765,10:22:53.516,65.9200,100
37373516711504,10:22:53.516,65.9200,100
37373868918864,10:22:53.868,65.9200,100
37404678706257,10:23:24.678,65.9400,100
37446624654910,10:24:06.624,65.9100,1
37446624654910,10:24:06.624,65.9100,98
37446624681275,10:24:06.624,65.9100,2
37446624797185,10:24:06.624,65.9100,100
37446639882257,10:24:06.639,65.9100,100
37446648184324,10:24:06.648,65.9100,100
37446746541479,10:24:06.746,65.9100,8
37447014526493,10:24:07.014,65.9000,100
37447014526493,10:24:07.014,65.9000,35
37484227061809,10:24:44.227,65.8700,200
37485018666037,10:24:45.018,65.8600,100
37485018666037,10:24:45.018,65.8600,100
37494083842184,10:24:54.083,65.8700,10
37494083842184,10:24:54.083,65.8700,60
37494426806541,10:24:54.426,65.8700,4
37494435699944,10:24:54.435,65.8700,2
37494439559650,10:24:54.439,65.8700,4
37494718006522,10:24:54.718,65.8700,2
37501448508377,10:25:01.448,65.8700,100
37501448508377,10:25:01.448,65.8700,100
37502581279455,10:25:02.581,65.8700,100
37505700594101,10:25:05.700,65.8800,100
37505707541973,10:25:05.707,65.8900,49
37509065142922,10:25:09.065,65.8900,51
37509065142922,10:25:09.065,65.8900,49
37509065193193,10:25:09.065,65.8900,51
37510619385828,10:25:10.619,65.8900,30
37514622860096,10:25:14.622,65.9000,100
37514622860096,10:25:14.622,65.9000,100
37514622860096,10:25:14.622,65.9000,100
37524328484756,10:25:24.328,65.9100,100
37539478956019,10:25:39.478,65.9200,100
37539479067149,10:25:39.479,65.9200,100
37548636214371,10:25:48.636,65.9200,80
37548636244315,10:25:48.636,65.9200,20
37548636244315,10:25:48.636,65.9200,100
37548636244315,10:25:48.636,65.9200,100
37548636327414,10:25:48.636,65.9200,100
37548636583696,10:25:48.636,65.9200,100
37548636583696,10:25:48.636,65.9200,100
37557459031345,10:25:57.459,65.9300,100
37557459624931,10:25:57.459,65.9300,27
37558872769724,10:25:58.872,65.9300,118
37560698746965,10:26:00.698,65.9300,100
37585795123812,10:26:25.795,65.9000,100
37591153498752,10:26:31.153,65.8900,100
37594391742876,10:26:34.391,65.8900,39
37604222794615,10:26:44.222,65.8900,61
37604222794615,10:26:44.222,65.8900,100
37604222794615,10:26:44.222,65.8900,9
37604222794615,10:26:44.222,65.8900,30
37604222828131,10:26:44.222,65.8900,70
37604223005734,10:26:44.223,65.8900,100
37610830163253,10:26:50.830,65.8900,100
37610830264826,10:26:50.830,65.8900,100
37620242706910,10:27:00.242,65.9000,100
37620242706910,10:27:00.242,65.9000,100
37620242706910,10:27:00.242,65.9000,62
37620242748923,10:27:00.242,65.9000,38
37623320992869,10:27:03.320,65.8900,200
37623321446683,10:27:03.321,65.8900,100
37633341460832,10:27:13.341,65.8800,158
37633341505364,10:27:13.341,65.8800,262
37633341541388,10:27:13.341,65.8800,80
37633344279660,10:27:13.344,65.8700,100
37636980825648,10:27:16.980,65.8700,100
37636980862518,10:27:16.980,65.8700,100
37643626535468,10:27:23.626,65.8800,100
37645027306942,10:27:25.027,65.8800,100
37645033069933,10:27:25.033,65.8800,100
37649321996869,10:27:29.321,65.8800,100
37649321996869,10:27:29.321,65.8800,100
37653384121932,10:27:33.384,65.8900,100
37654385975747,10:27:34.385,65.8900,100
37654386029696,10:27:34.386,65.8900,35
37654386029696,10:27:34.386,65.8900,65
37696454966003,10:28:16.454,65.8850,100
37696454966003,10:28:16.454,65.8900,100
37696454966003,10:28:16.454,65.8900,9
37696455268179,10:28:16.455,65.8900,91
37696455268179,10:28:16.455,65.8900,9
37724506375647,10:28:44.506,65.8900,1
37724506375647,10:28:44.506,65.8900,95
37726794512528,10:28:46.794,65.8900,5
37727055617978,10:28:47.055,65.8900,51
37735610211827,10:28:55.610,65.8900,100
37735610211827,10:28:55.610,65.8900,100
37736448226063,10:28:56.448,65.9000,100
37737634458059,10:28:57.634,65.9100,100
37737852891913,10:28:57.852,65.9200,100
37737866492269,10:28:57.866,65.9200,100
37738636091541,10:28:58.636,65.9100,100
37784212267542,10:29:44.212,65.9200,100
37784212267542,10:29:44.212,65.9200,1
37790051753709,10:29:50.051,65.9100,100
37790051753709,10:29:50.051,65.9100,100
37790051753709,10:29:50.051,65.9100,100
37800205369005,10:30:00.205,65.9050,100
37800206592978,10:30:00.206,65.9100,100
37801246072481,10:30:01.246,65.9100,65
37802793314872,10:30:02.793,65.9200,100
37807140766985,10:30:07.140,65.9000,100
37810776809763,10:30:10.776,65.8900,40
37810776809763,10:30:10.776,65.8900,60
37812452508685,10:30:12.452,65.8900,100
37814224291717,10:30:14.224,65.8900,100
37814224797977,10:30:14.224,65.8900,100
37814224797977,10:30:14.224,65.8900,100
37820878798094,10:30:20.878,65.9000,8
37820878798094,10:30:20.878,65.9000,200
37847333230616,10:30:47.333,65.8900,100
37855034728152,10:30:55.034,65.8800,87
37855034766836,10:30:55.034,65.8800,13
37855034766836,10:30:55.034,65.8800,100
37855034766836,10:30:55.034,65.8800,100
37867636185586,10:31:07.636,65.8600,100
37867711818713,10:31:07.711,65.8600,88
37869793775628,10:31:09.793,65.8500,400
37869793811942,10:31:09.793,65.8500,100
37887395254584,10:31:27.395,65.8450,100
37911212526380,10:31:51.212,65.8400,100
37911212526380,10:31:51.212,65.8400,100
37911212526380,10:31:51.212,65.8400,34
37911212526380,10:31:51.212,65.8400,100
37911212526380,10:31:51.212,65.8400,66
37911212563245,10:31:51.212,65.8400,32
37911212568827,10:31:51.212,65.8400,2
37911238722040,10:31:51.238,65.8400,34
37919709148270,10:31:59.709,65.8450,100
37919736181060,10:31:59.736,65.8500,100
37932601123212,10:32:12.601,65.8500,100
37932601123212,10:32:12.601,65.8500,100
37932601123212,10:32:12.601,65.8500,8
37932601124152,10:32:12.601,65.8500,200
37932618555352,10:32:12.618,65.8600,100
37932618555352,10:32:12.618,65.8600,100
37932618555352,10:32:12.618,65.8600,100
37933407807939,10:32:13.407,65.8700,5
37933407807939,10:32:13.407,65.8700,100
37933602881371,10:32:13.602,65.8800,100
37938910638763,10:32:18.910,65.8800,72
37940101905279,10:32:20.101,65.8800,1
37940446216912,10:32:20.446,65.8800,99
37945115286524,10:32:25.115,65.8900,100
37945151937557,10:32:25.151,65.9000,100
37949247551445,10:32:29.247,65.8900,1
37967365518763,10:32:47.365,65.8800,100
37967365518763,10:32:47.365,65.8800,100
37968442288565,10:32:48.442,65.8900,100
37979658964991,10:32:59.658,65.8700,62
37979659204983,10:32:59.659,65.8700,38
37979659204983,10:32:59.659,65.8700,24
37991056268662,10:33:11.056,65.8700,30
37994176504566,10:33:14.176,65.8800,100
38006153572479,10:33:26.153,65.8900,100
38006153572479,10:33:26.153,65.8900,100
38006234469191,10:33:26.234,65.9000,100
38031310914022,10:33:51.310,65.8900,100
38050029438705,10:34:10.029,65.8900,100
38050029438705,10:34:10.029,65.8900,100
38056268040346,10:34:16.268,65.8700,100
38056276669892,10:34:16.276,65.8700,100
38056962389917,10:34:16.962,65.8700,100
38058326194288,10:34:18.326,65.8800,8
38059921616251,10:34:19.921,65.8800,100
38059921878876,10:34:19.921,65.8800,34
38086835647146,10:34:46.835,65.8500,100
38104092963109,10:35:04.092,65.8500,100
38104092963109,10:35:04.092,65.8500,100
38104092963109,10:35:04.092,65.8500,100
38114648027674,10:35:14.648,65.8500,100
38121056047555,10:35:21.056,65.8400,100
38121056047555,10:35:21.056,65.8400,12
38121961214962,10:35:21.961,65.8400,100
38121961214962,10:35:21.961,65.8400,100
38121961214962,10:35:21.961,65.8400,100
38142966655287,10:35:42.966,65.8200,9
38143918646059,10:35:43.918,65.8200,24
38153839555793,10:35:53.839,65.8300,100
38153839555793,10:35:53.839,65.8300,5
38153839610213,10:35:53.839,65.8300,95
38153839610213,10:35:53.839,65.8300,200
38153840093835,10:35:53.840,65.8400,74
38154296096499,10:35:54.296,65.8300,100
38154296096499,10:35:54.296,65.8300,33
38159950281049,10:35:59.950,65.8200,33
38174850134646,10:36:14.850,65.8300,1
38186162497545,10:36:26.162,65.8300,100
38188054103796,10:36:28.054,65.8300,80
38188054261169,10:36:28.054,65.8300,100
38188054352454,10:36:28.054,65.8300,19
38188054352454,10:36:28.054,65.8300,100
38188054352454,10:36:28.054,65.8300,8
38190048548349,10:36:30.048,65.8400,26
38190048548349,10:36:30.048,65.8400,74
38206498610737,10:36:46.498,65.8400,26
38211039581197,10:36:51.039,65.8400,100
38231608475416,10:37:11.608,65.8200,100
38231618257955,10:37:11.618,65.8200,100
38238141711411,10:37:18.141,65.8000,100
38238141761786,10:37:18.141,65.8000,161
38238141782500,10:37:18.141,65.8000,39
38238141782500,10:37:18.141,65.8000,100
38238141782500,10:37:18.141,65.8000,100
38238144959781,10:37:18.144,65.7900,100
38238672161253,10:37:18.672,65.7900,38
38239488103657,10:37:19.488,65.8000,100
38239488103657,10:37:19.488,65.8000,100
38240957598681,10:37:20.957,65.8100,50
38250327057807,10:37:30.327,65.8000,100
38252981527983,10:37:32.981,65.7900,100
38255060118689,10:37:35.060,65.7800,32
38256511231011,10:37:36.511,65.7800,100
38256543847929,10:37:36.543,65.7800,100
38256543847929,10:37:36.543,65.7800,100
38256543847929,10:37:36.543,65.7800,100
38258900607005,10:37:38.900,65.7900,100
38259092457197,10:37:39.092,65.7900,100
38277924290549,10:37:57.924,65.7850,100
38277924290549,10:37:57.924,65.7900,100
38277924290549,10:37:57.924,65.7900,100
38277940845769,10:37:57.940,65.7900,100
38277942070844,10:37:57.942,65.7900,100
38286100151108,10:38:06.100,65.7850,300
38286102861124,10:38:06.102,65.7800,100
38296580639654,10:38:16.580,65.7900,200
38296580639654,10:38:16.580,65.7900,7
38303261330699,10:38:23.261,65.7900,100
38303261330699,10:38:23.261,65.7900,74
38303261360366,10:38:23.261,65.7900,26
38303261360366,10:38:23.261,65.7900,100
38304262968291,10:38:24.262,65.8000,100
38318161396903,10:38:38.161,65.8000,100
38324795726145,10:38:44.795,65.8100,1
38343794767711,10:39:03.794,65.8200,84
38343794819609,10:39:03.794,65.8200,16
38343794819609,10:39:03.794,65.8200,100
38347580195419,10:39:07.580,65.8300,14
38347580195419,10:39:07.580,65.8300,86
38347580223499,10:39:07.580,65.8300,14
38347631339052,10:39:07.631,65.8400,100
38347631339052,10:39:07.631,65.8400,5
38347631339052,10:39:07.631,65.8400,95
38347631366979,10:39:07.631,65.8400,5
38348165379303,10:39:08.165,65.8500,100
38348165379303,10:39:08.165,65.8500,100
38356276404256,10:39:16.276,65.8650,100
38356276709762,10:39:16.276,65.8700,100
38375262852965,10:39:35.262,65.8900,100
38375277043850,10:39:35.277,65.8900,100
38375277360108,10:39:35.277,65.8900,200
38375277360108,10:39:35.277,65.8900,100
38375286258096,10:39:35.286,65.8900,1
38378368064115,10:39:38.368,65.8900,4
38385339591073,10:39:45.339,65.8900,100
38386652073484,10:39:46.652,65.8900,95
38386652073484,10:39:46.652,65.8900,200
38387378858359,10:39:47.378,65.9000,100
38387378886921,10:39:47.378,65.9000,13
38388499154476,10:39:48.499,65.9100,100
38406643813394,10:40:06.643,65.9500,9
38407496271201,10:40:07.496,65.9500,100
38407496271201,10:40:07.496,65.9500,100
38411716470245,10:40:11.716,65.9500,100
38411717745353,10:40:11.717,65.9600,100
38411717745353,10:40:11.717,65.9600,100
38411728732881,10:40:11.728,65.9650,27
38411728732881,10:40:11.728,65.9650,73
38411728732881,10:40:11.728,65.9600,100
38411728760191,10:40:11.728,65.9600,100
38412294085513,10:40:12.294,65.9600,100
38412600473013,10:40:12.600,65.9600,1
38413189887641,10:40:13.189,65.9600,1
38413334529463,10:40:13.334,65.9600,98
38413340830152,10:40:13.340,65.9700,100
38413340830152,10:40:13.340,65.9700,300
38413340860228,10:40:13.340,65.9700,200
38413340860228,10:40:13.340,65.9700,100
38413341630680,10:40:13.341,65.9800,100
38413341630680,10:40:13.341,65.9800,100
38413341630680,10:40:13.341,65.9800,100
38413341630680,10:40:13.341,65.9800,100
38413384144230,10:40:13.384,65.9850,100
38416214913530,10:40:16.214,65.9850,100
38416215589892,10:40:16.215,65.9800,100
38416216189513,10:40:16.216,65.9800,100
38416217326942,10:40:16.217,65.9800,100
38417152374343,10:40:17.152,65.9900,100
38419452007520,10:40:19.452,66.0000,100
38419452007520,10:40:19.452,66.0000,100
38423297536364,10:40:23.297,66.0200,100
38423306413300,10:40:23.306,66.0300,100
38423401443864,10:40:23.401,66.0300,100
38425773239682,10:40:25.773,66.0400,100
38425773305971,10:40:25.773,66.0400,100
38433259020270,10:40:33.259,66.0400,100
38433259020270,10:40:33.259,66.0400,53
38433259020270,10:40:33.259,66.0400,47
38434222216271,10:40:34.222,66.0400,45
38438612174315,10:40:38.612,66.0300,32
38448415565717,10:40:48.415,66.0200,100
38448415565717,10:40:48.415,66.0200,100
38448415913165,10:40:48.415,66.0200,100
38448417015644,10:40:48.417,66.0200,200
38448417015644,10:40:48.417,66.0200,200
38449023972226,10:40:49.023,66.0100,100
38453262339885,10:40:53.262,66.0100,100
38454299358639,10:40:54.299,66.0000,100
38454301893516,10:40:54.301,66.0000,100
38454301893516,10:40:54.301,66.0000,100
38454301893516,10:40:54.301,66.0000,100
38454301893516,10:40:54.301,66.0000,100
38454763019876,10:40:54.763,65.9800,100
38465538038099,10:41:05.538,65.9900,100
38473424294313,10:41:13.424,65.9900,90
38483035798404,10:41:23.035,65.9900,10
38483035798404,10:41:23.035,65.9900,90
38483035833713,10:41:23.035,65.9900,10
38490100779697,10:41:30.100,66.0000,100
38490100779697,10:41:30.100,66.0000,100
38492024028169,10:41:32.024,65.9800,100
38492024028169,10:41:32.024,65.9800,100
38494167099901,10:41:34.167,65.9800,100
38547491230153,10:42:27.491,65.9700,1
38547491230153,10:42:27.491,65.9700,100
38547491646826,10:42:27.491,65.9600,100
38547492055486,10:42:27.492,65.9600,100
38547497929894,10:42:27.497,65.9500,100
38547497966375,10:42:27.497,65.9500,100
38550820362701,10:42:30.820,65.9500,5
38550820406515,10:42:30.820,65.9500,95
38551048132982,10:42:31.048,65.9600,100
38566522707838,10:42:46.522,65.9700,100
38570765502167,10:42:50.765,65.9650,100
38570893653664,10:42:50.893,65.9600,60
38570893763597,10:42:50.893,65.9600,30
38570893883879,10:42:50.893,65.9600,10
38570893883879,10:42:50.893,65.9600,1
38570894416996,10:42:50.894,65.9600,100
38583073131806,10:43:03.073,65.9600,100
38583073131806,10:43:03.073,65.9600,100
38584075075727,10:43:04.075,65.9600,100
38584075075727,10:43:04.075,65.9600,100
38590945354629,10:43:10.945,65.9600,100
38594024990324,10:43:14.024,65.9650,100
38597074415675,10:43:17.074,65.9700,100
38597074415675,10:43:17.074,65.9700,9
38598076031152,10:43:18.076,65.9700,100
38611837674823,10:43:31.837,65.9800,100
38611837674823,10:43:31.837,65.9800,100
38611838739346,10:43:31.838,65.9800,100
38612118012419,10:43:32.118,65.9800,100
38613814582094,10:43:33.814,65.9800,100
38637469476236,10:43:57.469,65.9800,100
38637549139989,10:43:57.549,65.9800,65
38638374772010,10:43:58.374,65.9800,100
38638375480073,10:43:58.375,65.9800,100
38655255177801,10:44:15.255,65.9850,100
38657472190964,10:44:17.472,65.9900,100
38657472190964,10:44:17.472,65.9900,9
38657472190964,10:44:17.472,65.9900,100
38657803488699,10:44:17.803,65.9950,100
38658715883768,10:44:18.715,65.9950,100
38659027318728,10:44:19.027,65.9950,100
38662374667922,10:44:22.374,66.0000,100
38662374864418,10:44:22.374,66.0000,100
38662374864418,10:44:22.374,66.0000,100
38662374864418,10:44:22.374,66.0000,100
38662374864418,10:44:22.374,66.0000,100
38662374864418,10:44:22.374,66.0000,100
38663066849925,10:44:23.066,66.0000,100
38674655604053,10:44:34.655,66.0000,1
38682295532327,10:44:42.295,66.0000,99
38682295532327,10:44:42.295,66.0000,100
38682435168163,10:44:42.435,66.0050,100
38685314963348,10:44:45.314,66.0050,100
38691377013763,10:44:51.377,66.0000,100
38691377039961,10:44:51.377,66.0000,33
38691377272579,10:44:51.377,66.0000,67
38696339125207,10:44:56.339,66.0100,100
38696339187317,10:44:56.339,66.0100,100
38696799515480,10:44:56.799,66.0250,100
38702945110373,10:45:02.945,66.0200,100
38702945233326,10:45:02.945,66.0200,100
38708797007777,10:45:08.797,66.0100,100
38713474817186,10:45:13.474,66.0000,100
38713474817186,10:45:13.474,66.0000,10
38715916498601,10:45:15.916,65.9900,5
38716239645192,10:45:16.239,65.9900,8
38717401315809,10:45:17.401,65.9900,100
38718795203621,10:45:18.795,65.9900,10
38725522874814,10:45:25.522,66.0000,100
38725522874814,10:45:25.522,66.0000,4
38730526828507,10:45:30.526,65.9950,100
38741757186743,10:45:41.757,65.9950,100
38742547045912,10:45:42.547,66.0000,19
38748269654419,10:45:48.269,65.9800,100
38748344708262,10:45:48.344,65.9800,100
38755817932658,10:45:55.817,65.9800,100
38755832978452,10:45:55.832,65.9900,100
38755846546974,10:45:55.846,66.0000,81
38755846546974,10:45:55.846,66.0000,8
38755846546974,10:45:55.846,66.0000,100
38755919229443,10:45:55.919,66.0050,100
38756396147837,10:45:56.396,65.9800,5
38759234140970,10:45:59.234,65.9900,100
38768751135328,10:46:08.751,66.0000,100
38768751135328,10:46:08.751,66.0000,200
38768751135328,10:46:08.751,66.0000,9
38768751135328,10:46:08.751,66.0000,100
38768761214050,10:46:08.761,66.0000,100
38768765132524,10:46:08.765,66.0100,100
38768765132524,10:46:08.765,66.0100,1000
38768765132524,10:46:08.765,66.0100,100
38768765882745,10:46:08.765,66.0000,28
38768765882745,10:46:08.765,66.0000,100
38768808350254,10:46:08.808,66.0100,300
38768841613248,10:46:08.841,66.0200,100
38768841613248,10:46:08.841,66.0200,100
38768841613248,10:46:08.841,66.0200,100
38768847709050,10:46:08.847,66.0200,28
38768857193165,10:46:08.857,66.0200,100
38768857193165,10:46:08.857,66.0200,100
38768889994551,10:46:08.889,66.0300,100
38768889994551,10:46:08.889,66.0300,100
38768889994551,10:46:08.889,66.0300,100
38768889994551,10:46:08.889,66.0300,100
38768889994551,10:46:08.889,66.0300,100
38768906861078,10:46:08.906,66.0300,300
38768906861078,10:46:08.906,66.0300,300
38768906861078,10:46:08.906,66.0300,100
38768906861078,10:46:08.906,66.0300,100
38768906861078,10:46:08.906,66.0300,100
38768921058054,10:46:08.921,66.0300,100
38768921058054,10:46:08.921,66.0300,200
38768931403076,10:46:08.931,66.0300,200
38768960203948,10:46:08.960,66.0400,100
38768960203948,10:46:08.960,66.0400,30
38768960203948,10:46:08.960,66.0400,100
38768960203948,10:46:08.960,66.0400,70
38768960858946,10:46:08.960,66.0400,30
38768987363827,10:46:08.987,66.0500,100
38768999244793,10:46:08.999,66.0500,100
38769010271853,10:46:09.010,66.0500,100
38769141110134,10:46:09.141,66.0400,100
38769141110134,10:46:09.141,66.0400,100
38769630569584,10:46:09.630,66.0200,100
38770118677651,10:46:10.118,66.0300,200
38770119049066,10:46:10.119,66.0200,200
38770119049066,10:46:10.119,66.0200,100
38770119049066,10:46:10.119,66.0200,100
38770119049066,10:46:10.119,66.0200,100
38770119049066,10:46:10.119,66.0200,100
38770119049066,10:46:10.119,66.0200,100
38770119619638,10:46:10.119,66.0200,100
38770125627045,10:46:10.125,66.0200,77
38773420198323,10:46:13.420,66.0200,23
38773420198323,10:46:13.420,66.0200,110
38773420198323,10:46:13.420,66.0200,67
38774915106031,10:46:14.915,66.0200,33
38774915106031,10:46:14.915,66.0200,100
38774915106031,10:46:14.915,66.0200,200
38775198924265,10:46:15.198,66.0300,80
38785755564813,10:46:25.755,66.0300,20
38794271371771,10:46:34.271,66.0200,100
38802911979188,10:46:42.911,66.0200,100
38808839588050,10:46:48.839,66.0100,100
38808969093124,10:46:48.969,66.0100,100
38808969093124,10:46:48.969,66.0100,100
38808969093124,10:46:48.969,66.0100,100
38808969093124,10:46:48.969,66.0100,100
38808999319853,10:46:48.999,66.0150,100
38808999505439,10:46:48.999,66.0100,100
38809087794148,10:46:49.087,66.0100,100
38816091172480,10:46:56.091,66.0200,100
38819156652371,10:46:59.156,66.0250,100
38819156662350,10:46:59.156,66.0200,100
38819897950054,10:46:59.897,66.0200,100
38820019446830,10:47:00.019,66.0200,100
38838979553417,10:47:18.979,66.0250,100
38872759701264,10:47:52.759,66.0100,100
38872760147805,10:47:52.760,66.0100,73
38872760190844,10:47:52.760,66.0100,27
38873741928970,10:47:53.741,66.0100,100
38903574419878,10:48:23.574,66.0000,31
38922384373805,10:48:42.384,66.0000,7
38924239482689,10:48:44.239,66.0000,62
38924239482689,10:48:44.239,66.0000,38
38924568983951,10:48:44.568,66.0000,962
38924568983951,10:48:44.568,66.0000,100
38936778769496,10:48:56.778,65.9950,100
38965724729730,10:49:25.724,65.9900,100
38965724748764,10:49:25.724,65.9800,50
38965725250729,10:49:25.725,65.9800,1
38965725254229,10:49:25.725,65.9800,99
38965725254229,10:49:25.725,65.9800,2
38965725254229,10:49:25.725,65.9800,8
38966427887122,10:49:26.427,65.9850,100
38966727399678,10:49:26.727,65.9900,200
38966727399678,10:49:26.727,65.9900,100
38966727399678,10:49:26.727,65.9900,1
38969596611268,10:49:29.596,65.9900,100
38970362254681,10:49:30.362,65.9950,10
38973173058461,10:49:33.173,65.9950,90
38976900138230,10:49:36.900,65.9900,100
38978533372939,10:49:38.533,65.9950,100
39000209209506,10:50:00.209,65.9900,100
39000218694539,10:50:00.218,65.9800,100
39008664546407,10:50:08.664,65.9800,100
39008664546407,10:50:08.664,65.9800,100
39008664546407,10:50:08.664,65.9800,100
39008664546407,10:50:08.664,65.9800,100
39008664546407,10:50:08.664,65.9800,9
39008664596320,10:50:08.664,65.9900,5
39008664840437,10:50:08.664,65.9900,95
39008665357014,10:50:08.665,65.9900,100
39008665438122,10:50:08.665,65.9900,100
39008665438122,10:50:08.665,65.9900,100
39017766234097,10:50:17.766,66.0000,100
39017766234097,10:50:17.766,66.0000,100
39017766556700,10:50:17.766,66.0000,100
39018768163657,10:50:18.768,66.0050,100
39018768163657,10:50:18.768,66.0000,100
39026154824182,10:50:26.154,66.0100,100
39036265080002,10:50:36.265,66.0400,1
39037814213080,10:50:37.814,66.0350,100
39046993124719,10:50:46.993,66.0350,100
39057177060048,10:50:57.177,66.0350,100
39059334600394,10:50:59.334,66.0300,100
39068501971148,10:51:08.501,66.0200,100
39081269722487,10:51:21.269,66.0250,100
39090032447870,10:51:30.032,66.0000,30
39090032756769,10:51:30.032,66.0000,370
39098022889513,10:51:38.022,65.9900,14
39103488212186,10:51:43.488,66.0000,100
39103488212186,10:51:43.488,66.0000,100
39103490484500,10:51:43.490,66.0100,100
39103490484500,10:51:43.490,66.0100,100
39115850147228,10:51:55.850,66.0150,100
39121008224167,10:52:01.008,66.0200,1
39122080477530,10:52:02.080,66.0200,99
39122080477530,10:52:02.080,66.0200,200
39122080477530,10:52:02.080,66.0200,1
39122589145045,10:52:02.589,66.0300,1
39122598832175,10:52:02.598,66.0300,1
39123033539948,10:52:03.033,66.0300,60
39123571432414,10:52:03.571,66.0200,100
39129539049746,10:52:09.539,66.0200,100
39131794691649,10:52:11.794,66.0150,100
39138975521000,10:52:18.975,66.0300,38
39138975521000,10:52:18.975,66.0300,12
39140068000361,10:52:20.068,66.0200,4
39140068029945,10:52:20.068,66.0200,1
39140068191729,10:52:20.068,66.0200,95
39152942148566,10:52:32.942,66.0150,100
39162989906312,10:52:42.989,66.0100,100
39162989906312,10:52:42.989,66.0100,100
39163437121668,10:52:43.437,66.0000,18
39169568244346,10:52:49.568,65.9950,100
39172934087181,10:52:52.934,66.0000,1
39172934403567,10:52:52.934,66.0000,99
39172934403567,10:52:52.934,66.0000,10
39172934403567,10:52:52.934,66.0000,100
39179789893409,10:52:59.789,65.9950,100
39179789893409,10:52:59.789,65.9900,100
39190237021770,10:53:10.237,65.9650,100
39191199621183,10:53:11.199,65.9600,80
39191199621183,10:53:11.199,65.9600,154
39191199660121,10:53:11.199,65.9600,246
39198899515677,10:53:18.899,65.9500,10
39198900086132,10:53:18.900,65.9500,100
39198900086132,10:53:18.900,65.9500,100
39198900086132,10:53:18.900,65.9500,100
39198900086132,10:53:18.900,65.9500,100
39198904174729,10:53:18.904,65.9500,100
39199283752416,10:53:19.283,65.9500,100
39199283752416,10:53:19.283,65.9500,100
39204082869331,10:53:24.082,65.9500,100
39216356716569,10:53:36.356,65.9400,100
39220070881542,10:53:40.070,65.9250,100
39223244423378,10:53:43.244,65.9150,100
39223487319121,10:53:43.487,65.9100,100
39223487319121,10:53:43.487,65.9100,100
39256772633377,10:54:16.772,65.9200,100
39256772633377,10:54:16.772,65.9200,100
39256772633377,10:54:16.772,65.9200,53
39256772644548,10:54:16.772,65.9200,47
39256772644548,10:54:16.772,65.9200,100
39256772644548,10:54:16.772,65.9200,9
39257089382714,10:54:17.089,65.9200,100
39257090606424,10:54:17.090,65.9200,100
39278252385031,10:54:38.252,65.9250,100
39285073603763,10:54:45.073,65.9200,100
39295711650738,10:54:55.711,65.9300,100
39295711650738,10:54:55.711,65.9300,100
39295711682465,10:54:55.711,65.9300,100
39295711682465,10:54:55.711,65.9300,100
39299603249451,10:54:59.603,65.9400,100
39306858733216,10:55:06.858,65.9500,100
39310713673116,10:55:10.713,65.9600,100
39335927611782,10:55:35.927,65.9600,100
39343130698006,10:55:43.130,65.9600,1
39343130698006,10:55:43.130,65.9600,100
39343130698006,10:55:43.130,65.9600,100
39346238139767,10:55:46.238,65.9700,5
39353191495925,10:55:53.191,65.9700,95
39353191495925,10:55:53.191,65.9700,100
39353194749060,10:55:53.194,65.9800,100
39353194749060,10:55:53.194,65.9800,100
39353194749060,10:55:53.194,65.9800,100
39353194749060,10:55:53.194,65.9800,100
39353197964093,10:55:53.197,65.9900,100
39353197964093,10:55:53.197,65.9900,200
39353197964093,10:55:53.197,65.9900,100
39353197964093,10:55:53.197,65.9900,5
39353197964093,10:55:53.197,65.9900,100
39353197964093,10:55:53.197,65.9900,100
39353201079129,10:55:53.201,66.0000,100
39353201079129,10:55:53.201,66.0000,30
39353201079129,10:55:53.201,66.0000,100
39353201079129,10:55:53.201,66.0000,500
39353201079129,10:55:53.201,66.0000,100
39353203923968,10:55:53.203,66.0100,100
39353203923968,10:55:53.203,66.0100,100
39353203923968,10:55:53.203,66.0100,100
39353203923968,10:55:53.203,66.0100,34
39353203923968,10:55:53.203,66.0100,100
39353203923968,10:55:53.203,66.0100,100
39353204186098,10:55:53.204,66.0050,100
39353205306478,10:55:53.205,66.0000,100
39353205340249,10:55:53.205,66.0000,20
39353207620945,10:55:53.207,66.0000,80
39353207620945,10:55:53.207,66.0000,20
39353207620945,10:55:53.207,66.0000,100
39353209811248,10:55:53.209,66.0100,100
39353211760392,10:55:53.211,66.0200,100
39353211760392,10:55:53.211,66.0200,30
39353211760392,10:55:53.211,66.0200,100
39353211760392,10:55:53.211,66.0200,300
39353211760392,10:55:53.211,66.0200,100
39353211760392,10:55:53.211,66.0200,100
39353211760392,10:55:53.211,66.0200,100
39353211760392,10:55:53.211,66.0200,100
39353211760392,10:55:53.211,66.0200,100
39353221042474,10:55:53.221,66.0300,100
39353221042474,10:55:53.221,66.0300,51
39353221042474,10:55:53.221,66.0300,20
39353753854336,10:55:53.753,66.0100,100
39353753944643,10:55:53.753,66.0100,100
39353754750662,10:55:53.754,66.0000,100
39353754750662,10:55:53.754,66.0000,100
39353754750662,10:55:53.754,66.0000,100
39353754750662,10:55:53.754,66.0000,100
39371167747745,10:56:11.167,65.9950,100
39371167747745,10:56:11.167,65.9900,200
39371168359658,10:56:11.168,65.9900,100
39371168838930,10:56:11.168,65.9900,100
39374085631295,10:56:14.085,66.0000,100
39374085631295,10:56:14.085,66.0000,9
39375517485725,10:56:15.517,66.0100,100
39397796208939,10:56:37.796,66.0200,100
39423763098396,10:57:03.763,66.0100,100
39423763098396,10:57:03.763,66.0100,100
39423763098396,10:57:03.763,66.0100,100
39424043919677,10:57:04.043,66.0300,100
39426778971280,10:57:06.778,66.0300,1
39426778971280,10:57:06.778,66.0300,100
39427793993156,10:57:07.793,66.0300,100
39430275779029,10:57:10.275,66.0250,100
39430275779029,10:57:10.275,66.0200,200
39430275779029,10:57:10.275,66.0200,48
39430275808296,10:57:10.275,66.0200,100
39450044455350,10:57:30.044,66.0200,100
39451283695847,10:57:31.283,66.0250,100
39468680015293,10:57:48.680,66.0000,100
39468680015293,10:57:48.680,66.0000,28
39468680042068,10:57:48.680,66.0000,34
39468680049962,10:57:48.680,66.0000,38
39476575108494,10:57:56.575,66.0000,100
39486890638317,10:58:06.890,66.0100,185
39486890712333,10:58:06.890,66.0100,15
39486890712333,10:58:06.890,66.0100,9
39488757926442,10:58:08.757,66.0200,10
39488803918125,10:58:08.803,66.0200,90
39488803918125,10:58:08.803,66.0200,85
39488803946727,10:58:08.803,66.0200,115
39488803946727,10:58:08.803,66.0200,100
39493690465804,10:58:13.690,66.0250,100
39497388735183,10:58:17.388,66.0200,35
39518867818693,10:58:38.867,66.0300,100
39518960690132,10:58:38.960,66.0150,100
39531122467323,10:58:51.122,66.0150,100
39531260191737,10:58:51.260,66.0150,100
39533803414171,10:58:53.803,66.0100,100
39533803414171,10:58:53.803,66.0100,100
39533805727597,10:58:53.805,66.0000,100
39533805727597,10:58:53.805,66.0000,100
39533805727597,10:58:53.805,66.0000,100
39533805727597,10:58:53.805,66.0000,3
39533805727597,10:58:53.805,66.0000,100
39533805727597,10:58:53.805,66.0000,100
39533805727597,10:58:53.805,66.0000,100
39533810313528,10:58:53.810,66.0000,100
39533810313528,10:58:53.810,66.0000,100
39533810313528,10:58:53.810,66.0000,200
39533810386469,10:58:53.810,66.0000,300
39533810386469,10:58:53.810,66.0000,200
39533810500416,10:58:53.810,66.0000,100
39533810500416,10:58:53.810,66.0000,100
39533810500416,10:58:53.810,66.0000,100
39534193143839,10:58:54.193,65.9900,100
39535992716921,10:58:55.992,65.9900,31
39540006855254,10:59:00.006,65.9900,11
39540658017059,10:59:00.658,65.9900,100
39540658017059,10:59:00.658,65.9900,100
39540659247951,10:59:00.659,65.9900,100
39541366151708,10:59:01.366,65.9900,120
39541366151708,10:59:01.366,65.9900,100
39541474035298,10:59:01.474,65.9900,100
39552985971280,10:59:12.985,65.9950,100
39552985971280,10:59:12.985,65.9900,100
39581891676618,10:59:41.891,65.9900,100
39584229456350,10:59:44.229,65.9900,100
39584229563858,10:59:44.229,65.9900,1
39593259044213,10:59:53.259,65.9950,100
39595026130933,10:59:55.026,65.9900,200
39595026161494,10:59:55.026,65.9900,100
39601232631990,11:00:01.232,65.9900,91
39601232645686,11:00:01.232,65.9900,9
39601232645686,11:00:01.232,65.9900,91
39601232720697,11:00:01.232,65.9900,9
39604565294943,11:00:04.565,66.0000,100
39604565294943,11:00:04.565,66.0000,9
39604565615693,11:00:04.565,66.0000,100
39604583619171,11:00:04.583,66.0100,100
39604592624710,11:00:04.592,66.0000,200
39604592624710,11:00:04.592,66.0000,100
39604592624710,11:00:04.592,66.0000,100
39604592624710,11:00:04.592,66.0000,100
39604595023395,11:00:04.595,66.0000,100
39604677573700,11:00:04.677,66.0050,100
39612201600877,11:00:12.201,66.0000,1
39623734214173,11:00:23.734,65.9950,100
39623734214173,11:00:23.734,65.9900,59
39623734214173,11:00:23.734,65.9900,41
39623882754472,11:00:23.882,65.9950,100
39624410487966,11:00:24.410,65.9900,59
39624410487966,11:00:24.410,65.9900,100
39625437523355,11:00:25.437,65.9900,14
39625437523355,11:00:25.437,65.9900,100
39625437523355,11:00:25.437,65.9900,100
39626736780867,11:00:26.736,65.9900,100
39627262702563,11:00:27.262,65.9900,86
39628262543842,11:00:28.262,65.9900,100
39645651189976,11:00:45.651,65.9950,100
39645651499561,11:00:45.651,65.9900,100
39645658833245,11:00:45.658,65.9850,100
39645658833245,11:00:45.658,65.9800,20
39645658833245,11:00:45.658,65.9800,465
39645658859350,11:00:45.658,65.9800,100
39645659341724,11:00:45.659,65.9800,3
39655003659735,11:00:55.003,65.9800,500
39662803608246,11:01:02.803,65.9900,100
39662803608246,11:01:02.803,65.9900,100
39662803608246,11:01:02.803,65.9900,100
39662824842396,11:01:02.824,66.0000,100
39662824842396,11:01:02.824,66.0000,100
39662952594260,11:01:02.952,66.0200,100
39662952594260,11:01:02.952,66.0200,100
39662952872454,11:01:02.952,66.0200,162
39662953193058,11:01:02.953,66.0200,38
39662953193058,11:01:02.953,66.0200,30
39662953193058,11:01:02.953,66.0200,32
39662953366966,11:01:02.953,66.0200,68
39663323789582,11:01:03.323,66.0350,100
39663389298926,11:01:03.389,66.0400,100
39663398380873,11:01:03.398,66.0500,100
39663460008284,11:01:03.460,66.0600,30
39663460008284,11:01:03.460,66.0700,100
39663460008284,11:01:03.460,66.0700,70
39663472398626,11:01:03.472,66.0800,100
39663472398626,11:01:03.472,66.0800,30
39663489197929,11:01:03.489,66.0900,15
39663497904804,11:01:03.497,66.0700,100
39663678679164,11:01:03.678,66.0800,100
39663872830976,11:01:03.872,66.0800,100
39663873005915,11:01:03.873,66.0900,100
39663915728614,11:01:03.915,66.1000,45
39663915728614,11:01:03.915,66.1000,100
39663955362332,11:01:03.955,66.1000,100
39664700562674,11:01:04.700,66.1200,5
39664947272046,11:01:04.947,66.1200,20
39664947272046,11:01:04.947,66.1200,125
39664947272046,11:01:04.947,66.1200,55
39664947303923,11:01:04.947,66.1200,45
39666853155632,11:01:06.853,66.0900,200
39667423492628,11:01:07.423,66.0700,100
39668148887064,11:01:08.148,66.0700,96
39668149010681,11:01:08.149,66.0700,104
39668533349275,11:01:08.533,66.0700,100
39668712967830,11:01:08.712,66.0800,125
39674971591479,11:01:14.971,66.0600,100
39674971591479,11:01:14.971,66.0600,100
39674976533865,11:01:14.976,66.0400,100
39674976533865,11:01:14.976,66.0400,100
39674977036230,11:01:14.977,66.0400,100
39674978752989,11:01:14.978,66.0400,200
39674978752989,11:01:14.978,66.0400,100
39674978752989,11:01:14.978,66.0400,100
39674978752989,11:01:14.978,66.0400,100
39674978752989,11:01:14.978,66.0400,100
39674978752989,11:01:14.978,66.0400,100
39674978752989,11:01:14.978,66.0400,100
39674978752989,11:01:14.978,66.0300,100
39674978752989,11:01:14.978,66.0300,100
39674978752989,11:01:14.978,66.0300,100
39674978752989,11:01:14.978,66.0300,100
39674978752989,11:01:14.978,66.0300,100
39674978752989,11:01:14.978,66.0300,100
39674978752989,11:01:14.978,66.0300,100
39674978752989,11:01:14.978,66.0300,100
39674993265050,11:01:14.993,66.0300,200
39674993265050,11:01:14.993,66.0300,100
39674996541403,11:01:14.996,66.0300,100
39677115096944,11:01:17.115,66.0300,100
39677577642654,11:01:17.577,66.0300,1
39679115743969,11:01:19.115,66.0300,2
39679368181050,11:01:19.368,66.0300,97
39682452318568,11:01:22.452,66.0300,100
39682452575734,11:01:22.452,66.0300,100
39682577185368,11:01:22.577,66.0300,100
39684147967929,11:01:24.147,66.0300,100
39684161958011,11:01:24.161,66.0300,100
39684161958011,11:01:24.161,66.0300,100
39684161958011,11:01:24.161,66.0300,100
39684161958011,11:01:24.161,66.0300,100
39684161958011,11:01:24.161,66.0300,200
39684162940732,11:01:24.162,66.0300,200
39684162940732,11:01:24.162,66.0300,200
39689237563095,11:01:29.237,66.0300,100
39692819763000,11:01:32.819,66.0450,100
39693496121806,11:01:33.496,66.0300,100
39693497377830,11:01:33.497,66.0300,100
39703086472859,11:01:43.086,66.0400,100
39708890541516,11:01:48.890,66.0400,25
39721507770490,11:02:01.507,66.0500,100
39721507770490,11:02:01.507,66.0500,100
39721522353008,11:02:01.522,66.0600,100
39721524405520,11:02:01.524,66.0500,200
39721524405520,11:02:01.524,66.0500,100
39721524405520,11:02:01.524,66.0500,100
39721524405520,11:02:01.524,66.0500,100
39721524405520,11:02:01.524,66.0500,100
39721524405520,11:02:01.524,66.0500,100
39721524405520,11:02:01.524,66.0500,100
39721524405520,11:02:01.524,66.0500,100
39721629327334,11:02:01.629,66.0400,100
39721657537459,11:02:01.657,66.0400,77
39734940802556,11:02:14.940,66.0450,100
39734940802556,11:02:14.940,66.0400,100
39758834252762,11:02:38.834,66.0300,500
39758834252762,11:02:38.834,66.0300,100
39758834283405,11:02:38.834,66.0300,100
39760479960959,11:02:40.479,66.0300,1
39764601506050,11:02:44.601,66.0250,100
39764601506050,11:02:44.601,66.0200,100
39764602125432,11:02:44.602,66.0100,500
39764602125432,11:02:44.602,66.0100,399
39764602152912,11:02:44.602,66.0100,402
39764602164735,11:02:44.602,66.0100,475
39764602167230,11:02:44.602,66.0100,300
39764602200220,11:02:44.602,66.0100,262
39764602266454,11:02:44.602,66.0100,162
39765135581840,11:02:45.135,66.0100,162
39765135581840,11:02:45.135,66.0100,100
39765135581840,11:02:45.135,66.0100,100
39765135581840,11:02:45.135,66.0100,100
39765135581840,11:02:45.135,66.0100,38
39767807256899,11:02:47.807,66.0100,62
39767807256899,11:02:47.807,66.0100,9
39767833290306,11:02:47.833,66.0200,100
39767833290306,11:02:47.833,66.0200,100
39767833290306,11:02:47.833,66.0200,100
39775403623238,11:02:55.403,66.0200,42
39776335072081,11:02:56.335,66.0200,58
39776335072081,11:02:56.335,66.0200,1
39776335384527,11:02:56.335,66.0200,300
39780814878719,11:03:00.814,66.0350,1
39782105410232,11:03:02.105,66.0350,100
39783926182185,11:03:03.926,66.0350,31
39792017978245,11:03:12.017,66.0350,3
39794873404926,11:03:14.873,66.0350,50
39795261817015,11:03:15.261,66.0350,2
39799339268383,11:03:19.339,66.0300,99
39800028644232,11:03:20.028,66.0350,1
39801016571960,11:03:21.016,66.0300,1
39801016896880,11:03:21.016,66.0300,100
39801016896880,11:03:21.016,66.0300,100
39801016896880,11:03:21.016,66.0300,3
39801016896880,11:03:21.016,66.0300,100
39801016984814,11:03:21.016,66.0300,1
39805821779171,11:03:25.821,66.0350,85
39807036882184,11:03:27.036,66.0350,400
39814227235893,11:03:34.227,66.0300,100
39814231765146,11:03:34.231,66.0200,100
39814231765146,11:03:34.231,66.0200,100
39814835721995,11:03:34.835,66.0200,100
39814835779046,11:03:34.835,66.0200,100
39815413881126,11:03:35.413,66.0350,27
39826422993386,11:03:46.422,66.0300,100
39827185030312,11:03:47.185,66.0300,100
39827255025893,11:03:47.255,66.0300,100
39827755024351,11:03:47.755,66.0300,100
39835182653637,11:03:55.182,66.0200,3
39841828151682,11:04:01.828,66.0200,2
39842452490157,11:04:02.452,66.0200,95
39842452490157,11:04:02.452,66.0300,100
39842452490157,11:04:02.452,66.0300,100
39842452490157,11:04:02.452,66.0300,5
39842452577148,11:04:02.452,66.0300,95
39842452713681,11:04:02.452,66.0300,100
39843070014512,11:04:03.070,66.0350,100
39843570015796,11:04:03.570,66.0350,100
39845432266050,11:04:05.432,66.0300,100
39845432563554,11:04:05.432,66.0200,42
39845432692809,11:04:05.432,66.0200,58
39873718115804,11:04:33.718,66.0300,2
39886712987641,11:04:46.712,66.0300,100
39886712987641,11:04:46.712,66.0300,100
39886712987641,11:04:46.712,66.0300,9
39886761631179,11:04:46.761,66.0400,300
39887419877267,11:04:47.419,66.0500,100
39887694634438,11:04:47.694,66.0500,2
39897290510189,11:04:57.290,66.0500,100
39900789919219,11:05:00.789,66.0500,100
39900791449013,11:05:00.791,66.0600,200
39901776881952,11:05:01.776,66.0650,50
39916257871418,11:05:16.257,66.0450,4
39917706650406,11:05:17.706,66.0450,96
39917706650406,11:05:17.706,66.0400,4
39921489098550,11:05:21.489,66.0400,96
39934006689571,11:05:34.006,66.0300,46
39950736434410,11:05:50.736,66.0200,100
39960004547595,11:06:00.004,66.0200,100
39960004547595,11:06:00.004,66.0200,100
39960004547595,11:06:00.004,66.0200,100
39966193290115,11:06:06.193,66.0100,100
39969126165011,11:06:09.126,66.0000,500
39969126165011,11:06:09.126,66.0000,164
39969615014491,11:06:09.615,66.0000,139
39969615014491,11:06:09.615,66.0000,100
39969615014491,11:06:09.615,66.0000,100
39970961740877,11:06:10.961,66.0000,100
39972501673127,11:06:12.501,66.0000,100
39972501673127,11:06:12.501,66.0000,9
39973276580837,11:06:13.276,65.9900,100
39982482082386,11:06:22.482,65.9800,100
39982482082386,11:06:22.482,65.9800,100
39987015638126,11:06:27.015,65.9900,100
39987015638126,11:06:27.015,65.9900,90
39987015684684,11:06:27.015,65.9900,10
39987015684684,11:06:27.015,65.9900,100
39989033396175,11:06:29.033,65.9900,39
40047734048162,11:07:27.734,65.9900,100
40047734048162,11:07:27.734,65.9900,100
40075914292219,11:07:55.914,66.0000,1
40075914292219,11:07:55.914,66.0000,100
40075914292219,11:07:55.914,66.0000,100
40075914292219,11:07:55.914,66.0000,100
40075914322710,11:07:55.914,66.0000,301
40075939868040,11:07:55.939,66.0000,100
