timestamp,time,price,volume
34200739272339,09:30:00.739,10.3400,621
34362140740937,09:32:42.140,10.3300,100
34447148636645,09:34:07.148,10.3200,100
34447149192384,09:34:07.149,10.3200,34
34602000334396,09:36:42.000,10.3400,23
34873242797750,09:41:13.242,10.1800,35
34954823644709,09:42:34.823,10.3400,34
34954823706566,09:42:34.823,10.3400,50
35110235958641,09:45:10.235,10.1900,100
35110235958641,09:45:10.235,10.1900,35
35137280507346,09:45:37.280,10.1800,5
35258892346416,09:47:38.892,10.3400,34
35265049374649,09:47:45.049,10.2400,4
35354250766741,09:49:14.250,10.2000,24
35540366288298,09:52:20.366,10.3200,34
35837080820405,09:57:17.080,10.3000,100
35837080820405,09:57:17.080,10.3000,3
35837081305998,09:57:17.081,10.3300,100
35857268219051,09:57:37.268,10.3400,35
35857268219051,09:57:37.268,10.3400,100
35882224809530,09:58:02.224,10.1700,35
36156893155260,10:02:36.893,10.3200,34
36333164840476,10:05:33.164,10.2700,100
36370879805912,10:06:10.879,10.2500,100
36443641706287,10:07:23.641,10.3000,34
36540977885193,10:09:00.977,10.3000,42
36540977885193,10:09:00.977,10.3000,100
36540977885193,10:09:00.977,10.3100,100
36540977885193,10:09:00.977,10.3100,58
36610262811696,10:10:10.262,10.2700,100
36755315307052,10:12:35.315,10.2800,34
36876395650818,10:14:36.395,10.2500,100
37017572198966,10:16:57.572,10.2300,100
37039446626283,10:17:19.446,10.2500,21
37039446626283,10:17:19.446,10.2600,14
37146461733943,10:19:06.461,10.2100,100
37322236072181,10:22:02.236,10.2200,100
37322236154616,10:22:02.236,10.2200,36
37351116695060,10:22:31.116,10.2400,34
37517181466586,10:25:17.181,10.2100,100
37517181544234,10:25:17.181,10.2100,100
37517181544234,10:25:17.181,10.2100,100
37658847727744,10:27:38.847,10.2400,34
37691227543748,10:28:11.227,10.2100,100
37694876445541,10:28:14.876,10.2100,100
37797432659066,10:29:57.432,10.2300,47
37829113040750,10:30:29.113,10.2300,200
37829113040750,10:30:29.113,10.2300,53
37857103128178,10:30:57.103,10.2300,35
37876632073033,10:31:16.632,10.2400,100
37876632073033,10:31:16.632,10.2400,1
37917630191970,10:31:57.630,10.2400,11
37918343307197,10:31:58.343,10.2500,47
37943543632944,10:32:23.543,10.2500,34
38050286478571,10:34:10.286,10.2200,100
38217034544860,10:36:57.034,10.2400,16
38254482853343,10:37:34.482,10.2500,35
38395133170672,10:39:55.133,10.2200,100
38395133738650,10:39:55.133,10.2200,100
38395133738650,10:39:55.133,10.2200,100
38395133738650,10:39:55.133,10.2200,100
38395133738650,10:39:55.133,10.2200,64
38499944863613,10:41:39.944,10.1800,84
38545290709447,10:42:25.290,10.2200,34
38625285166631,10:43:45.285,10.1900,100
38670701052703,10:44:30.701,10.2200,100
38670701052703,10:44:30.701,10.2200,84
38670701052703,10:44:30.701,10.2200,16
38670701052703,10:44:30.701,10.2200,100
38681692266952,10:44:41.692,10.2200,100
38681692788947,10:44:41.692,10.2200,100
38850995043962,10:47:30.995,10.2500,34
38877664710610,10:47:57.664,10.2500,1
38937449403769,10:48:57.449,10.2500,22
38997548224470,10:49:57.548,10.2500,23
39055574476811,10:50:55.574,10.2500,16
39057583950586,10:50:57.583,10.2500,16
39154135422870,10:52:34.135,10.2500,34
39289561713139,10:54:49.561,10.2300,100
39289561713139,10:54:49.561,10.2300,100
39289561713139,10:54:49.561,10.2300,100
39289561713139,10:54:49.561,10.2300,100
39289561713139,10:54:49.561,10.2300,85
39309682553863,10:55:09.682,10.2400,1
39420256836318,10:57:00.256,10.2450,99
39439862505405,10:57:19.862,10.2500,35
39439862701110,10:57:19.862,10.2500,203
39439862735880,10:57:19.862,10.2500,100
39441007755571,10:57:21.007,10.2500,100
39441007792244,10:57:21.007,10.2500,400
39442124977852,10:57:22.124,10.2500,500
39442125011662,10:57:22.125,10.2500,100
39443749972167,10:57:23.749,10.2500,100
39443750006464,10:57:23.750,10.2500,400
39461569950783,10:57:41.569,10.2500,100
39461569988055,10:57:41.569,10.2500,400
39475026430900,10:57:55.026,10.2500,100
39475026469661,10:57:55.026,10.2500,237
39475068118535,10:57:55.068,10.2500,100
39475068169124,10:57:55.068,10.2500,63
39475068393307,10:57:55.068,10.2500,100
39476316969052,10:57:56.316,10.2500,100
39479849440645,10:57:59.849,10.2500,300
39479849440645,10:57:59.849,10.2500,100
39480344001660,10:58:00.344,10.2500,200
39484624950100,10:58:04.624,10.2500,200
39484625139440,10:58:04.625,10.2500,100
39485679901648,10:58:05.679,10.2500,100
39486669493547,10:58:06.669,10.2500,100
39492502771956,10:58:12.502,10.2500,300
39530253188025,10:58:50.253,10.2400,100
39530253188025,10:58:50.253,10.2400,100
39530253188025,10:58:50.253,10.2400,100
39603164031343,11:00:03.164,10.2350,100
39691011036104,11:01:31.011,10.2350,100
39741104463106,11:02:21.104,10.2500,34
39777120208526,11:02:57.120,10.2500,40
39837186911185,11:03:57.186,10.2500,51
39877801012533,11:04:37.801,10.2350,100
39978139140829,11:06:18.139,10.2500,15
40063750725521,11:07:43.750,10.2500,34
40359332815517,11:12:39.332,10.2500,26
40359332815517,11:12:39.332,10.2500,8
40619225338136,11:16:59.225,10.2200,100
40619225338136,11:16:59.225,10.2200,100
40650987269235,11:17:30.987,10.2500,35
40939523519531,11:22:19.523,10.2400,34
41111657908702,11:25:11.657,10.2200,100
41111659159656,11:25:11.659,10.2200,100
41111753102690,11:25:11.753,10.2300,49
41111807761300,11:25:11.807,10.2400,51
41147025566994,11:25:47.025,10.2300,30
41195274393066,11:26:35.274,10.2200,100
41195274468054,11:26:35.274,10.2200,100
41196329880957,11:26:36.329,10.2200,100
41263954520749,11:27:43.954,10.2300,34
41400303407808,11:30:00.303,10.2100,100
41400303407808,11:30:00.303,10.2100,100
41400303407808,11:30:00.303,10.2100,44
41400303461677,11:30:00.303,10.2100,56
41400303461677,11:30:00.303,10.2100,100
41400317052586,11:30:00.317,10.2100,30
41562191888197,11:32:42.191,10.2100,34
41845441631419,11:37:25.441,10.1950,35
42158817592579,11:42:38.817,10.1950,34
42455495879975,11:47:35.495,10.2000,31
42455495879975,11:47:35.495,10.2100,3
42455495962891,11:47:35.495,10.1900,100
42455495962891,11:47:35.495,10.1900,100
42455496669064,11:47:35.496,10.1900,40
42455497070369,11:47:35.497,10.1900,40
42741114133773,11:52:21.114,10.2100,34
42820016271784,11:53:40.016,10.2100,66
42820016271784,11:53:40.016,10.2100,21
42872611620074,11:54:32.611,10.2300,44
43061365623065,11:57:41.365,10.2500,35
43061365662245,11:57:41.365,10.2500,9
43197802251855,11:59:57.802,10.2800,83
43341368156820,12:02:21.368,10.3100,34
43604625222218,12:06:44.625,10.3000,84
43604625299669,12:06:44.625,10.3000,16
43604625299669,12:06:44.625,10.3000,100
43604625299669,12:06:44.625,10.3000,100
43604625330972,12:06:44.625,10.3000,100
43604625330972,12:06:44.625,10.3000,100
43604625330972,12:06:44.625,10.3000,16
43604625339887,12:06:44.625,10.3000,84
43610685093768,12:06:50.685,10.2900,100
43636076116572,12:07:16.076,10.3100,34
43960710346952,12:12:40.710,10.3200,17
43960710346952,12:12:40.710,10.3200,17
44244264517182,12:17:24.264,10.3000,35
44551808552711,12:22:31.808,10.3050,65
44565789946468,12:22:45.789,10.3200,34
44717239695470,12:25:17.239,10.2900,100
44717239695470,12:25:17.239,10.2900,100
44834898089916,12:27:14.898,10.2800,100
44863617520937,12:27:43.617,10.2700,34
45150851120545,12:32:30.851,10.2700,34
45150851194847,12:32:30.851,10.2400,100
45450669251469,12:37:30.669,10.2500,32
45450669251469,12:37:30.669,10.2500,3
45543102519192,12:39:03.102,10.2300,100
45543102519192,12:39:03.102,10.2300,80
45748738636265,12:42:28.738,10.2500,34
45901997965149,12:45:01.997,10.2500,63
45901997965149,12:45:01.997,10.2500,37
46040434863489,12:47:20.434,10.2500,34
46133002724740,12:48:53.002,10.2500,29
46133002724740,12:48:53.002,10.2500,62
46133168067787,12:48:53.168,10.2500,38
46133168067787,12:48:53.168,10.2500,62
46253006603572,12:50:53.006,10.2500,100
46253007198613,12:50:53.007,10.2500,40
46354561786114,12:52:34.561,10.2700,34
46433528642721,12:53:53.528,10.2700,100
46585240073169,12:56:25.240,10.2600,90
46585240073169,12:56:25.240,10.2600,100
46665068157741,12:57:45.068,10.2600,35
46954409583834,13:02:34.409,10.2700,34
46978768731466,13:02:58.768,10.2700,31
46978768731466,13:02:58.768,10.2700,69
46998913916426,13:03:18.913,10.2700,100
47003887818716,13:03:23.887,10.2700,31
47250440771595,13:07:30.440,10.2900,34
47416205922562,13:10:16.205,10.2700,100
47416205922562,13:10:16.205,10.2700,100
47424148350040,13:10:24.148,10.2600,100
47541441430550,13:12:21.441,10.3000,34
47796269008498,13:16:36.269,10.3100,100
47806227035566,13:16:46.227,10.3100,29
47806227035566,13:16:46.227,10.3100,100
47849119730735,13:17:29.119,10.3100,35
47937364610591,13:18:57.364,10.2800,32
47997392239946,13:19:57.392,10.2900,41
48079254441092,13:21:19.254,10.2900,100
48079254441092,13:21:19.254,10.2900,100
48079254537149,13:21:19.254,10.2900,68
48145114588642,13:22:25.114,10.2900,34
48451278961527,13:27:31.278,10.2900,34
48750472327841,13:32:30.472,10.2900,32
48750472327841,13:32:30.472,10.2900,2
49063555141532,13:37:43.555,10.2900,35
49358977237771,13:42:38.977,10.2900,34
49642694072326,13:47:22.694,10.2900,29
49642694072326,13:47:22.694,10.2900,5
49804444670807,13:50:04.444,10.2600,100
49804444670807,13:50:04.444,10.2600,100
49804444670807,13:50:04.444,10.2600,100
49804444670807,13:50:04.444,10.2600,40
49957039095233,13:52:37.039,10.2800,34
49989585414632,13:53:09.585,10.2600,60
49989585414632,13:53:09.585,10.2600,40
50175730146757,13:56:15.730,10.2600,60
50175730146757,13:56:15.730,10.2600,100
50175730606262,13:56:15.730,10.2600,40
50243554922857,13:57:23.554,10.2700,35
50256769149000,13:57:36.769,10.2700,65
50256769149000,13:57:36.769,10.2700,35
50269238997017,13:57:49.238,10.2700,65
50409068303055,14:00:09.068,10.2900,100
50556092673361,14:02:36.092,10.3200,34
50708635376159,14:05:08.635,10.3200,66
50708635376159,14:05:08.635,10.3200,34
50710680718369,14:05:10.680,10.3200,66
50856890225026,14:07:36.890,10.4000,34
50992182944460,14:09:52.182,10.3700,100
50992182944460,14:09:52.182,10.3700,100
50992240286566,14:09:52.240,10.3700,25
50992240286566,14:09:52.240,10.3700,75
50992240320884,14:09:52.240,10.3700,25
51144962652053,14:12:24.962,10.3700,34
51451210130384,14:17:31.210,10.3600,34
51715131908416,14:21:55.131,10.3300,91
51735808681013,14:22:15.808,10.3200,100
51748721704001,14:22:28.721,10.3300,35
51781338410874,14:23:01.338,10.3000,100
51900868701714,14:25:00.868,10.3000,1
51905351065723,14:25:05.351,10.3000,100
51910843776267,14:25:10.843,10.2800,100
51911294983294,14:25:11.294,10.2950,200
52046463907582,14:27:26.463,10.3100,34
52254290544732,14:30:54.290,10.2800,100
52254290544732,14:30:54.290,10.2800,100
52254290544732,14:30:54.290,10.2800,100
52254290544732,14:30:54.290,10.2800,99
52254300725969,14:30:54.300,10.2800,1
52254300725969,14:30:54.300,10.2800,100
52254300725969,14:30:54.300,10.2800,73
52271058463281,14:31:11.058,10.3000,66
52271058463281,14:31:11.058,10.3000,66
52271058463281,14:31:11.058,10.3000,100
52271058463281,14:31:11.058,10.3000,34
52361123047918,14:32:41.123,10.3200,34
52460148032542,14:34:20.148,10.2900,9
52460279229236,14:34:20.279,10.2900,91
52460279229236,14:34:20.279,10.2900,100
52460279229236,14:34:20.279,10.2900,78
52460279828631,14:34:20.279,10.2900,22
52462026590750,14:34:22.026,10.3000,100
52466735015730,14:34:26.735,10.2800,100
52552986327372,14:35:52.986,10.3000,100
52582662664776,14:36:22.662,10.3000,100
52617458315497,14:36:57.458,10.3000,100
52650691271362,14:37:30.691,10.3000,35
52652140230086,14:37:32.140,10.3000,65
52652140230086,14:37:32.140,10.3000,35
52663582129357,14:37:43.582,10.3000,65
52663582950093,14:37:43.582,10.3150,100
52819629759643,14:40:19.629,10.3000,60
52819629861670,14:40:19.629,10.3000,100
52819629861670,14:40:19.629,10.3000,100
52833702518069,14:40:33.702,10.3200,100
52955243366183,14:42:35.243,10.3200,34
53222368662121,14:47:02.368,10.3250,35
53250542771945,14:47:30.542,10.3400,34
53566060485215,14:52:46.060,10.3400,34
53631746635124,14:53:51.746,10.3400,32
53631746635124,14:53:51.746,10.3400,68
53631762321639,14:53:51.762,10.3400,32
53631762321639,14:53:51.762,10.3400,68
53632460621067,14:53:52.460,10.3400,32
53744263894607,14:55:44.263,10.3700,100
53744263894607,14:55:44.263,10.3700,100
53757143982570,14:55:57.143,10.3700,22
53757601878910,14:55:57.601,10.3600,65
53808126134978,14:56:48.126,10.3600,100
53813403593367,14:56:53.403,10.3600,100
53843607938039,14:57:23.607,10.3600,100
53935670794590,14:58:55.670,10.3700,30
53979972893375,14:59:39.972,10.3400,100
54117321864502,15:01:57.321,10.3400,42
54161633767236,15:02:41.633,10.3700,35
54251602857896,15:04:11.602,10.3300,100
54254282904882,15:04:14.282,10.3300,100
54254283261956,15:04:14.283,10.3400,100
54254283261956,15:04:14.283,10.3400,30
54254320703800,15:04:14.320,10.3300,30
54259546954775,15:04:19.546,10.3300,100
54263021664780,15:04:23.021,10.3200,100
54465955078869,15:07:45.955,10.3600,34
54510285004343,15:08:30.285,10.3400,49
54510285157949,15:08:30.285,10.3400,51
54510285157949,15:08:30.285,10.3400,100
54510285518477,15:08:30.285,10.3400,100
54537321547033,15:08:57.321,10.3200,95
55050481711370,15:17:30.481,10.3300,35
55165026198417,15:19:25.026,10.3500,65
55165026198417,15:19:25.026,10.3500,35
55193731410412,15:19:53.731,10.3300,60
55364498584947,15:22:44.498,10.3500,34
55481240322040,15:24:41.240,10.3400,100
56119398455882,15:35:19.398,10.3000,100
56119398455882,15:35:19.398,10.3000,10
56119398455882,15:35:19.398,10.3000,100
56119398455882,15:35:19.398,10.3000,89
56119428573090,15:35:19.428,10.3000,11
56232205012096,15:37:12.205,10.2800,100
56232205012096,15:37:12.205,10.2800,100
57328661132943,15:55:28.661,10.2900,100
57329631366338,15:55:29.631,10.2900,100
57335466482821,15:55:35.466,10.2900,100
57337981927566,15:55:37.981,10.2900,54
57337981927566,15:55:37.981,10.2900,46
57342836279164,15:55:42.836,10.2900,100
57373757716059,15:56:13.757,10.3200,100
57374403717274,15:56:14.403,10.3300,100
57380550107138,15:56:20.550,10.3300,100
57388989433903,15:56:28.989,10.3300,100
57404024579665,15:56:44.024,10.3300,100
57434025035069,15:57:14.025,10.3200,300
57434025035069,15:57:14.025,10.3200,17
57434342564571,15:57:14.342,10.3200,100
57434342564571,15:57:14.342,10.3200,64
57509414922043,15:58:29.414,10.3300,100
57530709357401,15:58:50.709,10.3300,100
57553627436012,15:59:13.627,10.3300,100
57568053037350,15:59:28.053,10.3300,100
57568854228856,15:59:28.854,10.3300,100
57571112725426,15:59:31.112,10.3300,58
57571863317165,15:59:31.863,10.3300,89
57573559310665,15:59:33.559,10.3300,100
57575408644988,15:59:35.408,10.3300,100
57580436015314,15:59:40.436,10.3300,100
57582786091014,15:59:42.786,10.3300,100
57585694093431,15:59:45.694,10.3300,62
57591111209459,15:59:51.111,10.3400,132
57591116484856,15:59:51.116,10.3400,13
57591125203632,15:59:51.125,10.3400,1
57591130576374,15:59:51.130,10.3400,1
57591247988723,15:59:51.247,10.3400,10
57591269185788,15:59:51.269,10.3400,1
57595218171968,15:59:55.218,10.3400,42
57595218171968,15:59:55.218,10.3400,30
57595263877969,15:59:55.263,10.3400,25
57595271136954,15:59:55.271,10.3400,2
57595376641977,15:59:55.376,10.3200,100
57595480269054,15:59:55.480,10.3400,10
57595494007640,15:59:55.494,10.3400,1
57595750226057,15:59:55.750,10.3400,100
57595811291898,15:59:55.811,10.3400,10
57595817560056,15:59:55.817,10.3400,1
57595823351311,15:59:55.823,10.3400,1
57597040997163,15:59:57.040,10.3400,10
57597047818741,15:59:57.047,10.3400,1
57600412021312,16:00:00.412,10.3200,5348
