timestamp,time,price,volume
34200642958496,09:30:00.642,50.3800,813
35244981331320,09:47:24.981,50.0400,37
35266632824039,09:47:46.632,50.0100,100
35362555083084,09:49:22.555,50.1000,3
35362559820955,09:49:22.559,50.0000,100
35362559820955,09:49:22.559,50.0000,100
35362559820955,09:49:22.559,50.0000,36
35362560226147,09:49:22.560,50.0000,200
35362560525983,09:49:22.560,49.8900,50
35362560552122,09:49:22.560,49.8900,50
35391063587005,09:49:51.063,49.8900,72
35391063587005,09:49:51.063,49.8900,128
35391063663392,09:49:51.063,49.8900,27
35802495888812,09:56:42.495,49.8600,1
36601927672961,10:10:01.927,49.9100,3
37291611960152,10:21:31.611,50.3600,100
38992259012794,10:49:52.259,50.3900,14
39044140942744,10:50:44.140,50.3900,4
39044141511784,10:50:44.141,50.3900,82
39044141511784,10:50:44.141,50.3900,46
39224149028346,10:53:44.149,50.3900,2
39436148825623,10:57:16.148,50.3900,23
39958259677073,11:05:58.259,50.4100,2
39977361302258,11:06:17.361,50.4100,45
40047731234472,11:07:27.731,50.4100,2
40047731234472,11:07:27.731,50.4100,98
40047757011891,11:07:27.757,50.4000,10
40047757011891,11:07:27.757,50.4000,35
40047757011891,11:07:27.757,50.4000,55
40050881180742,11:07:30.881,50.3900,100
40237548702384,11:10:37.548,50.3900,28
41123227728855,11:25:23.227,50.3800,8
41221198017659,11:27:01.198,50.4000,7
41235985493447,11:27:15.985,50.4400,100
41236045869275,11:27:16.045,50.5000,1
41270113544993,11:27:50.113,50.6800,7
41515292893059,11:31:55.292,50.6700,100
41950060080738,11:39:10.060,50.7000,100
41950060080738,11:39:10.060,50.6700,59
41950060137441,11:39:10.060,50.6700,41
41950060137441,11:39:10.060,50.6700,35
41950060137441,11:39:10.060,50.6700,2
41950060137441,11:39:10.060,50.6700,22
41950060913313,11:39:10.060,50.6600,7
41950060940093,11:39:10.060,50.6600,93
42592970243262,11:49:52.970,50.6000,64
42665336494623,11:51:05.336,50.6500,5
42665336494623,11:51:05.336,50.6500,95
42665336510609,11:51:05.336,50.6500,5
42665336510609,11:51:05.336,50.6500,95
42665336577101,11:51:05.336,50.6500,5
42665336577101,11:51:05.336,50.6500,95
43624536154914,12:07:04.536,50.7900,5
43624536154914,12:07:04.536,50.8100,95
43624536217462,12:07:04.536,50.8100,5
44067196301286,12:14:27.196,50.8800,5
44067196301286,12:14:27.196,50.8800,95
44971572649614,12:29:31.572,51.0000,100
45154655931687,12:32:34.655,51.0000,100
45154655984947,12:32:34.655,51.0000,100
45154656046861,12:32:34.656,51.0000,100
45154656065185,12:32:34.656,51.0000,100
45461427913834,12:37:41.427,51.0450,100
45461427913834,12:37:41.427,50.9800,100
45678398086870,12:41:18.398,51.1200,5
46601691897466,12:56:41.691,51.2600,100
47875328185888,13:17:55.328,51.1200,100
47875328185888,13:17:55.328,51.1200,100
47875328185888,13:17:55.328,51.1200,100
47875328185888,13:17:55.328,51.1200,100
47875328185888,13:17:55.328,51.1200,100
47875328336142,13:17:55.328,51.1200,39
47875328363505,13:17:55.328,51.1200,61
47875328564689,13:17:55.328,51.1200,100
47875328573593,13:17:55.328,51.1200,76
47875330490158,13:17:55.330,51.1100,100
47875458516570,13:17:55.458,51.1000,100
48067429081257,13:21:07.429,51.0700,5
48325931491835,13:25:25.931,50.9800,8
48387618971204,13:26:27.618,50.9800,58
48387618971204,13:26:27.618,50.9500,100
48387619347759,13:26:27.619,50.9500,99
48387619353591,13:26:27.619,50.9500,39
48391709032188,13:26:31.709,50.9000,100
48665618932191,13:31:05.618,50.7800,10
49789949365166,13:49:49.949,50.8200,100
50042906886442,13:54:02.906,50.8600,79
50042906922450,13:54:02.906,50.8600,21
50410278137331,14:00:10.278,50.9400,100
50410278224702,14:00:10.278,50.9400,10
50410278814295,14:00:10.278,50.9400,90
50413062993940,14:00:13.062,50.9500,500
50413063109425,14:00:13.063,50.9500,4
50413234771505,14:00:13.234,51.0600,100
50710038765407,14:05:10.038,51.0200,100
51275922469551,14:14:35.922,51.2700,100
51417132494757,14:16:57.132,51.2700,100
51417149459333,14:16:57.149,51.2700,300
51418098957126,14:16:58.098,51.2700,6
51419023029978,14:16:59.023,51.2800,100
51432211995021,14:17:12.211,51.3300,48
51443903880270,14:17:23.903,51.2800,100
51443903901905,14:17:23.903,51.2800,9
51654065424754,14:20:54.065,51.3400,5
51777040249183,14:22:57.040,51.3200,19
51777040351999,14:22:57.040,51.3200,3
51837810855323,14:23:57.810,51.3200,10
51837814166591,14:23:57.814,51.2900,100
51916561935581,14:25:16.561,51.3500,5
52017614409308,14:26:57.614,51.2800,1
52077390816038,14:27:57.390,51.2800,22
52077390892149,14:27:57.390,51.2800,12
52077391089606,14:27:57.391,51.2800,46
52077391089606,14:27:57.391,51.2700,54
52077391119743,14:27:57.391,51.2700,46
52077391741732,14:27:57.391,51.2700,10
52077394489493,14:27:57.394,51.2400,5
52695590780303,14:38:15.590,51.1650,92
52696573293978,14:38:16.573,51.1650,8
52927069677451,14:42:07.069,51.2500,77
52927083182990,14:42:07.083,51.2500,23
53000774907440,14:43:20.774,51.2700,95
53000774961041,14:43:20.774,51.2700,5
53133861735974,14:45:33.861,51.3900,90
53216367674402,14:46:56.367,51.4000,100
53236727538836,14:47:16.727,51.4000,100
53236884237570,14:47:16.884,51.4000,100
53294748694602,14:48:14.748,51.4200,100
53321919185157,14:48:41.919,51.4300,100
53321961978886,14:48:41.961,51.4200,100
53321961980116,14:48:41.961,51.4200,54
53321961980116,14:48:41.961,51.4200,100
53370280207982,14:49:30.280,51.3400,5
53631633337442,14:53:51.633,51.4200,54
53650665337924,14:54:10.665,51.5200,60
53698624619260,14:54:58.624,51.4600,100
53698625178712,14:54:58.625,51.4500,100
53698625178712,14:54:58.625,51.4500,35
53698625180671,14:54:58.625,51.4500,100
53698726964094,14:54:58.726,51.3600,100
53698727015298,14:54:58.727,51.3600,100
53698907416265,14:54:58.907,51.4500,100
54447285070781,15:07:27.285,51.6800,20
54893982945427,15:14:53.982,51.5200,94
54927889829413,15:15:27.889,51.4900,1
54934399147279,15:15:34.399,51.5800,9
54954378669199,15:15:54.378,51.5900,13
55015832442251,15:16:55.832,51.4900,44
55047621979430,15:17:27.621,51.4800,100
55195928918198,15:19:55.928,51.4100,58
55195928993876,15:19:55.928,51.4000,35
55291134397731,15:21:31.134,51.4900,100
55291134397731,15:21:31.134,51.5000,100
55291134397731,15:21:31.134,51.5000,5
55291134397731,15:21:31.134,51.5000,100
55291134397731,15:21:31.134,51.5100,100
55291134397731,15:21:31.134,51.5200,100
55291163259181,15:21:31.163,51.5900,100
55293463816945,15:21:33.463,51.6000,20
55416988108386,15:23:36.988,51.5200,100
55416988108386,15:23:36.988,51.5200,100
55416988974359,15:23:36.988,51.5200,10
56323573415348,15:38:43.573,51.3400,100
56323641059347,15:38:43.641,51.3500,100
56323641083733,15:38:43.641,51.3500,100
56323773670454,15:38:43.773,51.3900,100
56324229169462,15:38:44.229,51.4000,100
56324229473934,15:38:44.229,51.4100,100
56376098216982,15:39:36.098,51.3900,35
56498848236523,15:41:38.848,51.4200,100
56742965402478,15:45:42.965,51.4300,1
56742965402478,15:45:42.965,51.4300,100
56758827597818,15:45:58.827,51.5000,95
56849091775588,15:47:29.091,51.5000,5
56849091775588,15:47:29.091,51.5000,80
57095861558431,15:51:35.861,51.5100,2
57095863256132,15:51:35.863,51.5100,3
57158385086898,15:52:38.385,51.4100,35
57158385086898,15:52:38.385,51.4100,20
57158385086898,15:52:38.385,51.4100,45
57158385124630,15:52:38.385,51.4100,34
57158385142858,15:52:38.385,51.4100,21
57158386183991,15:52:38.386,51.4100,100
57293290792431,15:54:53.290,51.3600,3
57293290792431,15:54:53.290,51.3600,93
57293290792431,15:54:53.290,51.3600,5
57293292472420,15:54:53.292,51.3700,2
57293331588337,15:54:53.331,51.3700,98
57293331588337,15:54:53.331,51.3700,2
57293331641971,15:54:53.331,51.3700,98
57301784951550,15:55:01.784,51.4300,10
57430366523705,15:57:10.366,51.4400,47
57547279021513,15:59:07.279,51.4200,22
57547279090011,15:59:07.279,51.4200,57
57547279090011,15:59:07.279,51.4300,43
57551348562671,15:59:11.348,51.4500,1
57551348616687,15:59:11.348,51.4500,41
57551348616687,15:59:11.348,51.4500,100
57551349289906,15:59:11.349,51.4700,100
57551349627153,15:59:11.349,51.4700,40
57571364549423,15:59:31.364,51.4500,12
57571938385947,15:59:31.938,51.5100,100
57571938385947,15:59:31.938,51.5200,38
57571941942627,15:59:31.941,51.5200,10
57594321183676,15:59:54.321,51.5300,52
57594321183676,15:59:54.321,51.5300,48
57595309307931,15:59:55.309,51.5400,30
57596695231664,15:59:56.695,51.5400,5
57599180053260,15:59:59.180,51.5300,6
57600501849698,16:00:00.501,51.5300,7916
