timestamp,time,price,volume
29502394107836,08:11:42.394,101.5000,100
29801787130079,08:16:41.787,101.5000,5
30272649925305,08:24:32.649,101.5200,25
30272649925305,08:24:32.649,101.5200,75
30273190760924,08:24:33.190,101.5000,95
30273190760924,08:24:33.190,101.5000,5
30275089890175,08:24:35.089,101.5000,95
30275089890175,08:24:35.089,101.5000,100
30275089890175,08:24:35.089,101.5000,100
33132757407170,09:12:12.757,101.4400,100
33154906547290,09:12:34.906,101.4200,1
33602966848566,09:20:02.966,101.8000,5
34080364924471,09:28:00.364,101.4600,30
34080364924471,09:28:00.364,101.3000,70
34080364929886,09:28:00.364,101.3000,30
34080365106380,09:28:00.365,102.2300,8
34080365186741,09:28:00.365,101.3000,8
34080366151224,09:28:00.366,101.1000,5
34080541536962,09:28:00.541,101.0000,164
34105977243477,09:28:25.977,101.0000,5
34200031855338,09:30:00.031,101.0000,31
34200910155920,09:30:00.910,0.0000,0
34201180617223,09:30:01.180,100.9000,50
34201180617223,09:30:01.180,100.8000,25
34201689765834,09:30:01.689,100.9100,100
34266185786735,09:31:06.185,100.8000,100
34266185860164,09:31:06.185,100.8000,100
34266471696841,09:31:06.471,100.6600,30
34266471696841,09:31:06.471,100.6600,4
34266471696841,09:31:06.471,100.6500,34
34266543428766,09:31:06.543,100.6000,23
34284036553633,09:31:24.036,100.8800,2
34284036553633,09:31:24.036,100.8900,98
34284036579199,09:31:24.036,100.8900,2
34284042679480,09:31:24.042,100.9900,100
34284042804007,09:31:24.042,101.0000,100
34285005297410,09:31:25.005,101.2200,100
34294888480395,09:31:34.888,101.2900,100
34294899832332,09:31:34.899,101.3000,100
34306346029449,09:31:46.346,101.5100,100
34306632587069,09:31:46.632,101.5000,100
34306632642899,09:31:46.632,101.5000,43
34306633176289,09:31:46.633,101.5000,100
34325310512835,09:32:05.310,101.6200,100
34325310928837,09:32:05.310,101.6800,34
34325310954942,09:32:05.310,101.6800,66
34325311766412,09:32:05.311,101.6900,27
34325311887131,09:32:05.311,101.6300,48
34325312017801,09:32:05.312,101.7000,22
34325400456126,09:32:05.400,101.7600,48
34325400456126,09:32:05.400,101.7800,52
34327390156112,09:32:07.390,101.6500,200
34332687268720,09:32:12.687,101.8800,22
34339747413955,09:32:19.747,101.7400,100
34340780147226,09:32:20.780,101.7300,100
34340780147226,09:32:20.780,101.7300,100
34340780563439,09:32:20.780,101.7300,100
34342785656967,09:32:22.785,101.6900,100
34342785687101,09:32:22.785,101.6900,100
34342785841957,09:32:22.785,101.6900,100
34342786326390,09:32:22.786,101.6900,100
34342786366773,09:32:22.786,101.6800,100
34342786584264,09:32:22.786,101.6400,100
34342803793147,09:32:22.803,101.6300,48
34342803793147,09:32:22.803,101.6300,48
34342803793147,09:32:22.803,101.6300,48
34342803793147,09:32:22.803,101.6300,48
34342803872533,09:32:22.803,101.5700,10
34342804127391,09:32:22.804,101.6300,10
34351542339007,09:32:31.542,101.8700,100
34351542382549,09:32:31.542,101.8800,100
34351542463337,09:32:31.542,101.8800,100
34363445045147,09:32:43.445,101.8800,100
34387487517610,09:33:07.487,102.0700,100
34387523914354,09:33:07.523,102.0800,100
34387523985314,09:33:07.523,102.1300,100
34387552442881,09:33:07.552,102.1500,89
34400320587850,09:33:20.320,102.1700,100
34400320587850,09:33:20.320,102.1900,62
34406378029581,09:33:26.378,102.0000,1000
34406378083196,09:33:26.378,102.0000,100
34406378085553,09:33:26.378,102.0100,100
34406378769593,09:33:26.378,101.9300,57
34406378797520,09:33:26.378,101.9300,43
34406380673306,09:33:26.380,102.0200,48
34406384170537,09:33:26.384,101.9800,48
34406384173616,09:33:26.384,101.9800,37
34406384196607,09:33:26.384,101.9800,11
34406384196607,09:33:26.384,101.9800,37
34406384234740,09:33:26.384,101.9800,11
34406545579710,09:33:26.545,102.1500,100
34406545579710,09:33:26.545,102.1700,100
34406545630666,09:33:26.545,102.1800,100
34406545909461,09:33:26.545,102.1800,100
34406546054652,09:33:26.546,102.2000,1
34406547430324,09:33:26.547,102.2400,100
34406569822119,09:33:26.569,102.3300,30
34411686585861,09:33:31.686,102.2400,100
34422628602151,09:33:42.628,102.2900,100
34423404251101,09:33:43.404,102.2100,100
34424317077964,09:33:44.317,102.3300,38
34424317210999,09:33:44.317,102.3300,100
34424317731975,09:33:44.317,102.3300,38
34424317759778,09:33:44.317,102.3300,100
34424317943179,09:33:44.317,102.3300,100
34424318347953,09:33:44.318,102.3300,24
34424318908918,09:33:44.318,102.3400,100
34424319143947,09:33:44.319,102.3400,100
34424319179785,09:33:44.319,102.3400,100
34426316602356,09:33:46.316,102.3100,200
34426316728957,09:33:46.316,102.3000,100
34426316728957,09:33:46.316,102.3000,100
34426316730670,09:33:46.316,102.3000,100
34426316849977,09:33:46.316,102.2900,100
34426316958005,09:33:46.316,102.2800,100
34426317225313,09:33:46.317,102.2400,57
34426317248325,09:33:46.317,102.2400,43
34426317443855,09:33:46.317,102.2800,100
34426318596910,09:33:46.318,102.2400,3
34426318674527,09:33:46.318,102.1600,10
34426323628074,09:33:46.323,102.2000,97
34426323724237,09:33:46.323,102.2000,48
34429769907351,09:33:49.769,102.2800,48
34438264670850,09:33:58.264,102.1700,100
34438540041597,09:33:58.540,102.1500,100
34438540125333,09:33:58.540,102.1500,63
34438540172927,09:33:58.540,102.1500,37
34438540946849,09:33:58.540,102.1000,100
34450090712636,09:34:10.090,102.1300,48
34450092109920,09:34:10.092,102.2400,100
34450092825145,09:34:10.092,102.2300,100
34450106475462,09:34:10.106,102.3100,100
34450106854946,09:34:10.106,102.3400,100
34450107317854,09:34:10.107,102.3500,47
34450534129639,09:34:10.534,102.4500,100
34450534431440,09:34:10.534,102.4800,100
34450748284434,09:34:10.748,102.5000,10
34450927000958,09:34:10.927,102.5000,131
34456587896949,09:34:16.587,102.5000,9
34456589407963,09:34:16.589,102.5700,100
34461211214859,09:34:21.211,102.3600,100
34461211724097,09:34:21.211,102.2800,100
34463389013740,09:34:23.389,102.2800,100
34463389013740,09:34:23.389,102.2700,100
34512925616155,09:35:12.925,102.2000,100
34512926743356,09:35:12.926,102.2500,100
34512928779284,09:35:12.928,102.3000,200
34512929001456,09:35:12.929,102.3000,200
34512929004882,09:35:12.929,102.3000,159
34512929225624,09:35:12.929,102.3000,34
34512947140168,09:35:12.947,102.3000,207
34512947140168,09:35:12.947,102.3000,48
34512947140168,09:35:12.947,102.3000,48
34512947140168,09:35:12.947,102.3000,38
34512947140168,09:35:12.947,102.3000,9
34524550327091,09:35:24.550,102.4000,100
34531927925291,09:35:31.927,102.3400,100
34531928087956,09:35:31.928,102.3300,100
34531928133050,09:35:31.928,102.3200,14
34531928134319,09:35:31.928,102.3200,76
34531928142702,09:35:31.928,102.3200,10
34531928292651,09:35:31.928,102.3000,100
34531928442733,09:35:31.928,102.2600,100
34531928571537,09:35:31.928,102.3200,100
34531928652715,09:35:31.928,102.3200,100
34531929029078,09:35:31.929,102.2600,100
34531929133073,09:35:31.929,102.3000,10
34531930177954,09:35:31.930,102.2100,100
34531930828172,09:35:31.930,102.2000,48
34531930853808,09:35:31.930,102.2000,52
34563093458253,09:36:03.093,102.2700,96
34563093461067,09:36:03.093,102.2700,4
34563093487960,09:36:03.093,102.2800,48
34563093487960,09:36:03.093,102.2800,48
34563093748337,09:36:03.093,102.2800,94
34563093767853,09:36:03.093,102.2800,6
34563094170801,09:36:03.094,102.2800,100
34563094907916,09:36:03.094,102.3300,200
34563111565356,09:36:03.111,102.4500,100
34570480880418,09:36:10.480,102.3500,100
34570480930705,09:36:10.480,102.3400,100
34570480932410,09:36:10.480,102.3400,100
34570481397993,09:36:10.481,102.2800,100
34570481397993,09:36:10.481,102.2700,100
34570481421263,09:36:10.481,102.2400,59
34570482009901,09:36:10.482,102.2400,41
34571590331569,09:36:11.590,102.2100,200
34571590384742,09:36:11.590,102.2100,43
34571590384742,09:36:11.590,102.2100,14
34571590384742,09:36:11.590,102.2100,28
34580048111109,09:36:20.048,102.1000,1
34603761346694,09:36:43.761,102.0100,100
34603761674316,09:36:43.761,102.0000,100
34605411230957,09:36:45.411,102.0400,9
34605411230957,09:36:45.411,102.0400,48
34605412036918,09:36:45.412,102.1100,100
34605412060144,09:36:45.412,102.0400,100
34605412347032,09:36:45.412,102.1200,100
34605412466544,09:36:45.412,102.0800,10
34605638253569,09:36:45.638,102.2900,100
34606001078080,09:36:46.001,102.3200,200
34619033143656,09:36:59.033,102.4500,1
34620901364461,09:37:00.901,102.3200,100
34626892843916,09:37:06.892,102.4500,1
34626892911914,09:37:06.892,102.4500,48
34626892911914,09:37:06.892,102.4800,1
34626893015775,09:37:06.893,102.5000,500
34626893015775,09:37:06.893,102.5000,33
34626893015775,09:37:06.893,102.5000,100
34626893015775,09:37:06.893,102.5000,1000
34626894075713,09:37:06.894,102.5100,100
34626894666334,09:37:06.894,102.5400,200
34626895049855,09:37:06.895,102.5400,13
34626895059318,09:37:06.895,102.5400,87
34626897874574,09:37:06.897,102.6000,50
34637171015370,09:37:17.171,102.5400,45
34637171016089,09:37:17.171,102.5400,100
34637171156924,09:37:17.171,102.5400,36
34637171184978,09:37:17.171,102.5400,45
34637171380465,09:37:17.171,102.5200,45
34637171395443,09:37:17.171,102.5100,83
34637171497700,09:37:17.171,102.5200,100
34637171539414,09:37:17.171,102.5200,11
34637171550790,09:37:17.171,102.5200,100
34637171551344,09:37:17.171,102.5200,100
34637171622968,09:37:17.171,102.5200,89
34659504886600,09:37:39.504,102.4400,100
34659504979334,09:37:39.504,102.4100,224
34659504982812,09:37:39.504,102.4100,224
34659504984099,09:37:39.504,102.4100,126
34659504984099,09:37:39.504,102.4000,98
34659505000210,09:37:39.505,102.4000,26
34659505000210,09:37:39.505,102.4000,100
34685472264873,09:38:05.472,102.1300,48
34705841521412,09:38:25.841,102.1000,100
34705841549575,09:38:25.841,102.0900,100
34705841628704,09:38:25.841,102.0900,100
34711995946073,09:38:31.995,101.9000,100
34718507025829,09:38:38.507,101.9500,4
34718507025829,09:38:38.507,101.9600,96
34718507084275,09:38:38.507,101.9600,4
34718507182339,09:38:38.507,101.9600,94
34718507536751,09:38:38.507,101.9600,6
34722493730955,09:38:42.493,102.0400,200
34722496270064,09:38:42.496,102.0600,100
34722518430691,09:38:42.518,102.0400,100
34740496538804,09:39:00.496,102.0600,3
34761382990542,09:39:21.382,102.0400,100
34761383018683,09:39:21.383,102.0400,100
34761383292706,09:39:21.383,102.0200,100
34761383380523,09:39:21.383,102.0400,5
34761384377089,09:39:21.384,102.0000,26
34761384389046,09:39:21.384,102.0000,74
34772718747770,09:39:32.718,102.1000,100
34774292483037,09:39:34.292,102.0400,100
34782946068978,09:39:42.946,102.1000,200
34791231563991,09:39:51.231,101.9900,100
34798250580201,09:39:58.250,101.9500,2000
34798250673562,09:39:58.250,101.9500,100
34798250682586,09:39:58.250,101.9500,100
34798250684551,09:39:58.250,101.9500,100
34798250692772,09:39:58.250,101.9500,423
34798250735078,09:39:58.250,101.9500,1277
34815047876266,09:40:15.047,102.1500,8
34815047957507,09:40:15.047,102.1500,21
34815048027324,09:40:15.048,102.1500,79
34815057793287,09:40:15.057,102.1300,48
34815057793287,09:40:15.057,102.1300,48
34815057793287,09:40:15.057,102.1300,48
34815057793287,09:40:15.057,102.1300,48
34822824908667,09:40:22.824,102.1900,100
34833013324413,09:40:33.013,102.1400,100
34833013324413,09:40:33.013,102.1400,100
34833013402192,09:40:33.013,102.1400,100
34833015165915,09:40:33.015,102.1400,100
34833546954807,09:40:33.546,102.1200,3
34833583637691,09:40:33.583,102.0800,100
34843490231859,09:40:43.490,102.0300,100
34845119337698,09:40:45.119,101.9200,100
34845119337698,09:40:45.119,101.9200,200
34845119337698,09:40:45.119,101.9100,300
34845119339765,09:40:45.119,101.9100,200
34845119339765,09:40:45.119,101.9100,100
34848486412989,09:40:48.486,102.0400,100
34849008599498,09:40:49.008,101.9900,177
34849008730764,09:40:49.008,101.9800,177
34849009355590,09:40:49.009,101.9800,100
34849009356285,09:40:49.009,101.9800,100
34854872319928,09:40:54.872,101.8500,100
34859729571296,09:40:59.729,101.7500,100
34859729599838,09:40:59.729,101.7500,100
34859729599838,09:40:59.729,101.7500,200
34868768442521,09:41:08.768,101.8600,600
34868768501303,09:41:08.768,101.8600,100
34868768506138,09:41:08.768,101.8600,100
34868768569028,09:41:08.768,101.8600,100
34868768638357,09:41:08.768,101.8600,79
34868768868433,09:41:08.768,101.8600,296
34868769018753,09:41:08.769,101.8600,94
34868769071091,09:41:08.769,101.8600,31
34868769301804,09:41:08.769,101.8600,125
34868777468426,09:41:08.777,101.8600,475
34868777468426,09:41:08.777,101.8600,48
34868805503963,09:41:08.805,101.7900,300
34871628514471,09:41:11.628,101.8200,48
34871628514471,09:41:11.628,101.8200,48
34877170961030,09:41:17.170,101.8500,5
34877171233246,09:41:17.171,101.8600,100
34877172548511,09:41:17.172,101.8600,500
34877172596841,09:41:17.172,101.8600,100
34877172648186,09:41:17.172,101.8600,100
34879287791840,09:41:19.287,101.7900,100
34879289933348,09:41:19.289,101.7200,48
34879289975792,09:41:19.289,101.7200,35
34879290041429,09:41:19.290,101.7200,12
34885321890789,09:41:25.321,101.7700,100
34885325883584,09:41:25.325,101.7600,100
34885326233004,09:41:25.326,101.7200,10
34885351802341,09:41:25.351,101.6800,100
34885351866451,09:41:25.351,101.6900,100
34885351942073,09:41:25.351,101.7000,10
34885352072789,09:41:25.352,101.7000,48
34885352095712,09:41:25.352,101.7000,48
34885352485210,09:41:25.352,101.7000,48
34886171376721,09:41:26.171,101.6700,100
34892162257898,09:41:32.162,101.7800,100
34893199790722,09:41:33.199,101.7900,12
34893710762905,09:41:33.710,101.7900,88
34893710762905,09:41:33.710,101.8200,12
34895377724057,09:41:35.377,101.8200,100
34895377761568,09:41:35.377,101.8200,100
34895377761568,09:41:35.377,101.8000,100
34895378114465,09:41:35.378,101.8200,10
34895378143655,09:41:35.378,101.7900,100
34901095780970,09:41:41.095,101.5200,100
34901098368261,09:41:41.098,101.4900,100
34901098368786,09:41:41.098,101.4900,100
34909653704152,09:41:49.653,101.5700,48
34909653704152,09:41:49.653,101.5700,48
34909653704152,09:41:49.653,101.5800,4
34915360692121,09:41:55.360,101.6300,100
34921613280833,09:42:01.613,101.6500,1600
34921613311047,09:42:01.613,101.6500,200
34921613331139,09:42:01.613,101.6500,100
34921613332947,09:42:01.613,101.6500,100
34921613347538,09:42:01.613,101.6500,300
34921613359543,09:42:01.613,101.6500,100
34921613379827,09:42:01.613,101.6500,100
34921613399108,09:42:01.613,101.6500,100
34921613968451,09:42:01.613,101.6500,1472
34922016277922,09:42:02.016,101.5900,100
34922371762595,09:42:02.371,101.5900,100
34926258728927,09:42:06.258,101.5600,100
34926259496116,09:42:06.259,101.5200,100
34926261212289,09:42:06.261,101.4000,3
34926261212289,09:42:06.261,101.4000,11
34930938316372,09:42:10.938,101.3800,100
34930938391619,09:42:10.938,101.3800,100
34930939312610,09:42:10.939,101.3500,94
34930939339601,09:42:10.939,101.3500,906
34930939339601,09:42:10.939,101.3500,100
34930939386872,09:42:10.939,101.3500,100
34930939445170,09:42:10.939,101.3500,100
34930939584398,09:42:10.939,101.3500,48
34930939994114,09:42:10.939,101.3500,52
34937352634698,09:42:17.352,101.3700,5
34937352634698,09:42:17.352,101.3700,1
34953047480562,09:42:33.047,101.4300,7
34953047729849,09:42:33.047,101.4600,86
34953047788490,09:42:33.047,101.4600,14
34953047987583,09:42:33.047,101.5000,100
34953054197888,09:42:33.054,101.5900,49
34953054582315,09:42:33.054,101.6200,24
34954026036577,09:42:34.026,101.5900,100
34955056786435,09:42:35.056,101.5400,100
34955057186864,09:42:35.057,101.5100,100
34955057188353,09:42:35.057,101.5100,100
34955057190721,09:42:35.057,101.5100,100
34955057210487,09:42:35.057,101.5100,100
34955057539418,09:42:35.057,101.5000,100
34969733192488,09:42:49.733,101.4400,46
34971218340011,09:42:51.218,101.4300,100
34971218359957,09:42:51.218,101.4300,100
34977300621891,09:42:57.300,101.5400,100
34977300691553,09:42:57.300,101.5700,100
34977300719172,09:42:57.300,101.5600,100
34989371235029,09:43:09.371,101.7600,3
34989371264756,09:43:09.371,101.7600,117
34989371264756,09:43:09.371,101.7600,3
34989372321986,09:43:09.372,101.7900,300
34989372321986,09:43:09.372,101.8000,600
34989372554031,09:43:09.372,101.8000,100
34989372579095,09:43:09.372,101.8000,200
34989372615664,09:43:09.372,101.8000,100
35016447469516,09:43:36.447,101.6800,100
35016448197613,09:43:36.448,101.6600,100
35016448238161,09:43:36.448,101.6600,192
35016564486106,09:43:36.564,101.5300,100
35016565048591,09:43:36.565,101.5200,100
35018369277598,09:43:38.369,101.4800,100
35048361496641,09:44:08.361,101.0100,100
35048361528652,09:44:08.361,101.0100,2
35048361575462,09:44:08.361,101.0100,98
35048362355473,09:44:08.362,101.0000,2
35049252633749,09:44:09.252,100.9100,100
35049252705463,09:44:09.252,100.9000,100
35052507869332,09:44:12.507,101.0200,1
35052507873218,09:44:12.507,101.0200,1
35052507873218,09:44:12.507,101.0200,45
35052507873218,09:44:12.507,101.0200,48
35052507873218,09:44:12.507,101.0200,6
35052507877172,09:44:12.507,101.0200,1
35052507898079,09:44:12.507,101.0200,1
35052507909712,09:44:12.507,101.0200,17
35052507909712,09:44:12.507,101.0200,23
35052507909712,09:44:12.507,101.0500,1
35063779327771,09:44:23.779,101.2400,50
35077930873028,09:44:37.930,101.2400,100
35077930877751,09:44:37.930,101.2300,2
35106276866345,09:45:06.276,101.2300,5
35106277193772,09:45:06.277,101.3200,1
35106277218997,09:45:06.277,101.3300,100
35106277274774,09:45:06.277,101.3200,100
35106278361559,09:45:06.278,101.4000,70
35120433891074,09:45:20.433,101.3500,100
35120433891074,09:45:20.433,101.3400,100
35120433891074,09:45:20.433,101.3300,100
35120433891074,09:45:20.433,101.3300,100
35120433951129,09:45:20.433,101.3400,100
35120434298729,09:45:20.434,101.3200,100
35121004263365,09:45:21.004,101.1900,100
35121004525763,09:45:21.004,101.1700,100
35121004553162,09:45:21.004,101.1700,250
35121041387412,09:45:21.041,101.1600,100
35121041387412,09:45:21.041,101.1900,48
35121041387412,09:45:21.041,101.1900,48
35121041387412,09:45:21.041,101.1900,48
35131580186168,09:45:31.580,101.1400,100
35131580186168,09:45:31.580,101.1400,100
35131580308195,09:45:31.580,101.1400,100
35131581003394,09:45:31.581,101.0700,100
35131581027204,09:45:31.581,101.0700,200
35131581415967,09:45:31.581,101.0300,100
35178084409280,09:46:18.084,101.1000,100
35184230220479,09:46:24.230,101.0000,77
35184230224302,09:46:24.230,101.0000,4
35184230235146,09:46:24.230,101.0000,19
35184230264829,09:46:24.230,101.0000,100
35189571852057,09:46:29.571,100.9500,5
35189571881795,09:46:29.571,100.9500,95
35189571884563,09:46:29.571,100.9500,95
35199610888203,09:46:39.610,101.0100,2
35199611429745,09:46:39.611,101.0900,2
35199611740996,09:46:39.611,101.0900,100
35199611748688,09:46:39.611,101.0900,100
35239121527948,09:47:19.121,101.0100,100
35250016277438,09:47:30.016,101.0200,100
35256981756675,09:47:36.981,101.0100,100
35256982429325,09:47:36.982,100.9900,2
35256982446839,09:47:36.982,100.9900,19
35259354969772,09:47:39.354,100.9200,100
35274778466547,09:47:54.778,100.7100,100
35274778466547,09:47:54.778,100.7000,500
35274778466547,09:47:54.778,100.7000,500
35274799551235,09:47:54.799,100.6500,100
35274799551235,09:47:54.799,100.6500,100
35274800542774,09:47:54.800,100.6500,100
35285626981637,09:48:05.626,100.6000,100
35285627208175,09:48:05.627,100.6000,177
35285627230542,09:48:05.627,100.6000,31
35285627261587,09:48:05.627,100.6000,100
35285627633317,09:48:05.627,100.5900,16
35287975622284,09:48:07.975,100.4800,100
35293673535275,09:48:13.673,100.3300,100
35293673535275,09:48:13.673,100.3300,100
35293673535275,09:48:13.673,100.3300,100
35295644544990,09:48:15.644,100.4000,48
35295644544990,09:48:15.644,100.4000,13
35295644735194,09:48:15.644,100.4100,60
35295644735194,09:48:15.644,100.4200,40
35295644827986,09:48:15.644,100.4200,60
35318777127893,09:48:38.777,100.3900,100
35344230924029,09:49:04.230,100.3600,100
35362447452333,09:49:22.447,100.5200,2
35362447452333,09:49:22.447,100.5300,100
35362447522855,09:49:22.447,100.5400,10
35384667413806,09:49:44.667,100.7200,100
35390397865186,09:49:50.397,100.6700,100
35390398227693,09:49:50.398,100.6700,100
35390398233886,09:49:50.398,100.6600,66
35390398250547,09:49:50.398,100.6600,23
35390398306486,09:49:50.398,100.6600,11
35390398342040,09:49:50.398,100.6000,2
35397212820099,09:49:57.212,100.5800,100
35412652047241,09:50:12.652,100.7900,1
35412653193980,09:50:12.653,100.8700,100
35412653195940,09:50:12.653,100.8700,100
35412653416190,09:50:12.653,100.8800,100
35412653435826,09:50:12.653,100.8800,100
35412653486277,09:50:12.653,100.8800,94
35423393509010,09:50:23.393,101.0000,15
35423393514594,09:50:23.393,101.0000,85
35432080414503,09:50:32.080,100.9000,100
35444314821230,09:50:44.314,100.9800,100
35461169534421,09:51:01.169,100.9000,100
35461169536309,09:51:01.169,100.8600,48
35461611952413,09:51:01.611,100.8600,52
35461611952413,09:51:01.611,100.8600,48
35461611982187,09:51:01.611,100.8600,52
35461611994959,09:51:01.611,100.8600,24
35461612964931,09:51:01.612,100.7900,36
35461613486951,09:51:01.613,100.7700,100
35461622793035,09:51:01.622,100.6200,48
35461622793035,09:51:01.622,100.6200,48
35461624237023,09:51:01.624,100.7400,48
35470747159309,09:51:10.747,100.8000,1
35470747159309,09:51:10.747,100.8000,100
35473131169934,09:51:13.131,100.8000,100
35487964705479,09:51:27.964,100.7200,100
35487964744619,09:51:27.964,100.7100,100
35487964747535,09:51:27.964,100.7100,100
35487964826197,09:51:27.964,100.7000,15
35487964852863,09:51:27.964,100.7000,85
35491131632487,09:51:31.131,100.6700,100
35517186281568,09:51:57.186,100.6500,21
35535774624652,09:52:15.774,100.6100,100
35535774680250,09:52:15.774,100.6100,35
35535775597719,09:52:15.775,100.5900,100
35535779526167,09:52:15.779,100.5300,49
35537327799541,09:52:17.327,100.5000,6
35557806051302,09:52:37.806,100.4600,100
35557806051302,09:52:37.806,100.4600,50
35557806070062,09:52:37.806,100.4600,50
35557816840921,09:52:37.816,100.4300,3
35559380869330,09:52:39.380,100.3600,16
35559380869330,09:52:39.380,100.3600,84
35559380895145,09:52:39.380,100.3600,16
35564284508976,09:52:44.284,100.4400,1
35567991150170,09:52:47.991,100.4500,1
35567991150170,09:52:47.991,100.4500,99
35567991216705,09:52:47.991,100.4500,100
35567991238088,09:52:47.991,100.4500,100
35567991293469,09:52:47.991,100.4500,94
35567991319195,09:52:47.991,100.4500,6
35567991692676,09:52:47.991,100.4500,6
35567991692676,09:52:47.991,100.4600,100
35607123142900,09:53:27.123,100.4400,100
35609242703059,09:53:29.242,100.4100,100
35609242703059,09:53:29.242,100.4100,100
35622525663758,09:53:42.525,100.5600,1
35624407255206,09:53:44.407,100.3900,100
35624407610997,09:53:44.407,100.3700,100
35626340153270,09:53:46.340,100.3100,20
35626340178595,09:53:46.340,100.3100,39
35633641453081,09:53:53.641,100.3100,41
35633641453081,09:53:53.641,100.3100,200
35633641514917,09:53:53.641,100.3100,100
35633641766111,09:53:53.641,100.3000,35
35633641822252,09:53:53.641,100.3000,87
35633641905422,09:53:53.641,100.3000,200
35633641948429,09:53:53.641,100.3000,13
35633642939041,09:53:53.642,100.3000,81
35633643102880,09:53:53.643,100.3000,1
35633644104938,09:53:53.644,100.3100,18
35633644104938,09:53:53.644,100.3100,100
35633644104938,09:53:53.644,100.3000,82
35633644162287,09:53:53.644,100.3000,18
35666042391867,09:54:26.042,100.7200,100
35667285996562,09:54:27.285,100.7200,100
35674081729743,09:54:34.081,100.7000,100
35674081907670,09:54:34.081,100.7100,100
35674082185219,09:54:34.082,100.7100,100
35674082475659,09:54:34.082,100.7100,100
35674082749085,09:54:34.082,100.7100,300
35701281540338,09:55:01.281,100.8400,100
35703379975289,09:55:03.379,100.8500,25
35703383220408,09:55:03.383,100.8500,75
35703383220408,09:55:03.383,100.8900,10
35703383220408,09:55:03.383,100.8900,15
35703384245372,09:55:03.384,100.8900,100
35730348013445,09:55:30.348,100.9900,100
35735292655615,09:55:35.292,100.9900,99
35753691195953,09:55:53.691,100.7500,100
35753691195953,09:55:53.691,100.7500,100
35753691225467,09:55:53.691,100.7500,2
35753691252466,09:55:53.691,100.7500,100
35753691311680,09:55:53.691,100.7500,198
35753691384552,09:55:53.691,100.7500,100
35773332739316,09:56:13.332,100.6000,200
35773332974167,09:56:13.332,100.6000,62
35773333380657,09:56:13.333,100.6000,738
35782115402881,09:56:22.115,100.5900,100
35782115436208,09:56:22.115,100.5900,48
35782115436208,09:56:22.115,100.5900,48
35782115436208,09:56:22.115,100.5900,48
35782115436208,09:56:22.115,100.5900,8
35782131153934,09:56:22.131,100.7000,94
35782131386423,09:56:22.131,100.7000,6
35798194171350,09:56:38.194,100.7400,100
35807870580316,09:56:47.870,100.7400,100
35827514824714,09:57:07.514,100.7800,100
35827514947250,09:57:07.514,100.7700,100
35827957344245,09:57:07.957,100.6500,100
35827957563931,09:57:07.957,100.6500,100
35827958155417,09:57:07.958,100.6200,100
35837351273338,09:57:17.351,100.6300,100
35837351566527,09:57:17.351,100.6300,100
35837351620837,09:57:17.351,100.6300,100
35845834397219,09:57:25.834,100.6800,1
35845834397219,09:57:25.834,100.6800,19
35845834477269,09:57:25.834,100.6800,100
35847638963672,09:57:27.638,100.6000,100
35855060887926,09:57:35.060,100.5800,100
35863436069704,09:57:43.436,100.5000,2
35863531715181,09:57:43.531,100.5000,2
35863562906128,09:57:43.562,100.5000,2
35863739892610,09:57:43.739,100.5000,2
35875094740817,09:57:55.094,100.5200,100
35881211851412,09:58:01.211,100.5200,100
35915706409190,09:58:35.706,100.8200,11
35921505038890,09:58:41.505,100.7400,100
35921505038890,09:58:41.505,100.7400,100
35921505758173,09:58:41.505,100.6700,100
35921509522229,09:58:41.509,100.7100,51
35928377053473,09:58:48.377,100.6200,100
35969804211526,09:59:29.804,100.4900,20
36009965799246,10:00:09.965,100.4100,70
36009965818794,10:00:09.965,100.4100,12
36009965820286,10:00:09.965,100.4100,18
36009965820286,10:00:09.965,100.4000,50
36010042952370,10:00:10.042,100.3400,100
36010846869556,10:00:10.846,100.3100,13
36010846900104,10:00:10.846,100.3100,87
36010847049013,10:00:10.847,100.3100,42
36010847090712,10:00:10.847,100.3100,58
36010855407232,10:00:10.855,100.2800,149
36010855436518,10:00:10.855,100.2800,51
36010856453550,10:00:10.856,100.2600,10
36010856487146,10:00:10.856,100.2600,90
36010856487146,10:00:10.856,100.2600,100
36010856487146,10:00:10.856,100.2600,100
36011129290357,10:00:11.129,100.2200,10
36011129603060,10:00:11.129,100.2200,90
36011129603060,10:00:11.129,100.2200,100
36032934468308,10:00:32.934,100.2200,18
36032935060751,10:00:32.935,100.2600,100
36032935106503,10:00:32.935,100.2200,100
36032935129114,10:00:32.935,100.2600,100
36032935281471,10:00:32.935,100.2600,100
36032935369603,10:00:32.935,100.2700,100
36035155601220,10:00:35.155,100.2500,100
36035155635869,10:00:35.155,100.2500,48
36035155635869,10:00:35.155,100.2500,90
36062674215487,10:01:02.674,100.2300,13
36062674284622,10:01:02.674,100.2300,100
36062674546413,10:01:02.674,100.2200,100
36062674569783,10:01:02.674,100.2200,100
36062674627787,10:01:02.674,100.2200,100
36062674651203,10:01:02.674,100.2300,100
36062674651203,10:01:02.674,100.2300,10
36062674986127,10:01:02.674,100.2200,10
36064407535028,10:01:04.407,100.2200,100
36065404250169,10:01:05.404,100.2300,10
36106685656255,10:01:46.685,100.4000,32
36133721085931,10:02:13.721,100.4300,2
36133721543223,10:02:13.721,100.4000,20
36153051905857,10:02:33.051,100.3800,50
36153051935175,10:02:33.051,100.3800,105
36153051962691,10:02:33.051,100.3800,40
36153051964368,10:02:33.051,100.3800,5
36153051964368,10:02:33.051,100.3800,100
36160586189482,10:02:40.586,100.2400,48
36160586296856,10:02:40.586,100.2400,52
36160586296856,10:02:40.586,100.2400,100
36160587231527,10:02:40.587,100.1900,35
36166705697086,10:02:46.705,100.0800,41
36166751579342,10:02:46.751,100.0800,25
36171000563058,10:02:51.000,100.1100,5
36171000622837,10:02:51.000,100.1100,43
36171000622837,10:02:51.000,100.1100,2
36176730339982,10:02:56.730,100.1500,100
36209164064804,10:03:29.164,100.1300,100
36258724374012,10:04:18.724,100.3400,3
36274269471827,10:04:34.269,100.0500,5
36284128902718,10:04:44.128,100.0200,200
36284130962289,10:04:44.130,100.0000,25
36284130962289,10:04:44.130,100.0000,175
36284130996949,10:04:44.130,100.0000,25
36284130996949,10:04:44.130,100.0000,100
36284131730907,10:04:44.131,99.9900,100
36284142867200,10:04:44.142,100.0200,1554
36284142896164,10:04:44.142,100.0200,3146
36284158305094,10:04:44.158,100.0000,100
36284163311542,10:04:44.163,100.0000,3
36284233857301,10:04:44.233,100.0000,20
36284320181622,10:04:44.320,100.0000,177
36284320181622,10:04:44.320,100.0000,23
36286314614365,10:04:46.314,100.0500,100
36286314614365,10:04:46.314,100.0500,100
36286314689701,10:04:46.314,100.0500,100
36311600685155,10:05:11.600,100.0000,163
36311601171464,10:05:11.601,100.0000,137
36311602307713,10:05:11.602,99.9800,100
36311603325053,10:05:11.603,99.9500,3
36316375168954,10:05:16.375,99.9500,48
36316375240600,10:05:16.375,99.9500,52
36316375676616,10:05:16.375,99.9400,30
36318825636955,10:05:18.825,99.9000,100
36323260976015,10:05:23.260,99.8700,48
36323261537124,10:05:23.261,99.8700,48
36323717786361,10:05:23.717,99.8700,4
36324402259433,10:05:24.402,99.8500,100
36324403414656,10:05:24.403,99.8500,80
36324407409985,10:05:24.407,99.8500,20
36324416425465,10:05:24.416,99.8000,200
36324416442198,10:05:24.416,99.8000,61
36325278298719,10:05:25.278,99.8700,48
36325278412581,10:05:25.278,99.8700,75
36325278457444,10:05:25.278,99.8700,25
36325278823619,10:05:25.278,99.8800,100
36332086254835,10:05:32.086,99.8700,100
36332086306262,10:05:32.086,99.8700,100
36332086329118,10:05:32.086,99.8700,100
36332086355128,10:05:32.086,99.8800,48
36332086355128,10:05:32.086,99.8800,48
36332086355128,10:05:32.086,99.8800,4
36332086672132,10:05:32.086,99.8800,44
36332086672132,10:05:32.086,99.8800,48
36332086672132,10:05:32.086,99.8800,8
36332086675268,10:05:32.086,99.8800,40
36332086675268,10:05:32.086,99.8800,100
36341757719513,10:05:41.757,99.9500,3
36345592011149,10:05:45.592,100.0700,100
36345592011149,10:05:45.592,100.0800,100
36360203129200,10:06:00.203,100.0800,100
36365723498430,10:06:05.723,100.1000,48
36365723498430,10:06:05.723,100.1000,1
36365723498430,10:06:05.723,100.1000,3
36377806079411,10:06:17.806,100.2000,1000
36377811038786,10:06:17.811,100.2600,100
36377811064401,10:06:17.811,100.2600,48
36377812499610,10:06:17.812,100.2500,48
36378310886119,10:06:18.310,100.3000,48
36378310886119,10:06:18.310,100.3000,48
36378310919147,10:06:18.310,100.3300,4
36383789504720,10:06:23.789,100.2700,48
36383790533113,10:06:23.790,100.2700,1
36383790535890,10:06:23.790,100.2700,51
36383790535890,10:06:23.790,100.2700,10
36383790551307,10:06:23.790,100.2700,90
36399034047397,10:06:39.034,100.2700,200
36407939089197,10:06:47.939,100.2950,200
36415386774652,10:06:55.386,100.2900,200
36436049133244,10:07:16.049,100.2850,200
36436051028711,10:07:16.051,100.3200,7
36436051028711,10:07:16.051,100.3200,93
36436051097976,10:07:16.051,100.3200,7
36436051097976,10:07:16.051,100.3200,93
36436051310680,10:07:16.051,100.3200,7
36436052782891,10:07:16.052,100.3400,100
36436060005783,10:07:16.060,100.3400,48
36436068179037,10:07:16.068,100.3500,20
36448218300836,10:07:28.218,100.3050,100
36455612405862,10:07:35.612,100.2900,200
36455612405862,10:07:35.612,100.2400,41
36455612465626,10:07:35.612,100.2400,100
36455612465626,10:07:35.612,100.2400,100
36488940835129,10:08:08.940,100.2100,48
36488940835129,10:08:08.940,100.2100,45
36488940865783,10:08:08.940,100.2200,1
36488940865783,10:08:08.940,100.2200,5
36488942206586,10:08:08.942,100.2400,100
36502349890808,10:08:22.349,100.2500,75
36502349890808,10:08:22.349,100.2500,100
36502349957917,10:08:22.349,100.2500,100
36503583125845,10:08:23.583,100.2500,100
36508328904067,10:08:28.328,100.2100,100
36510311499826,10:08:30.311,100.2000,100
36519576320997,10:08:39.576,100.2100,100
36521219384675,10:08:41.219,100.1850,100
36551795579830,10:09:11.795,100.1450,100
36555003665159,10:09:15.003,100.1400,100
36556354253022,10:09:16.354,100.1000,100
36570311913477,10:09:30.311,100.1900,1
36570311913477,10:09:30.311,100.1900,3
36570509644595,10:09:30.509,100.2400,100
36571061250352,10:09:31.061,100.2800,100
36575521644784,10:09:35.521,100.3400,10
36578717983690,10:09:38.717,100.4300,80
36579197517003,10:09:39.197,100.4600,45
36579197517003,10:09:39.197,100.4800,100
36579199772864,10:09:39.199,100.4600,30
36609809857442,10:10:09.809,100.3700,100
36609810186688,10:10:09.810,100.3700,100
36629544530142,10:10:29.544,100.4300,1
36631289508877,10:10:31.289,100.4700,84
36631289508877,10:10:31.289,100.4700,5
36631289594521,10:10:31.289,100.4600,10
36664239683178,10:11:04.239,100.4200,100
36664240067093,10:11:04.240,100.4200,100
36673012423796,10:11:13.012,100.4700,200
36673012750305,10:11:13.012,100.4400,90
36673012904613,10:11:13.012,100.4700,100
36673012904613,10:11:13.012,100.4400,10
36689978386021,10:11:29.978,100.4750,100
36691377844191,10:11:31.377,100.5100,1
36691377844191,10:11:31.377,100.5100,9
36692090742530,10:11:32.090,100.5800,1
36692091234886,10:11:32.091,100.5800,99
36710407055696,10:11:50.407,100.7400,17
36723148836223,10:12:03.148,100.8000,13
36752583777850,10:12:32.583,100.8100,6
36752583777850,10:12:32.583,100.8100,100
36759216773707,10:12:39.216,100.8800,8
36759218189016,10:12:39.218,100.8900,4
36792094985569,10:13:12.094,101.0100,17
36792095082224,10:13:12.095,100.9400,10
36792526675941,10:13:12.526,100.9900,100
36792526747162,10:13:12.526,100.9900,100
36792786729847,10:13:12.786,100.9400,100
36792786729847,10:13:12.786,100.9200,100
36806004310942,10:13:26.004,100.9000,100
36806059392369,10:13:26.059,100.9000,10
36814778385607,10:13:34.778,100.9500,1
36815430181281,10:13:35.430,100.8900,100
36815430594278,10:13:35.430,100.8600,87
36815430633552,10:13:35.430,100.8600,13
36815432881030,10:13:35.432,100.8900,100
36815435405863,10:13:35.435,100.8400,48
36815435458132,10:13:35.435,100.8400,100
36815435492001,10:13:35.435,100.8400,52
36816432534711,10:13:36.432,100.8400,16
36816432534711,10:13:36.432,100.8400,48
36816432534711,10:13:36.432,100.8400,48
36816432534711,10:13:36.432,100.8400,48
36816432534711,10:13:36.432,100.8400,1
36816432534711,10:13:36.432,100.8400,10
36848434690609,10:14:08.434,100.8700,100
36848434690609,10:14:08.434,100.8700,100
36848561463244,10:14:08.561,100.8700,48
36873663378947,10:14:33.663,100.8800,4
36873663659799,10:14:33.663,100.9000,1
36914141815767,10:15:14.141,100.9100,100
36914142071251,10:15:14.142,100.8600,100
36914142909890,10:15:14.142,100.8600,100
36914142921114,10:15:14.142,100.8500,100
36914143203472,10:15:14.143,100.8600,9
36916749941135,10:15:16.749,100.8600,10
36918870608187,10:15:18.870,100.8400,25
36918870617029,10:15:18.870,100.8400,23
36918870617029,10:15:18.870,100.8400,48
36930017649611,10:15:30.017,100.8100,100
36930018020188,10:15:30.018,100.8000,100
36930018343949,10:15:30.018,100.7900,100
36949712158480,10:15:49.712,100.8500,100
37031926658558,10:17:11.926,100.8650,100
37062003289105,10:17:42.003,100.8400,100
37062182009134,10:17:42.182,100.8400,5
37069185877059,10:17:49.185,100.8300,100
37069185877059,10:17:49.185,100.8300,100
37069186293537,10:17:49.186,100.8000,70
37069186639273,10:17:49.186,100.8300,100
37069186674543,10:17:49.186,100.8000,30
37071207471125,10:17:51.207,100.8800,1
37071207471125,10:17:51.207,100.8800,100
37071207766354,10:17:51.207,100.8800,100
37071207881951,10:17:51.207,100.9000,100
37071208693223,10:17:51.208,100.9100,100
37087402926629,10:18:07.402,100.8200,44
37087402965488,10:18:07.402,100.8200,56
37105108278410,10:18:25.108,100.7200,1
37108281619512,10:18:28.281,100.7750,100
37138848204898,10:18:58.848,100.7900,5
37162390746886,10:19:22.390,100.7200,2
37168591255765,10:19:28.591,100.8400,100
37168591266185,10:19:28.591,100.8400,100
37168591267691,10:19:28.591,100.8400,100
37168592490977,10:19:28.592,100.8700,2
37168592962732,10:19:28.592,100.8700,10
37168593073883,10:19:28.593,100.9200,100
37168593698473,10:19:28.593,100.9200,100
37178048543068,10:19:38.048,100.9500,31
37191164383530,10:19:51.164,101.0000,300
37191376023479,10:19:51.376,101.0200,16
37191394958597,10:19:51.394,101.0600,17
37197350517947,10:19:57.350,101.0700,78
37197350522239,10:19:57.350,101.0700,22
37204410005726,10:20:04.410,101.0700,9
37216755291017,10:20:16.755,101.1100,6
37216755442028,10:20:16.755,101.1300,9
37218355888053,10:20:18.355,101.1600,26
37221163880744,10:20:21.163,101.2000,5
37222618292036,10:20:22.618,101.2700,17
37223702498779,10:20:23.702,101.1600,100
37223702587396,10:20:23.702,101.1600,100
37223702594792,10:20:23.702,101.1600,100
37223702595673,10:20:23.702,101.1600,100
37223702609816,10:20:23.702,101.1600,100
37223702665945,10:20:23.702,101.1600,100
37223818516213,10:20:23.818,101.3000,83
37223819872457,10:20:23.819,101.3000,100
37228742932606,10:20:28.742,101.3000,35
37232500094977,10:20:32.500,101.3000,282
37243658136761,10:20:43.658,101.2300,100
37243658623817,10:20:43.658,101.2300,100
37243660910616,10:20:43.660,101.2100,100
37244978789518,10:20:44.978,101.2300,15
37260075661862,10:21:00.075,101.2850,100
37261806179910,10:21:01.806,101.2100,100
37261806535916,10:21:01.806,101.2100,100
37261807482277,10:21:01.807,101.2100,100
37274413070514,10:21:14.413,101.2150,100
37277227393129,10:21:17.227,101.1500,11
37277227393129,10:21:17.227,101.1500,89
37277227466053,10:21:17.227,101.1500,11
37299936939668,10:21:39.936,101.2700,100
37299936939668,10:21:39.936,101.2700,48
37299937747385,10:21:39.937,101.2700,8
37300113002011,10:21:40.113,101.3200,100
37325851503558,10:22:05.851,101.4000,26
37325851577053,10:22:05.851,101.4100,10
37325851579366,10:22:05.851,101.4000,100
37326474461836,10:22:06.474,101.3950,100
37326474461836,10:22:06.474,101.3600,100
37326937040540,10:22:06.937,101.3600,100
37326937040540,10:22:06.937,101.3500,100
37326937040540,10:22:06.937,101.3500,100
37327159865706,10:22:07.159,101.3500,100
37332038497974,10:22:12.038,101.4400,6
37337438064874,10:22:17.438,101.4400,100
37361854155154,10:22:41.854,101.4300,5
37395000136628,10:23:15.000,101.5000,5
37395010953294,10:23:15.010,101.5500,26
37395011021669,10:23:15.011,101.5500,100
37403066179716,10:23:23.066,101.5700,31
37403066179716,10:23:23.066,101.5800,69
37403066259194,10:23:23.066,101.5700,100
37410067852033,10:23:30.067,101.5800,100
37410067852033,10:23:30.067,101.5900,52
37411389625470,10:23:31.389,101.5000,5
37412283343900,10:23:32.283,101.6100,17
37412283401143,10:23:32.283,101.6100,100
37416866742796,10:23:36.866,101.5500,5
37418495756609,10:23:38.495,101.6000,5
37422509091401,10:23:42.509,101.5400,5
37427547232531,10:23:47.547,101.6000,3
37429525877731,10:23:49.525,101.6000,2
37435330582779,10:23:55.330,101.5700,15
37442247564325,10:24:02.247,101.5800,2
37442406783434,10:24:02.406,101.5800,2
37442481953763,10:24:02.481,101.5800,2
37442527203488,10:24:02.527,101.5800,2
37442576043147,10:24:02.576,101.5800,2
37442682628566,10:24:02.682,101.5800,2
37442727427199,10:24:02.727,101.5800,2
37442754512945,10:24:02.754,101.5800,2
37442794055695,10:24:02.794,101.5800,2
37444298801563,10:24:04.298,101.5800,82
37444298830547,10:24:04.298,101.6200,100
37444328906555,10:24:04.328,101.5700,85
37444328906555,10:24:04.328,101.5700,100
37444328906555,10:24:04.328,101.5700,100
37444328906555,10:24:04.328,101.5700,100
37444328906555,10:24:04.328,101.5700,100
37446915207795,10:24:06.915,101.5500,16
37450846837492,10:24:10.846,101.6400,5
37459738292496,10:24:19.738,101.5800,16
37462034800809,10:24:22.034,101.5700,200
37462034800809,10:24:22.034,101.5700,100
37465077035297,10:24:25.077,101.5600,16
37469183142160,10:24:29.183,101.5600,43
37469183159558,10:24:29.183,101.5600,41
37469184022922,10:24:29.184,101.5600,100
37469280614929,10:24:29.280,101.5500,100
37471858721831,10:24:31.858,101.5500,100
37473510430018,10:24:33.510,101.5500,100
37476969621262,10:24:36.969,101.6100,7
37476969673822,10:24:36.969,101.6200,23
37476970102348,10:24:36.970,101.6100,100
37477346919467,10:24:37.346,101.6100,100
37484958409064,10:24:44.958,101.6700,26
37484958409064,10:24:44.958,101.6800,17
37484958478853,10:24:44.958,101.6700,100
37491484447569,10:24:51.484,101.6900,85
37491486073954,10:24:51.486,101.7000,100
37491486368313,10:24:51.486,101.7000,10
37491486903001,10:24:51.486,101.7000,73
37491486909853,10:24:51.486,101.7000,27
37491486909853,10:24:51.486,101.7000,73
37491486964894,10:24:51.486,101.7000,27
37491645294066,10:24:51.645,101.7300,16
37492005082951,10:24:52.005,101.6900,100
37513204224029,10:25:13.204,101.6900,150
37513204224029,10:25:13.204,101.6900,100
37516587984471,10:25:16.587,101.6600,2
37516827155906,10:25:16.827,101.6500,2
37516870088567,10:25:16.870,101.6500,2
37516988641837,10:25:16.988,101.6500,2
37517034668607,10:25:17.034,101.6500,2
37526430665698,10:25:26.430,101.6900,5
37529589242964,10:25:29.589,101.6600,2
37529643759166,10:25:29.643,101.6600,1
37529643759166,10:25:29.643,101.6600,1
37529791034075,10:25:29.791,101.6600,2
37529835273954,10:25:29.835,101.6600,2
37529880824546,10:25:29.880,101.6600,2
37529928731355,10:25:29.928,101.6600,2
37529978480066,10:25:29.978,101.6600,2
37530081343882,10:25:30.081,101.6600,2
37530142419300,10:25:30.142,101.6600,2
37531597738602,10:25:31.597,101.6600,50
37531806241133,10:25:31.806,101.7000,18
37531806246073,10:25:31.806,101.7000,2
37533379307854,10:25:33.379,101.7200,16
37538901846977,10:25:38.901,101.6700,2
37538955855079,10:25:38.955,101.6600,2
37539007483837,10:25:39.007,101.6600,2
37539096062207,10:25:39.096,101.6700,2
37550325660012,10:25:50.325,101.7200,100
37550325660012,10:25:50.325,101.7400,200
37550325683993,10:25:50.325,101.7400,49
37550325706123,10:25:50.325,101.7400,51
37550325706123,10:25:50.325,101.7400,49
37550326318550,10:25:50.326,101.7400,84
37557062613359,10:25:57.062,101.7200,21
37560827676392,10:26:00.827,101.7200,79
37562935105186,10:26:02.935,101.7100,100
37562935105186,10:26:02.935,101.7000,1
37562935105186,10:26:02.935,101.7000,100
37562935105186,10:26:02.935,101.7000,58
37562935133964,10:26:02.935,101.7000,100
37565036517095,10:26:05.036,101.6800,16
37565036544332,10:26:05.036,101.6800,84
37565036622533,10:26:05.036,101.6800,14
37565036670461,10:26:05.036,101.6800,86
37574439517870,10:26:14.439,101.6700,2
37574517282989,10:26:14.517,101.6600,2
37574573090278,10:26:14.573,101.6600,2
37574629476837,10:26:14.629,101.6600,2
37574678561527,10:26:14.678,101.6600,2
37574725110224,10:26:14.725,101.6600,2
37574760590308,10:26:14.760,101.6600,2
37575531217870,10:26:15.531,101.7500,7
37636356260677,10:27:16.356,101.7500,50
37636356290287,10:27:16.356,101.7700,100
37636356969990,10:27:16.356,101.7400,100
37636357315925,10:27:16.357,101.7300,100
37636357315925,10:27:16.357,101.7300,13
37636357626443,10:27:16.357,101.7300,87
37636358299266,10:27:16.358,101.7300,100
37636358643886,10:27:16.358,101.7400,100
37636387921513,10:27:16.387,101.7600,8
37636465723001,10:27:16.465,101.7600,100
37648904060846,10:27:28.904,101.8400,1
37648904950629,10:27:28.904,101.8000,1
37648904950629,10:27:28.904,101.8000,10
37666826999609,10:27:46.826,101.7800,2
37696346368314,10:28:16.346,101.7500,2
37696429254752,10:28:16.429,101.7500,2
37696464277404,10:28:16.464,101.7500,2
37716122812868,10:28:36.122,101.7500,37
37716122929416,10:28:36.122,101.7500,57
37716122929416,10:28:36.122,101.7500,13
37716123068805,10:28:36.123,101.7500,33
37716123068805,10:28:36.123,101.7500,23
37728199016628,10:28:48.199,101.8100,10
37728199084768,10:28:48.199,101.8100,90
37728199084768,10:28:48.199,101.8100,10
37728203856853,10:28:48.203,101.8300,10
37728204044657,10:28:48.204,101.8400,100
37728204117702,10:28:48.204,101.8400,100
37742789135293,10:29:02.789,101.8000,100
37772298784272,10:29:32.298,101.7800,2
37772347815235,10:29:32.347,101.7800,2
37772547628958,10:29:32.547,101.7700,2
37784633217313,10:29:44.633,101.7900,100
37784633719566,10:29:44.633,101.7900,100
37794230819146,10:29:54.230,101.7700,98
37794231306853,10:29:54.231,101.7400,100
37796978534019,10:29:56.978,101.7700,100
37811893103307,10:30:11.893,101.8100,7
37811893103307,10:30:11.893,101.8100,93
37811893146448,10:30:11.893,101.8100,7
37811893561955,10:30:11.893,101.8300,87
37820579150789,10:30:20.579,101.8400,100
37820579180177,10:30:20.579,101.8400,17
37820579194240,10:30:20.579,101.8400,83
37820579934831,10:30:20.579,101.8500,500
37820587978699,10:30:20.587,101.8500,100
37820592318195,10:30:20.592,101.8500,26
37823145310571,10:30:23.145,101.8200,100
37831451015221,10:30:31.451,101.7500,2
37831649714426,10:30:31.649,101.7500,2
37831697229917,10:30:31.697,101.7500,2
37831742979166,10:30:31.742,101.7500,2
37831834499873,10:30:31.834,101.7500,2
37831865865967,10:30:31.865,101.7500,2
37831935378170,10:30:31.935,101.7500,2
37831983336736,10:30:31.983,101.7500,2
37832396749468,10:30:32.396,101.8400,100
37832396749468,10:30:32.396,101.8400,100
37832396749468,10:30:32.396,101.8500,200
37842688634896,10:30:42.688,101.7800,2
37842760696775,10:30:42.760,101.7800,2
37842788478671,10:30:42.788,101.7800,2
37847520454423,10:30:47.520,101.7800,2
37869794750370,10:31:09.794,101.8050,100
37878590258260,10:31:18.590,101.8500,174
37878590258260,10:31:18.590,101.8500,100
37878590258260,10:31:18.590,101.8500,74
37878590258260,10:31:18.590,101.8500,100
37878590259574,10:31:18.590,101.8500,100
37881741407340,10:31:21.741,101.8400,161
37881741430054,10:31:21.741,101.8400,39
37921809906026,10:32:01.809,101.8550,100
37922020566101,10:32:02.020,101.8250,100
37922022051911,10:32:02.022,101.7700,100
37925364525035,10:32:05.364,101.8100,1
37925364525035,10:32:05.364,101.8100,2
37925364574115,10:32:05.364,101.8100,5
37965430187545,10:32:45.430,101.9700,83
37965430210883,10:32:45.430,101.9700,17
37965430649049,10:32:45.430,101.9800,100
37965430653004,10:32:45.430,101.9800,100
37965430653004,10:32:45.430,101.9800,50
37965430653004,10:32:45.430,101.9800,100
37965430685670,10:32:45.430,101.9800,50
37966452853532,10:32:46.452,102.0000,348
37966452891646,10:32:46.452,102.0000,502
37966452891646,10:32:46.452,102.0000,500
37966452891646,10:32:46.452,102.0000,100
37966452891646,10:32:46.452,102.0000,55
37966452891646,10:32:46.452,102.0000,3
37966452891646,10:32:46.452,102.0000,3
37966452891646,10:32:46.452,102.0000,369
37966452950309,10:32:46.452,102.0000,76
37966452950309,10:32:46.452,102.0000,50
37966452950309,10:32:46.452,102.0000,150
37966452950309,10:32:46.452,102.0000,100
37966452950309,10:32:46.452,102.0000,100
37966453109350,10:32:46.453,102.0000,100
37984634238969,10:33:04.634,102.0000,100
37984634238969,10:33:04.634,101.9800,100
37984634274260,10:33:04.634,101.9800,100
37993116399484,10:33:13.116,101.9400,100
38008088004237,10:33:28.088,101.9000,58
38008088004237,10:33:28.088,101.9000,14
38008088061001,10:33:28.088,101.9000,86
38008088121247,10:33:28.088,101.9000,14
38017559858200,10:33:37.559,101.8500,100
38049930607324,10:34:09.930,101.7700,100
38049930607324,10:34:09.930,101.7700,100
38050003806682,10:34:10.003,101.7100,100
38050003872659,10:34:10.003,101.7100,100
38050004273265,10:34:10.004,101.7000,100
38050401052031,10:34:10.401,101.7300,48
38050401052031,10:34:10.401,101.7300,48
38050401052031,10:34:10.401,101.7300,48
38053716048805,10:34:13.716,101.7300,100
38053717183866,10:34:13.717,101.7000,100
38064323000326,10:34:24.323,101.7500,61
38076566704747,10:34:36.566,101.6600,2
38078974600805,10:34:38.974,101.7100,2
38089948253691,10:34:49.948,101.7500,39
38089948733842,10:34:49.948,101.7600,100
38089949334313,10:34:49.949,101.7700,6
38112919113642,10:35:12.919,101.8000,100
38131522387709,10:35:31.522,101.7800,100
38139040145423,10:35:39.040,101.8400,100
38139040145423,10:35:39.040,101.8400,100
38139040145423,10:35:39.040,101.8400,10
38139341206541,10:35:39.341,101.8500,32
38139341246320,10:35:39.341,101.8500,68
38141053612584,10:35:41.053,101.8900,100
38150999837118,10:35:50.999,101.9100,100
38150999919649,10:35:50.999,101.8700,100
38151000357042,10:35:51.000,101.8600,100
38151001275768,10:35:51.001,101.8500,100
38161504605338,10:36:01.504,101.8400,5
38161505086127,10:36:01.505,101.8400,100
38161505122661,10:36:01.505,101.8400,48
38181520226613,10:36:21.520,101.8000,100
38228669008633,10:37:08.669,101.7400,100
38228669094680,10:37:08.669,101.7400,100
38228669731218,10:37:08.669,101.7300,100
38234285079435,10:37:14.285,101.6900,100
38234780593405,10:37:14.780,101.6600,100
38234780608152,10:37:14.780,101.6600,134
38234780621481,10:37:14.780,101.6600,748
38234780749590,10:37:14.780,101.6500,3
38234782065059,10:37:14.782,101.6300,13
38234794511865,10:37:14.794,101.6300,87
38237580257102,10:37:17.580,101.6100,100
38237580257102,10:37:17.580,101.6100,100
38237580257102,10:37:17.580,101.6100,100
38237581788965,10:37:17.581,101.6100,100
38237583686639,10:37:17.583,101.6100,100
38237583713990,10:37:17.583,101.6100,100
38237583713990,10:37:17.583,101.6100,1
38238184696351,10:37:18.184,101.5900,1
38247687321028,10:37:27.687,101.6300,100
38247687321028,10:37:27.687,101.6300,100
38247687321028,10:37:27.687,101.6300,10
38247687403391,10:37:27.687,101.6300,100
38255394819550,10:37:35.394,101.6500,2
38266039549656,10:37:46.039,101.5500,100
38271216980944,10:37:51.216,101.5000,47
38271217006983,10:37:51.217,101.5000,153
38279525053219,10:37:59.525,101.5200,100
38279526265375,10:37:59.526,101.5200,100
38279533959627,10:37:59.533,101.5400,100
38288189930110,10:38:08.189,101.5900,6
38296133257614,10:38:16.133,101.6300,100
38298335425675,10:38:18.335,101.6400,100
38298490370283,10:38:18.490,101.6300,100
38298490393708,10:38:18.490,101.6300,90
38298490468501,10:38:18.490,101.6600,10
38298490585237,10:38:18.490,101.6300,10
38342046464322,10:39:02.046,101.7200,100
38342046464322,10:39:02.046,101.7300,9
38349985441565,10:39:09.985,101.7300,91
38349985441565,10:39:09.985,101.7300,9
38350453965270,10:39:10.453,101.6900,100
38360118090046,10:39:20.118,101.6800,100
38360118115691,10:39:20.118,101.6800,100
38360118172380,10:39:20.118,101.6700,100
38360118229918,10:39:20.118,101.6800,94
38410315468549,10:40:10.315,101.7400,6
38410315486803,10:40:10.315,101.7600,59
38410315547858,10:40:10.315,101.7400,100
38415858398968,10:40:15.858,101.7100,100
38415860673411,10:40:15.860,101.6900,100
38415862820474,10:40:15.862,101.6900,100
38449040695294,10:40:49.040,101.6300,100
38449041789957,10:40:49.041,101.5900,100
38449041849266,10:40:49.041,101.6200,100
38449041849266,10:40:49.041,101.6300,100
38470009946989,10:41:10.009,101.6200,100
38491055560243,10:41:31.055,101.6300,9
38491055560243,10:41:31.055,101.6300,10
38491055694550,10:41:31.055,101.6300,100
38492125322553,10:41:32.125,101.5900,100
38521852752511,10:42:01.852,101.5900,100
38536790486913,10:42:16.790,101.5700,34
38536790486913,10:42:16.790,101.5700,100
38544718854549,10:42:24.718,101.5500,70
38544719018289,10:42:24.719,101.5500,30
38558781621687,10:42:38.781,101.5100,100
38565256215518,10:42:45.256,101.5900,100
38565256215518,10:42:45.256,101.6000,200
38565256215518,10:42:45.256,101.6000,100
38565256215518,10:42:45.256,101.6100,9
38565256215518,10:42:45.256,101.6200,91
38565256290165,10:42:45.256,101.6000,100
38590126575689,10:43:10.126,101.6600,100
38590126636362,10:43:10.126,101.6600,10
38590168420716,10:43:10.168,101.7000,94
38606990671743,10:43:26.990,101.7400,60
38606990695635,10:43:26.990,101.7400,40
38606995753277,10:43:26.995,101.7400,100
38606995753277,10:43:26.995,101.7400,100
38606995753277,10:43:26.995,101.7400,100
38607060827369,10:43:27.060,101.7100,8
38616186752088,10:43:36.186,101.7000,100
38616186752088,10:43:36.186,101.7000,100
38616186857966,10:43:36.186,101.7100,100
38657476576742,10:44:17.476,101.8000,100
38657477019870,10:44:17.477,101.8000,6
38657477019870,10:44:17.477,101.8000,100
38657477560123,10:44:17.477,101.8000,100
38660519954137,10:44:20.519,101.8000,100
38660519983749,10:44:20.519,101.8000,264
38660520023714,10:44:20.520,101.8000,36
38660520023714,10:44:20.520,101.8000,64
38660520025317,10:44:20.520,101.8000,36
38664996381868,10:44:24.996,101.8600,100
38672155008923,10:44:32.155,101.8500,100
38672160103399,10:44:32.160,101.8100,100
38672456037580,10:44:32.456,101.7700,100
38672463114524,10:44:32.463,101.7600,100
38685808659252,10:44:45.808,101.7600,31
38690302528280,10:44:50.302,101.7400,100
38690383844135,10:44:50.383,101.7400,48
38693969932852,10:44:53.969,101.7700,1
38693969932852,10:44:53.969,101.7700,14
38694020021541,10:44:54.020,101.7700,34
38694020021541,10:44:54.020,101.7700,48
38694020021541,10:44:54.020,101.7700,48
38694020021541,10:44:54.020,101.7700,48
38701591741320,10:45:01.591,101.8600,100
38701591811565,10:45:01.591,101.8600,100
38701608268575,10:45:01.608,101.8200,48
38701623564332,10:45:01.623,101.7900,100
38701624305622,10:45:01.624,101.8000,48
38711799514569,10:45:11.799,101.8700,74
38711799514569,10:45:11.799,101.9000,100
38727948664846,10:45:27.948,101.9400,20
38733569661933,10:45:33.569,101.9000,100
38733569802262,10:45:33.569,101.9000,100
38754251705003,10:45:54.251,101.8500,100
38754251705003,10:45:54.251,101.8500,1
38754251705003,10:45:54.251,101.8500,100
38754252956348,10:45:54.252,101.8500,100
38786175699264,10:46:26.175,101.8200,3
38786283852483,10:46:26.283,101.7900,100
38786283852483,10:46:26.283,101.7900,100
38805369296158,10:46:45.369,101.7400,100
38811440834499,10:46:51.440,101.7300,100
38811440834499,10:46:51.440,101.7300,100
38812450338280,10:46:52.450,101.7800,100
38814711034979,10:46:54.711,101.7200,100
38817042640065,10:46:57.042,101.7200,100
38822296211083,10:47:02.296,101.6900,18
38822323657055,10:47:02.323,101.6500,100
38830733388398,10:47:10.733,101.6100,18
38836347418861,10:47:16.347,101.5600,100
38837449538096,10:47:17.449,101.5600,18
38837449538096,10:47:17.449,101.5600,82
38865314121352,10:47:45.314,101.5600,100
38893551173025,10:48:13.551,101.5400,18
38893551173025,10:48:13.551,101.5400,32
38893551197328,10:48:13.551,101.5400,7
38893551218938,10:48:13.551,101.5400,61
38901498331972,10:48:21.498,101.5000,18
38902490359462,10:48:22.490,101.4800,100
38902490386765,10:48:22.490,101.4800,13
38902490386765,10:48:22.490,101.4800,100
38910792407883,10:48:30.792,101.5000,18
38915477058213,10:48:35.477,101.5000,24
38915477058213,10:48:35.477,101.5000,48
38915477058213,10:48:35.477,101.5000,48
38915477058213,10:48:35.477,101.5300,1
38915477058213,10:48:35.477,101.5300,80
38915477130326,10:48:35.477,101.5300,20
38915477130326,10:48:35.477,101.5300,100
38916015812569,10:48:36.015,101.5800,100
38916020819854,10:48:36.020,101.5700,42
38916020847718,10:48:36.020,101.5700,58
38931567120401,10:48:51.567,101.5400,100
38941857291413,10:49:01.857,101.5900,1
38941857291413,10:49:01.857,101.5900,100
38941857291413,10:49:01.857,101.6000,100
38941857388081,10:49:01.857,101.5900,100
38961895679814,10:49:21.895,101.6300,58
38961895704814,10:49:21.895,101.6300,42
38961896177878,10:49:21.896,101.6200,100
38961896184955,10:49:21.896,101.6300,42
38961896184955,10:49:21.896,101.6300,100
38961896187215,10:49:21.896,101.6300,1
38961896539653,10:49:21.896,101.6200,41
38993393089398,10:49:53.393,101.5800,100
38993393135627,10:49:53.393,101.5700,100
39001669921379,10:50:01.669,101.5100,100
39021139055642,10:50:21.139,101.6000,200
39021139061370,10:50:21.139,101.6100,200
39021139315972,10:50:21.139,101.6100,100
39041126772248,10:50:41.126,101.5700,100
39055264381811,10:50:55.264,101.6100,1
39055264489595,10:50:55.264,101.6200,100
39055264605789,10:50:55.264,101.6100,46
39055264632788,10:50:55.264,101.6100,54
39055264746899,10:50:55.264,101.6100,8
39055264870436,10:50:55.264,101.6200,100
39055264939159,10:50:55.264,101.6300,15
39060463172046,10:51:00.463,101.5600,2
39060566515504,10:51:00.566,101.5600,2
39060613034592,10:51:00.613,101.5600,2
39060657599416,10:51:00.657,101.5600,2
39060715107188,10:51:00.715,101.5600,2
39060829205266,10:51:00.829,101.5600,2
39060857487540,10:51:00.857,101.5600,2
39060895056245,10:51:00.895,101.5600,2
39090293477980,10:51:30.293,101.7150,100
39121257639547,10:52:01.257,101.7700,40
39126259435364,10:52:06.259,101.7500,100
39126259435364,10:52:06.259,101.7500,100
39126259435364,10:52:06.259,101.7500,82
39126259837173,10:52:06.259,101.7400,100
39126259860214,10:52:06.259,101.7400,100
39126260110392,10:52:06.260,101.7300,100
39127188748521,10:52:07.188,101.7400,100
39127188801014,10:52:07.188,101.7400,6
39127732411385,10:52:07.732,101.7400,94
39127732801835,10:52:07.732,101.7500,100
39137188278523,10:52:17.188,101.7500,2
39142200300202,10:52:22.200,101.6800,100
39142200484081,10:52:22.200,101.6600,100
39164959864543,10:52:44.959,101.6200,100
39169901728589,10:52:49.901,101.6600,100
39174301018056,10:52:54.301,101.6400,100
39179878678320,10:52:59.878,101.6100,100
39179878707679,10:52:59.878,101.6100,40
39179878737396,10:52:59.878,101.6100,60
39180318041125,10:53:00.318,101.5700,100
39185215187454,10:53:05.215,101.5600,100
39191268839729,10:53:11.268,101.5000,100
39203719239250,10:53:23.719,101.5600,100
39203719239250,10:53:23.719,101.5700,1
39203719847689,10:53:23.719,101.5700,100
39203720223350,10:53:23.720,101.5800,100
39203751292572,10:53:23.751,101.5700,10
39203751292572,10:53:23.751,101.5700,90
39203751359097,10:53:23.751,101.5700,10
39215831350836,10:53:35.831,101.6300,200
39236983013833,10:53:56.983,101.6800,100
39236983042781,10:53:56.983,101.6800,212
39236983042781,10:53:56.983,101.6800,171
39289775421524,10:54:49.775,101.7600,119
39289775421524,10:54:49.775,101.7600,13
39304624905130,10:55:04.624,101.7800,100
39310481339539,10:55:10.481,101.7800,100
39310485560189,10:55:10.485,101.7800,46
39310485569550,10:55:10.485,101.7800,54
39310486931077,10:55:10.486,101.8100,5
39318310253872,10:55:18.310,101.9200,100
39322993522280,10:55:22.993,101.8600,100
39322993522280,10:55:22.993,101.8500,100
39322993522280,10:55:22.993,101.8500,100
39322993649822,10:55:22.993,101.8500,100
39324288955537,10:55:24.288,101.8200,100
39327003278189,10:55:27.003,101.8000,100
39327003278189,10:55:27.003,101.8000,100
39334422372204,10:55:34.422,101.8500,100
39334422418484,10:55:34.422,101.8500,48
39334422444226,10:55:34.422,101.8500,52
39375397204286,10:56:15.397,101.8100,100
39389000401232,10:56:29.000,101.8300,100
39389026332030,10:56:29.026,101.8300,70
39430669192078,10:57:10.669,101.7400,100
39430669242423,10:57:10.669,101.7400,100
39430669242423,10:57:10.669,101.7400,18
39430669250657,10:57:10.669,101.7400,82
39433833271411,10:57:13.833,101.8000,5
39438737406997,10:57:18.737,101.7800,100
39479658645592,10:57:59.658,101.6700,100
39508981613439,10:58:28.981,101.6800,22
39508981613439,10:58:28.981,101.6800,78
39533816841517,10:58:53.816,101.7400,20
39533816841517,10:58:53.816,101.7400,5
39533816994315,10:58:53.816,101.7400,35
39533817020406,10:58:53.817,101.7400,65
39535441203165,10:58:55.441,101.7600,100
39535441340297,10:58:55.441,101.7600,100
39535442036074,10:58:55.442,101.7700,9
39535442096864,10:58:55.442,101.7700,91
39535442096864,10:58:55.442,101.7700,9
39585578477491,10:59:45.578,101.8300,2
39590008440752,10:59:50.008,101.7400,58
39593220496895,10:59:53.220,101.7600,100
39601234051269,11:00:01.234,101.8200,8
39601234866625,11:00:01.234,101.8300,100
39601234866625,11:00:01.234,101.8300,27
39601234872220,11:00:01.234,101.8300,100
39601236986462,11:00:01.236,101.8300,27
39612451917834,11:00:12.451,101.8750,100
39613696992553,11:00:13.696,101.8750,100
39613699143539,11:00:13.699,101.8300,100
39613699475847,11:00:13.699,101.8200,100
39618431037953,11:00:18.431,101.8300,8
39618431037953,11:00:18.431,101.8300,29
39618431037953,11:00:18.431,101.8400,5
39618431037953,11:00:18.431,101.8500,100
39645968492023,11:00:45.968,101.7700,100
39647283652798,11:00:47.283,101.7600,100
39652399402360,11:00:52.399,101.7600,100
39652399402360,11:00:52.399,101.7200,48
39662947348025,11:01:02.947,101.8500,1
39662947348025,11:01:02.947,101.8500,99
39662947380062,11:01:02.947,101.8500,1
39662947380062,11:01:02.947,101.8500,100
39662947455022,11:01:02.947,101.9000,67
39662948028544,11:01:02.948,101.8500,100
39664027064690,11:01:04.027,101.8500,100
39664288521251,11:01:04.288,101.8500,59
39665989585188,11:01:05.989,101.8400,100
39665989611155,11:01:05.989,101.8400,100
39665989611155,11:01:05.989,101.8400,100
39665989611155,11:01:05.989,101.8400,18
39665989703868,11:01:05.989,101.8400,100
39666852046454,11:01:06.852,101.8200,100
39667353707486,11:01:07.353,101.7400,100
39667353744598,11:01:07.353,101.7300,3
39679560948285,11:01:19.560,101.8500,8
39687897010331,11:01:27.897,101.8600,8
39687897113699,11:01:27.897,101.8600,100
39710726819993,11:01:50.726,101.8500,100
39717811166930,11:01:57.811,101.8000,100
39717811166930,11:01:57.811,101.7900,100
39717811204435,11:01:57.811,101.7900,100
39717811275635,11:01:57.811,101.7900,7
39717811326034,11:01:57.811,101.7900,93
39726301859906,11:02:06.301,101.8600,3
39726301951087,11:02:06.301,101.8600,100
39789593120626,11:03:09.593,101.8500,100
39790197487837,11:03:10.197,101.8300,100
39795629765735,11:03:15.629,101.7900,100
39795629798835,11:03:15.629,101.7900,100
39795629879816,11:03:15.629,101.7800,100
39838708575696,11:03:58.708,101.7200,100
39849895375962,11:04:09.895,101.7800,10
39849895375962,11:04:09.895,101.7900,1
39849895459030,11:04:09.895,101.7800,100
39880218232535,11:04:40.218,101.7000,100
39880218232535,11:04:40.218,101.7000,100
39880218295464,11:04:40.218,101.7000,100
39880218395676,11:04:40.218,101.7000,100
39880218750871,11:04:40.218,101.6900,100
39880218750871,11:04:40.218,101.6900,100
39880223724344,11:04:40.223,101.7000,10
39880223724344,11:04:40.223,101.7000,10
39880223995957,11:04:40.223,101.7500,10
39918981639260,11:05:18.981,101.6600,100
39921406144698,11:05:21.406,101.6500,2
39922192199104,11:05:22.192,101.6500,100
39922192262821,11:05:22.192,101.6500,98
39922192262821,11:05:22.192,101.6500,2
39922192289449,11:05:22.192,101.6500,98
39927205601926,11:05:27.205,101.7100,100
39927205660956,11:05:27.205,101.7100,100
39931524368094,11:05:31.524,101.7200,100
39931524757282,11:05:31.524,101.7200,3
39931524757282,11:05:31.524,101.7200,1
39931524769691,11:05:31.524,101.7200,100
39959251630038,11:05:59.251,101.6800,100
39990159439518,11:06:30.159,101.7200,100
39990159439518,11:06:30.159,101.7200,3
40006511919125,11:06:46.511,101.7500,10
40027253462039,11:07:07.253,101.6850,100
40035687141747,11:07:15.687,101.6850,100
40035687184877,11:07:15.687,101.6400,74
40035687272208,11:07:15.687,101.6400,100
40035687684718,11:07:15.687,101.6500,100
40044930080372,11:07:24.930,101.7200,8
40044930080372,11:07:24.930,101.7200,1
40045709249495,11:07:25.709,101.7200,100
40045709322318,11:07:25.709,101.7200,100
40065276680421,11:07:45.276,101.6400,97
40088063431970,11:08:08.063,101.6400,100
40088063507328,11:08:08.063,101.6400,100
40089199055418,11:08:09.199,101.5800,100
40089775715804,11:08:09.775,101.5600,100
40089776028582,11:08:09.776,101.5500,200
40102588658874,11:08:22.588,101.5800,3
40102588658874,11:08:22.588,101.5800,10
40102588741527,11:08:22.588,101.5800,100
40102588836899,11:08:22.588,101.6000,10
40102588836899,11:08:22.588,101.6200,90
40102592061016,11:08:22.592,101.6000,100
40104177962351,11:08:24.177,101.5800,10
40176244610912,11:09:36.244,101.4400,61
40176244610912,11:09:36.244,101.4300,38
40176244725700,11:09:36.244,101.4400,100
40202227387695,11:10:02.227,101.4200,100
40225676656170,11:10:25.676,101.5500,100
40225676656170,11:10:25.676,101.5500,1
40225676656170,11:10:25.676,101.5500,1
40271360792866,11:11:11.360,101.6000,1
40271360876101,11:11:11.360,101.6000,100
40271361264271,11:11:11.361,101.6100,100
40271362420798,11:11:11.362,101.6200,100
40272361634404,11:11:12.361,101.5600,22
40272361634404,11:11:12.361,101.5600,18
40272361663561,11:11:12.361,101.5700,100
40274846029274,11:11:14.846,101.5550,100
40280526680314,11:11:20.526,101.5100,100
40321774050849,11:12:01.774,101.5500,48
40321774050849,11:12:01.774,101.5500,48
40321774050849,11:12:01.774,101.5500,35
40321774050849,11:12:01.774,101.5500,48
40321774452102,11:12:01.774,101.6000,100
40360858292115,11:12:40.858,101.6500,100
40385485455958,11:13:05.485,101.5600,2
40398377431639,11:13:18.377,101.6500,1
40398377431639,11:13:18.377,101.6500,2
40398377517506,11:13:18.377,101.6500,100
40419771835855,11:13:39.771,101.6600,8
40419771836490,11:13:39.771,101.6600,19
40439947108421,11:13:59.947,101.6150,100
40440826267994,11:14:00.826,101.5700,100
40440826267994,11:14:00.826,101.5400,100
40440826475685,11:14:00.826,101.5400,100
40440826552975,11:14:00.826,101.5400,100
40462921460233,11:14:22.921,101.4700,98
40484184001579,11:14:44.184,101.4800,100
40494484998456,11:14:54.484,101.4500,20
40495078017889,11:14:55.078,101.4200,500
40495078073646,11:14:55.078,101.4100,100
40552444112056,11:15:52.444,101.4000,100
40565889571215,11:16:05.889,101.3900,100
40565911996152,11:16:05.911,101.3800,11
40566242046662,11:16:06.242,101.4150,100
40574444651667,11:16:14.444,101.3800,89
40574444651667,11:16:14.444,101.3800,11
40574822154064,11:16:14.822,101.4400,300
40574823091992,11:16:14.823,101.4400,100
40576231172894,11:16:16.231,101.4500,100
40576231172894,11:16:16.231,101.4500,100
40576231172894,11:16:16.231,101.4500,1
40576231530189,11:16:16.231,101.4500,100
40584778619558,11:16:24.778,101.4200,100
40591614060107,11:16:31.614,101.4100,100
40591614060107,11:16:31.614,101.4100,5
40620007255282,11:17:00.007,101.3400,100
40620144406319,11:17:00.144,101.3500,100
40620144415005,11:17:00.144,101.3300,100
40658315868784,11:17:38.315,101.3900,50
40664775034171,11:17:44.775,101.3400,100
40664775034171,11:17:44.775,101.3400,100
40667418976676,11:17:47.418,101.3100,100
40667419469941,11:17:47.419,101.3100,100
40667419470486,11:17:47.419,101.3100,100
40667428692559,11:17:47.428,101.3100,100
40667428692559,11:17:47.428,101.3100,100
40667436883416,11:17:47.436,101.2800,20
40667446593818,11:17:47.446,101.2500,300
40682414323429,11:18:02.414,101.2500,100
40688009575062,11:18:08.009,101.2500,100
40688009575062,11:18:08.009,101.2500,21
40688009575062,11:18:08.009,101.2500,100
40703419876470,11:18:23.419,101.1700,100
40703419876470,11:18:23.419,101.1600,15
40703419876470,11:18:23.419,101.1600,85
40725534929180,11:18:45.534,101.2100,1
40725534929180,11:18:45.534,101.2100,99
40725534958480,11:18:45.534,101.2100,1
40728370043079,11:18:48.370,101.2200,1
40728370150913,11:18:48.370,101.2200,100
40728371305013,11:18:48.371,101.2300,100
40729229302540,11:18:49.229,101.2500,50
40731580083701,11:18:51.580,101.2500,29
40731580103338,11:18:51.580,101.2500,1
40731580139770,11:18:51.580,101.2500,20
40731580139770,11:18:51.580,101.2500,1
40732766884770,11:18:52.766,101.2500,100
40732965160657,11:18:52.965,101.2400,100
40732965160657,11:18:52.965,101.2300,100
40732965160657,11:18:52.965,101.2300,100
40733159584946,11:18:53.159,101.2300,100
40733160020393,11:18:53.160,101.2300,8
40733160089662,11:18:53.160,101.2300,100
40735013224910,11:18:55.013,101.2300,100
40737216798319,11:18:57.216,101.2500,100
40737216798319,11:18:57.216,101.2500,100
40761759578696,11:19:21.759,101.1800,20
40761759578696,11:19:21.759,101.1800,17
40761759578696,11:19:21.759,101.1800,100
40761759578696,11:19:21.759,101.1800,100
40761759578696,11:19:21.759,101.1800,43
40764891620463,11:19:24.891,101.1000,100
40771198378650,11:19:31.198,101.0600,20
40771198448400,11:19:31.198,101.0600,20
40771198474478,11:19:31.198,101.0600,80
40848848995751,11:20:48.848,101.1500,1
40850400132988,11:20:50.400,101.1500,1
40850400132988,11:20:50.400,101.1500,100
40883379107151,11:21:23.379,101.0400,20
40883379107151,11:21:23.379,101.0400,5
40883379118766,11:21:23.379,101.0400,95
40892007833797,11:21:32.007,101.1200,1
40892008408828,11:21:32.008,101.1200,1
40896736580559,11:21:36.736,101.1300,44
40902665262511,11:21:42.665,101.1100,100
40913121706733,11:21:53.121,101.1100,1
40930199147678,11:22:10.199,101.0600,1
40930199147678,11:22:10.199,101.0600,99
40930199201146,11:22:10.199,101.0600,1
40971642611789,11:22:51.642,101.1000,2
40974136114951,11:22:54.136,101.1200,100
40989123936661,11:23:09.123,101.0400,100
40989123936661,11:23:09.123,101.0400,100
40989124035260,11:23:09.124,101.0700,10
40989124352591,11:23:09.124,101.0400,10
40989143591994,11:23:09.143,101.0400,100
40989143643947,11:23:09.143,101.0400,53
40989143643947,11:23:09.143,101.0400,47
40989143648523,11:23:09.143,101.0400,53
40989971168656,11:23:09.971,101.0000,5
40989971168656,11:23:09.971,101.0000,25
40989971978045,11:23:09.971,101.0000,375
40989971978045,11:23:09.971,101.0000,100
40989971978045,11:23:09.971,101.0000,100
40989971978045,11:23:09.971,101.0000,5
40997185971315,11:23:17.185,100.9800,100
40997185971315,11:23:17.185,100.9800,100
40997186066027,11:23:17.186,100.9800,100
41010444378565,11:23:30.444,100.9500,100
41028207752673,11:23:48.207,101.0000,48
41028207752673,11:23:48.207,101.0000,48
41028207752673,11:23:48.207,101.0000,4
41028207833894,11:23:48.207,101.0000,44
41028207833894,11:23:48.207,101.0000,48
41028207833894,11:23:48.207,101.0000,7
41028207842176,11:23:48.207,101.0000,93
41028207842176,11:23:48.207,101.0000,1
41028207842176,11:23:48.207,101.0000,32
41028207911859,11:23:48.207,101.0000,193
41028208049419,11:23:48.208,101.0000,54
41028208272136,11:23:48.208,101.0000,46
41028208272136,11:23:48.208,101.0000,54
41028208503677,11:23:48.208,101.0000,46
41028208503677,11:23:48.208,101.0000,75
41028262007854,11:23:48.262,101.0000,100
41031471272881,11:23:51.471,101.0200,1
41031471272881,11:23:51.471,101.0200,100
41032623471108,11:23:52.623,101.0400,98
41032623518925,11:23:52.623,101.0400,2
41032623518925,11:23:52.623,101.0400,2
41032623518925,11:23:52.623,101.0400,9
41044238331720,11:24:04.238,101.0000,100
41057354379225,11:24:17.354,100.9400,60
41057354405785,11:24:17.354,100.9400,40
41057354405785,11:24:17.354,100.9400,41
41057400063512,11:24:17.400,100.9750,100
41060967070878,11:24:20.967,100.9300,100
41086192215412,11:24:46.192,100.9200,99
41090931823710,11:24:50.931,100.9500,1
41090931823710,11:24:50.931,100.9500,99
41090931850383,11:24:50.931,100.9500,1
41091457090271,11:24:51.457,100.9500,100
41091457090271,11:24:51.457,100.9500,100
41113297760442,11:25:13.297,100.9100,164
41113315171069,11:25:13.315,100.9000,5
41148560044671,11:25:48.560,100.8500,46
41148560105071,11:25:48.560,100.8400,21
41148560105071,11:25:48.560,100.8400,79
41148560116272,11:25:48.560,100.8400,21
41155154353305,11:25:55.154,100.7800,21
41197889154729,11:26:37.889,100.8500,1
41197889154729,11:26:37.889,100.8500,100
41197889605572,11:26:37.889,100.8600,100
41197889647435,11:26:37.889,100.8700,52
41197889705133,11:26:37.889,100.8700,48
41212225997157,11:26:52.225,100.8700,1
41213252048912,11:26:53.252,100.8700,1
41213269736475,11:26:53.269,100.8500,200
41213269762616,11:26:53.269,100.8500,230
41213269762616,11:26:53.269,100.8500,1
41221318985546,11:27:01.318,100.8200,100
41243683711653,11:27:23.683,100.8800,20
41262192624734,11:27:42.192,100.8000,4
41262192624734,11:27:42.192,100.8000,100
41262192624734,11:27:42.192,100.8000,21
41262192624734,11:27:42.192,100.8000,25
41262192671707,11:27:42.192,100.8000,75
41262194498319,11:27:42.194,100.7800,100
41262210423097,11:27:42.210,100.7700,85
41262210447192,11:27:42.210,100.7700,15
41271855230470,11:27:51.855,100.7850,100
41279929115820,11:27:59.929,100.7500,1
41288579001376,11:28:08.579,100.7200,100
41288579001376,11:28:08.579,100.7200,1
41288579528079,11:28:08.579,100.7200,10
41288579555207,11:28:08.579,100.7200,90
41288579589948,11:28:08.579,100.7100,100
41288579589948,11:28:08.579,100.7000,2
41288579914944,11:28:08.579,100.7200,91
41288579960205,11:28:08.579,100.7200,9
41288580606268,11:28:08.580,100.6900,16
41288580606268,11:28:08.580,100.6800,19
41288580606268,11:28:08.580,100.6700,100
41292176053567,11:28:12.176,100.6900,20
41292176073828,11:28:12.176,100.6900,80
41297312767173,11:28:17.312,100.6800,100
41297313088377,11:28:17.313,100.6800,100
41298656818981,11:28:18.656,100.6600,100
41313272547246,11:28:33.272,100.6500,1
41313272647460,11:28:33.272,100.6700,10
41313811506560,11:28:33.811,100.6900,1
41315133984647,11:28:35.133,100.6900,10
41325511752463,11:28:45.511,100.7200,10
41378863244820,11:29:38.863,100.7700,9
41378863244820,11:29:38.863,100.7700,100
41395847632279,11:29:55.847,100.7400,1
41408016314160,11:30:08.016,100.6900,100
41408016314160,11:30:08.016,100.6900,1
41408016390005,11:30:08.016,100.6900,100
41408016796619,11:30:08.016,100.6800,34
41408016816487,11:30:08.016,100.6800,166
41437564697855,11:30:37.564,100.6500,21
41437564697855,11:30:37.564,100.6500,13
41439300185419,11:30:39.300,100.6300,100
41439391441816,11:30:39.391,100.6400,100
41450715822890,11:30:50.715,100.6200,12
41453079350439,11:30:53.079,100.6900,1
41453079350439,11:30:53.079,100.6900,100
41453079350439,11:30:53.079,100.6900,10
41453079456441,11:30:53.079,100.7000,100
41453080215683,11:30:53.080,100.7100,63
41453081511616,11:30:53.081,100.7500,32
41458627940912,11:30:58.627,100.7500,468
41458628029043,11:30:58.628,100.7500,100
41485538573986,11:31:25.538,100.8000,100
41517849229769,11:31:57.849,100.9300,2
41526769912018,11:32:06.769,100.8900,83
41526769964259,11:32:06.769,100.9100,100
41526770025610,11:32:06.770,100.8900,17
41526770025610,11:32:06.770,100.8800,83
41526770041645,11:32:06.770,100.8800,17
41526771084450,11:32:06.771,100.8100,100
41526771084450,11:32:06.771,100.8000,50
41526771557646,11:32:06.771,100.8800,100
41566066793583,11:32:46.066,100.8800,8
41566066793583,11:32:46.066,100.8800,1
41566066928392,11:32:46.066,100.8900,23
41566067319395,11:32:46.067,100.8900,77
41567210626173,11:32:47.210,100.8900,29
41567524003860,11:32:47.524,100.8900,71
41567524003860,11:32:47.524,100.8800,29
41568828886534,11:32:48.828,100.8800,15
41589984061658,11:33:09.984,100.9500,33
41589984084256,11:33:09.984,100.9500,67
41596118781462,11:33:16.118,101.0000,100
41596118781462,11:33:16.118,100.9700,100
41596118979955,11:33:16.118,100.9800,100
41596138687936,11:33:16.138,100.9600,200
41596138730740,11:33:16.138,100.9600,56
41596138732546,11:33:16.138,100.9600,29
41596138756237,11:33:16.138,100.9600,15
41610487374402,11:33:30.487,101.0000,100
41613302489310,11:33:33.302,101.0000,2
41613302489310,11:33:33.302,101.0000,100
41613303145878,11:33:33.303,101.0000,2
41635164971954,11:33:55.164,101.0700,100
41639280928845,11:33:59.280,101.0500,100
41655669079703,11:34:15.669,101.1200,1
41655669139867,11:34:15.669,101.1300,8
41655669161316,11:34:15.669,101.1300,8
41655669161316,11:34:15.669,101.1200,92
41655669188935,11:34:15.669,101.1200,8
41685306879447,11:34:45.306,101.0600,100
41719370992800,11:35:19.370,101.0500,1
41720817430288,11:35:20.817,100.9900,100
41720817430288,11:35:20.817,100.9900,100
41737421132037,11:35:37.421,100.9900,100
41737421185890,11:35:37.421,100.9900,100
41737421211506,11:35:37.421,100.9900,300
41760472696620,11:36:00.472,101.0500,1
41760472771685,11:36:00.472,101.0500,100
41763590423413,11:36:03.590,101.0300,2
41763590423413,11:36:03.590,101.0300,100
41763590423413,11:36:03.590,101.0000,98
41763590648564,11:36:03.590,101.0000,28
41763590648564,11:36:03.590,101.0000,1
41787935984582,11:36:27.935,101.0100,100
41789580099574,11:36:29.580,100.9700,100
41789958677437,11:36:29.958,100.9600,100
41800054893523,11:36:40.054,100.9700,100
41800054896132,11:36:40.054,100.9700,80
41800055837645,11:36:40.055,100.9700,6
41800056390201,11:36:40.056,100.9700,100
41800057244693,11:36:40.057,100.9800,100
41800057997267,11:36:40.057,100.9900,71
41803877636373,11:36:43.877,101.0400,100
41823850056162,11:37:03.850,101.0300,1
41886852125596,11:38:06.852,101.0100,1
41886852857182,11:38:06.852,100.9900,100
41900124656558,11:38:20.124,101.0300,1
41900124725166,11:38:20.124,101.0400,100
41900124725166,11:38:20.124,101.0400,9
41923488270582,11:38:43.488,101.0500,1
41923488676322,11:38:43.488,101.0400,1
41924274981762,11:38:44.274,101.0100,100
41931993211017,11:38:51.993,101.0100,100
41944322084571,11:39:04.322,101.0800,100
41961911049130,11:39:21.911,101.1000,100
41961911110814,11:39:21.911,101.0900,100
41961911129124,11:39:21.911,101.1000,100
41961911169028,11:39:21.911,101.1000,91
41963242894593,11:39:23.242,101.0400,100
42006853391308,11:40:06.853,101.1500,1
42012932682882,11:40:12.932,101.1800,1
42012932760514,11:40:12.932,101.1800,100
42012969111795,11:40:12.969,101.1600,100
42012969111795,11:40:12.969,101.1300,100
42027090998923,11:40:27.090,101.1900,8
42027090998923,11:40:27.090,101.1900,1
42030138417323,11:40:30.138,101.2000,1
42033048237934,11:40:33.048,101.1900,100
42033048237934,11:40:33.048,101.1900,100
42033048237934,11:40:33.048,101.1900,100
42033048268191,11:40:33.048,101.1900,100
42037909949719,11:40:37.909,101.1400,1
42037909949719,11:40:37.909,101.1400,9
42103722909811,11:41:43.722,101.2300,100
42103722909811,11:41:43.722,101.2300,100
42103722909811,11:41:43.722,101.2300,8
42105296503623,11:41:45.296,101.2400,100
42105296503623,11:41:45.296,101.2300,100
42105296799967,11:41:45.296,101.2300,100
42105296799967,11:41:45.296,101.2300,100
42115500607984,11:41:55.500,101.2300,43
42117024354288,11:41:57.024,101.2300,57
42117024406446,11:41:57.024,101.2600,100
42120008087424,11:42:00.008,101.3300,100
42120008087424,11:42:00.008,101.3300,100
42120008639218,11:42:00.008,101.3300,11
42153585270788,11:42:33.585,101.4100,1
42180030734731,11:43:00.030,101.4200,1
42180030748038,11:43:00.030,101.4600,100
42180030748038,11:43:00.030,101.4600,100
42180031153079,11:43:00.031,101.4400,100
42180031177211,11:43:00.031,101.4300,100
42180031177211,11:43:00.031,101.4300,21
42180031565471,11:43:00.031,101.4400,100
42180031590729,11:43:00.031,101.4400,100
42180031590729,11:43:00.031,101.4400,100
42180879834094,11:43:00.879,101.4600,100
42188104180080,11:43:08.104,101.4800,21
42188847762478,11:43:08.847,101.4800,1
42192578669862,11:43:12.578,101.4300,100
42192578669862,11:43:12.578,101.4300,21
42194610378199,11:43:14.610,101.4100,23
42194610378199,11:43:14.610,101.4100,100
42194610458048,11:43:14.610,101.4100,100
42196134833274,11:43:16.134,101.4400,1
42207597630730,11:43:27.597,101.4000,100
42207597630730,11:43:27.597,101.4000,100
42207598078463,11:43:27.598,101.3900,100
42207599242934,11:43:27.599,101.3700,100
42226725018297,11:43:46.725,101.4050,100
42248258439194,11:44:08.258,101.4400,100
42248258439194,11:44:08.258,101.4600,51
42248258439194,11:44:08.258,101.4600,70
42249848680591,11:44:09.848,101.4100,1
42249994235321,11:44:09.994,101.3900,20
42257095296766,11:44:17.095,101.4400,1
42258044697978,11:44:18.044,101.4000,100
42258044697978,11:44:18.044,101.3900,100
42259170169928,11:44:19.170,101.3800,100
42259170169928,11:44:19.170,101.3800,100
42268443774509,11:44:28.443,101.3400,10
42287024593784,11:44:47.024,101.4100,100
42304471980217,11:45:04.471,101.4600,8
42306193339528,11:45:06.193,101.4500,100
42310848231743,11:45:10.848,101.4700,1
42362045814770,11:46:02.045,101.5700,100
42362045814770,11:46:02.045,101.5200,4
42362045814770,11:46:02.045,101.5200,96
42371331522367,11:46:11.331,101.5300,100
42371331522367,11:46:11.331,101.5200,100
42371331539017,11:46:11.331,101.5200,100
42371331625614,11:46:11.331,101.5200,100
42374284655007,11:46:14.284,101.5200,100
42374386049307,11:46:14.386,101.5100,100
42390580487127,11:46:30.580,101.4900,10
42390580515403,11:46:30.580,101.4900,490
42390580515403,11:46:30.580,101.4900,100
42390581753062,11:46:30.581,101.4900,100
42430247986868,11:47:10.247,101.4700,100
42430247986868,11:47:10.247,101.4700,33
42430248569185,11:47:10.248,101.4500,100
42453974797649,11:47:33.974,101.4600,100
42495229697795,11:48:15.229,101.4250,100
42495331894403,11:48:15.331,101.4200,2
42495353103261,11:48:15.353,101.3900,100
42495353738546,11:48:15.353,101.3800,2
42506569373648,11:48:26.569,101.3300,100
42506818178005,11:48:26.818,101.3500,50
42529240307935,11:48:49.240,101.3300,1
42529240307935,11:48:49.240,101.3300,99
42529243143173,11:48:49.243,101.3300,1
42538935149461,11:48:58.935,101.2700,1
42539213429551,11:48:59.213,101.2400,14
42539213451189,11:48:59.213,101.2400,86
42539213451189,11:48:59.213,101.2400,14
42539213564645,11:48:59.213,101.2400,84
42539213591300,11:48:59.213,101.2400,2
42539213591300,11:48:59.213,101.2400,16
42539214061324,11:48:59.214,101.2400,84
42539214076374,11:48:59.214,101.2400,84
42611989743650,11:50:11.989,101.2100,1
42611989743650,11:50:11.989,101.2100,1
42611989743650,11:50:11.989,101.2100,100
42611989743650,11:50:11.989,101.2100,98
42611989865175,11:50:11.989,101.2100,2
42611990322320,11:50:11.990,101.2000,100
42638964501229,11:50:38.964,101.2000,5
42647447089577,11:50:47.447,101.1800,100
42654558125233,11:50:54.558,101.1500,100
42677848921184,11:51:17.848,101.2200,1
42677849581988,11:51:17.849,101.2300,100
42677849592569,11:51:17.849,101.2300,100
42677850223049,11:51:17.850,101.2400,100
42677964692299,11:51:17.964,101.2300,100
42679210663743,11:51:19.210,101.2500,2
42680498120714,11:51:20.498,101.2500,80
42680498498928,11:51:20.498,101.2200,100
42680498809200,11:51:20.498,101.2200,100
42680499132364,11:51:20.499,101.2200,100
42682500164801,11:51:22.500,101.2100,100
42698286761148,11:51:38.286,101.1700,100
42719188690276,11:51:59.188,101.1100,100
42737848669544,11:52:17.848,101.1500,1
42789471671587,11:53:09.471,101.1900,100
42789471671587,11:53:09.471,101.1900,1
42789471688530,11:53:09.471,101.2100,8
42790021341600,11:53:10.021,101.2400,8
42790021341600,11:53:10.021,101.2400,100
42790021341600,11:53:10.021,101.2400,100
42790021989822,11:53:10.021,101.2500,30
42790022020250,11:53:10.022,101.2500,70
42794704076144,11:53:14.704,101.2600,1
42795914232924,11:53:15.914,101.2650,100
42795914232924,11:53:15.914,101.2500,1
42795914443007,11:53:15.914,101.2500,99
42795914443007,11:53:15.914,101.2500,1
42796351870745,11:53:16.351,101.2300,100
42838432482542,11:53:58.432,101.1900,99
42843716278611,11:54:03.716,101.2600,1
42843716312565,11:54:03.716,101.2600,100
42883772152264,11:54:43.772,101.1800,100
42883772212135,11:54:43.772,101.1700,1
42883772212135,11:54:43.772,101.1700,99
42883772458114,11:54:43.772,101.1700,1
42883772458114,11:54:43.772,101.1700,1
42883772458114,11:54:43.772,101.1700,100
42883779835695,11:54:43.779,101.1700,25
42894277959135,11:54:54.277,101.2300,100
42906282228854,11:55:06.282,101.2800,100
42918707847728,11:55:18.707,101.2200,1
42918707859641,11:55:18.707,101.2100,33
42918707895334,11:55:18.707,101.2100,67
42952061404875,11:55:52.061,101.2100,100
42981846912282,11:56:21.846,101.2600,1
42982496379844,11:56:22.496,101.2800,100
42982496379844,11:56:22.496,101.2800,8
42982496712318,11:56:22.496,101.2900,8
42982496737630,11:56:22.496,101.2900,92
43000722291084,11:56:40.722,101.3550,100
43000722386797,11:56:40.722,101.3500,1
43007967026983,11:56:47.967,101.3900,100
43007968127146,11:56:47.968,101.4000,12
43020532316717,11:57:00.532,101.4800,100
43021086431779,11:57:01.086,101.4500,1
43022158950844,11:57:02.158,101.4300,100
43022158950844,11:57:02.158,101.4300,100
43022159416821,11:57:02.159,101.4200,59
43022159542157,11:57:02.159,101.4200,41
43022160589499,11:57:02.160,101.4100,8
43022160869851,11:57:02.160,101.4100,92
43028499212380,11:57:08.499,101.4000,100
43035180702202,11:57:15.180,101.4300,9
43042333446660,11:57:22.333,101.3800,100
43042333506435,11:57:22.333,101.3600,100
43042333739894,11:57:22.333,101.3600,2
43076458222827,11:57:56.458,101.2600,2
43098302709749,11:58:18.302,101.3500,100
43098302744685,11:58:18.302,101.3500,34
43110812648001,11:58:30.812,101.3800,1
43110812648001,11:58:30.812,101.3800,8
43110812735421,11:58:30.812,101.3800,100
43121159355721,11:58:41.159,101.4000,5
43121159355721,11:58:41.159,101.4000,100
43121159889587,11:58:41.159,101.4100,1
43127152362113,11:58:47.152,101.4100,2
43127668317609,11:58:47.668,101.4200,100
43127670843068,11:58:47.670,101.4400,100
43132766582909,11:58:52.766,101.4500,100
43132766597060,11:58:52.766,101.4800,15
43142661815612,11:59:02.661,101.4200,92
43142661815612,11:59:02.661,101.4200,100
43142661817655,11:59:02.661,101.4200,100
43142662247862,11:59:02.662,101.4200,40
43142662285887,11:59:02.662,101.4200,60
43196843878284,11:59:56.843,101.4600,100
43198444996251,11:59:58.444,101.4700,34
43198445344144,11:59:58.445,101.4700,35
43198445353598,11:59:58.445,101.4700,31
43198445353598,11:59:58.445,101.4700,9
43201534261345,12:00:01.534,101.4850,100
43225848673051,12:00:25.848,101.4800,1
43225848673051,12:00:25.848,101.4800,49
43225848696014,12:00:25.848,101.4800,100
43225848701442,12:00:25.848,101.4800,253
43225848701442,12:00:25.848,101.4800,100
43225848735085,12:00:25.848,101.4800,1
43225848755163,12:00:25.848,101.4800,48
43225848755163,12:00:25.848,101.4800,100
43225848784533,12:00:25.848,101.4800,1
43225849403470,12:00:25.849,101.4800,100
43225849403470,12:00:25.849,101.4800,253
43225849403470,12:00:25.849,101.4800,48
43225849403470,12:00:25.849,101.4800,1
43226857545503,12:00:26.857,101.4400,100
43226857545503,12:00:26.857,101.4400,1
43229659441110,12:00:29.659,101.4200,100
43229659441110,12:00:29.659,101.4200,100
43229659566814,12:00:29.659,101.4200,100
43232145819299,12:00:32.145,101.3800,100
43267184738927,12:01:07.184,101.4300,1
43267184738927,12:01:07.184,101.4300,1
43267184738927,12:01:07.184,101.4300,12
43267184783550,12:01:07.184,101.4300,88
43285738966112,12:01:25.738,101.4100,1
43296524100821,12:01:36.524,101.3500,100
43314552296364,12:01:54.552,101.3700,10
43314552296364,12:01:54.552,101.3800,53
43314552381290,12:01:54.552,101.3500,100
43327291638449,12:02:07.291,101.3500,50
43329578202763,12:02:09.578,101.3500,100
43329758486174,12:02:09.758,101.3500,50
43330051505764,12:02:10.051,101.3500,20
43330054980860,12:02:10.054,101.3500,26
43330057234822,12:02:10.057,101.3500,26
43330059483618,12:02:10.059,101.3500,26
43330062802980,12:02:10.062,101.3500,2
43330062802980,12:02:10.062,101.3500,20
43330065075474,12:02:10.065,101.3500,22
43330067342639,12:02:10.067,101.3500,22
43330070613074,12:02:10.070,101.3500,18
43330072860406,12:02:10.072,101.3500,18
43330075107776,12:02:10.075,101.3500,18
43330098676732,12:02:10.098,101.3500,82
43331713300971,12:02:11.713,101.3400,100
43339115426056,12:02:19.115,101.3700,100
43347957146196,12:02:27.957,101.4000,100
43347957459243,12:02:27.957,101.4000,100
43356350026605,12:02:36.350,101.4300,1
43356698348640,12:02:36.698,101.4600,100
43356698348640,12:02:36.698,101.4600,100
43378163569783,12:02:58.163,101.4800,100
43378780262053,12:02:58.780,101.4850,100
43379477438206,12:02:59.477,101.4800,100
43382540138147,12:03:02.540,101.4800,2
43405917730647,12:03:25.917,101.4800,100
43411626126450,12:03:31.626,101.4800,100
43416888753993,12:03:36.888,101.4700,100
43416889546375,12:03:36.889,101.4500,100
43424429593304,12:03:44.429,101.3700,100
43424429593304,12:03:44.429,101.3700,5
43520911455473,12:05:20.911,101.3700,1
43520911455473,12:05:20.911,101.3700,100
43520911455473,12:05:20.911,101.3700,100
43520912635446,12:05:20.912,101.3600,5
43520913794494,12:05:20.913,101.3400,10
43520913816395,12:05:20.913,101.3400,10
43520915747330,12:05:20.915,101.3400,90
43520915747330,12:05:20.915,101.3300,10
43520915775073,12:05:20.915,101.3300,90
43520915775073,12:05:20.915,101.3300,100
43520915775073,12:05:20.915,101.3300,100
43520915775073,12:05:20.915,101.3300,100
43521213093983,12:05:21.213,101.3500,48
43521213123347,12:05:21.213,101.3600,1
43549768886251,12:05:49.768,101.3600,1
43551572194495,12:05:51.572,101.3200,1
43551572281640,12:05:51.572,101.3100,2
43551572281640,12:05:51.572,101.3000,1
43551572312692,12:05:51.572,101.3000,99
43551573005821,12:05:51.573,101.2900,10
43551575714107,12:05:51.575,101.2800,100
43560400590445,12:06:00.400,101.2700,10
43560400590445,12:06:00.400,101.2700,90
43560400671313,12:06:00.400,101.2700,10
43562536747164,12:06:02.536,101.2900,7
43581299781738,12:06:21.299,101.2600,10
43581299781738,12:06:21.299,101.2600,27
43581299781738,12:06:21.299,101.2600,2
43581299781738,12:06:21.299,101.2600,61
43581299809863,12:06:21.299,101.2600,39
43592389982448,12:06:32.389,101.2800,321
43592390010942,12:06:32.390,101.2800,479
43642776351918,12:07:22.776,101.3200,100
43647433901406,12:07:27.433,101.3000,100
43684402764276,12:08:04.402,101.3300,1
43692134400762,12:08:12.134,101.3600,100
43692134400762,12:08:12.134,101.3600,9
43692134949110,12:08:12.134,101.3700,100
43704415084898,12:08:24.415,101.3400,100
43704415084898,12:08:24.415,101.3400,2
43725951203599,12:08:45.951,101.4000,100
43744669058574,12:09:04.669,101.4900,100
43745169189597,12:09:05.169,101.5400,100
43745170400597,12:09:05.170,101.5500,100
43745170400597,12:09:05.170,101.5500,100
43768011618829,12:09:28.011,101.5300,1
43774490678602,12:09:34.490,101.5300,100
43806121163039,12:10:06.121,101.5800,8
43806121163039,12:10:06.121,101.5800,92
43810511834632,12:10:10.511,101.6300,100
43811889844325,12:10:11.889,101.6100,100
43811889889016,12:10:11.889,101.6100,100
43811889889016,12:10:11.889,101.6100,1
43811920832098,12:10:11.920,101.5800,45
43811920857795,12:10:11.920,101.5800,55
43827827525510,12:10:27.827,101.5700,100
43827827525510,12:10:27.827,101.5500,100
43827827554126,12:10:27.827,101.5500,100
43854404507992,12:10:54.404,101.5400,100
43855633479775,12:10:55.633,101.5000,88
43855633506070,12:10:55.633,101.5000,12
43862252301723,12:11:02.252,101.5000,100
43888319158573,12:11:28.319,101.5200,50
43888319189699,12:11:28.319,101.5200,50
43888319189699,12:11:28.319,101.5200,1
43890002659122,12:11:30.002,101.5200,1
43890002659122,12:11:30.002,101.5200,99
43890002686318,12:11:30.002,101.5200,1
43891894035459,12:11:31.894,101.5250,100
43927944969492,12:12:07.944,101.5700,24
43960031487505,12:12:40.031,101.5500,100
43960032777802,12:12:40.032,101.5400,2
43960032875199,12:12:40.032,101.5300,160
43960032901362,12:12:40.032,101.5300,340
43969427313379,12:12:49.427,101.5100,100
43969427370998,12:12:49.427,101.5000,100
43969427397634,12:12:49.427,101.5000,95
43988731054756,12:13:08.731,101.5350,100
44008009251835,12:13:28.009,101.5300,18
44008009917170,12:13:28.009,101.5500,200
44008009917170,12:13:28.009,101.5500,300
44010009223324,12:13:30.009,101.5600,1
44061555082548,12:14:21.555,101.5200,2
44061555082548,12:14:21.555,101.5200,100
44061556362990,12:14:21.556,101.5100,18
44083675340013,12:14:43.675,101.5700,1
44083675340013,12:14:43.675,101.5700,11
44083675340013,12:14:43.675,101.5700,100
44128023376648,12:15:28.023,101.5900,1
44165201188276,12:16:05.201,101.5600,100
44173720589980,12:16:13.720,101.5700,100
44173720589980,12:16:13.720,101.5700,8
44179328837942,12:16:19.328,101.6200,100
44184727059128,12:16:24.727,101.5600,100
44188007771959,12:16:28.007,101.5900,1
44220456938518,12:17:00.456,101.5900,1
44225828284390,12:17:05.828,101.6100,23
44232505169441,12:17:12.505,101.5600,100
44232505184471,12:17:12.505,101.5600,1
44233463182335,12:17:13.463,101.5200,100
44233463183935,12:17:13.463,101.5100,100
44233463183935,12:17:13.463,101.5000,750
44233463424850,12:17:13.463,101.5000,100
44233464322951,12:17:13.464,101.4800,66
44233464747368,12:17:13.464,101.4800,34
44233464747368,12:17:13.464,101.4800,100
44238752835433,12:17:18.752,101.4900,100
44280147862582,12:18:00.147,101.5100,1
44282410557715,12:18:02.410,101.5200,14
44282410582372,12:18:02.410,101.5200,86
44293572010022,12:18:13.572,101.4900,2
44293572067171,12:18:13.572,101.4800,1
44293572067171,12:18:13.572,101.4800,1
44293572067171,12:18:13.572,101.4800,98
44293572090696,12:18:13.572,101.4800,2
44301153701039,12:18:21.153,101.5100,8
44320933594217,12:18:40.933,101.4600,27
44320933594217,12:18:40.933,101.4600,73
44320933651803,12:18:40.933,101.4600,27
44320933651803,12:18:40.933,101.4600,73
44320933828731,12:18:40.933,101.4600,27
44366757995859,12:19:26.757,101.5300,100
44375431034597,12:19:35.431,101.6000,100
44375431034597,12:19:35.431,101.6000,100
44379036858373,12:19:39.036,101.7000,1
44391207881914,12:19:51.207,101.6700,100
44391207937440,12:19:51.207,101.6600,100
44391208136611,12:19:51.208,101.6500,44
44391208434210,12:19:51.208,101.6500,5
44391209451284,12:19:51.209,101.6400,100
44394357608614,12:19:54.357,101.6200,1
44394357635656,12:19:54.357,101.6500,100
44407913411419,12:20:07.913,101.6400,8
44416845377275,12:20:16.845,101.7100,1
44416846041472,12:20:16.846,101.7100,100
44428009486341,12:20:28.009,101.7200,2
44428009486341,12:20:28.009,101.7200,65
44447038664184,12:20:47.038,101.7100,1
44463920913802,12:21:03.920,101.7500,100
44463922614756,12:21:03.922,101.7300,99
44491462240985,12:21:31.462,101.7500,1
44491538478413,12:21:31.538,101.7500,99
44491538478413,12:21:31.538,101.7600,1
44499571322785,12:21:39.571,101.7100,100
44499571322785,12:21:39.571,101.7100,100
44499571966208,12:21:39.571,101.6900,100
44499602154861,12:21:39.602,101.6700,100
44505291992236,12:21:45.291,101.6600,2
44546924545263,12:22:26.924,101.7700,100
44548012205255,12:22:28.012,101.7950,100
44548012222307,12:22:28.012,101.7900,1
44548012303498,12:22:28.012,101.8100,10
44549628922888,12:22:29.628,101.7900,10
44551636607228,12:22:31.636,101.7700,100
44551636633854,12:22:31.636,101.7700,1
44569146953518,12:22:49.146,101.7200,113
44590385237672,12:23:10.385,101.6800,100
44590385855127,12:23:10.385,101.6600,100
44648082813872,12:24:08.082,101.6900,4
44670324804667,12:24:30.324,101.6800,1
44697127302861,12:24:57.127,101.7200,13
44697127302861,12:24:57.127,101.7200,1
44698192424168,12:24:58.192,101.7200,1
44698192453775,12:24:58.192,101.7100,100
44698192453775,12:24:58.192,101.7100,2
44698193114005,12:24:58.193,101.7000,100
44698193141665,12:24:58.193,101.7000,100
44756786684915,12:25:56.786,101.7400,100
44756786711376,12:25:56.786,101.7400,8
44780062215813,12:26:20.062,101.7400,1
44780065177152,12:26:20.065,101.7300,10
44780065262555,12:26:20.065,101.7400,10
44780067004310,12:26:20.067,101.7400,10
44780067611163,12:26:20.067,101.7400,10
44780955177263,12:26:20.955,101.7200,3
44785776007376,12:26:25.776,101.7000,1
44792885077157,12:26:32.885,101.6500,100
44792886159249,12:26:32.886,101.6300,100
44792886188710,12:26:32.886,101.6300,100
44832193837530,12:27:12.193,101.6600,3
44834424093641,12:27:14.424,101.6600,100
44834424451014,12:27:14.424,101.6300,100
44834859900037,12:27:14.859,101.6350,100
44835007511240,12:27:15.007,101.6100,10
44845757207537,12:27:25.757,101.6000,5
44845757576350,12:27:25.757,101.5900,20
44847490410703,12:27:27.490,101.6200,10
44853658108471,12:27:33.658,101.5700,10
44853658175215,12:27:33.658,101.5600,10
44853658237974,12:27:33.658,101.5900,100
44853658416031,12:27:33.658,101.5500,10
44853658624130,12:27:33.658,101.5500,10
44853797631832,12:27:33.797,101.5500,90
44863759182221,12:27:43.759,101.5300,20
44863759182221,12:27:43.759,101.5200,10
44871233250375,12:27:51.233,101.5100,10
44871233268083,12:27:51.233,101.4900,10
44871233398547,12:27:51.233,101.4700,100
44886565448494,12:28:06.565,101.4500,10
44888833643030,12:28:08.833,101.4300,2
44936105898053,12:28:56.105,101.4900,100
44936105978150,12:28:56.105,101.4700,100
44977410935691,12:29:37.410,101.5100,100
44977410935691,12:29:37.410,101.5100,100
44977410935691,12:29:37.410,101.5100,1
44977411186554,12:29:37.411,101.5200,100
44984020703872,12:29:44.020,101.5900,1
44989140652242,12:29:49.140,101.5500,4
44989141232247,12:29:49.141,101.5500,100
45010168061947,12:30:10.168,101.5200,100
45010168061947,12:30:10.168,101.5100,100
45010168061947,12:30:10.168,101.5000,100
45010168209798,12:30:10.168,101.4900,100
45010168209798,12:30:10.168,101.4900,2
45010168703254,12:30:10.168,101.4700,13
45010169403071,12:30:10.169,101.5000,100
45010281668927,12:30:10.281,101.4950,100
45010281668927,12:30:10.281,101.4600,1000
45054661600719,12:30:54.661,101.5000,75
45075072666900,12:31:15.072,101.4900,3
45088011743813,12:31:28.011,101.4900,1
45099790970888,12:31:39.790,101.5000,90
45109160375319,12:31:49.160,101.5000,50
45125454227384,12:32:05.454,101.4600,100
45125454227384,12:32:05.454,101.4600,100
45125454227384,12:32:05.454,101.4600,3
45125454227384,12:32:05.454,101.4600,100
45125454471990,12:32:05.454,101.4500,5
45125454567123,12:32:05.454,101.4500,33
45125455121708,12:32:05.455,101.4300,100
45125455440945,12:32:05.455,101.4300,100
45125794147753,12:32:05.794,101.4200,100
45125794646009,12:32:05.794,101.4100,10
45125794646009,12:32:05.794,101.4100,100
45125794646009,12:32:05.794,101.4100,90
45125794676609,12:32:05.794,101.4100,10
45126580663908,12:32:06.580,101.3900,100
45126684064780,12:32:06.684,101.3800,100
45126684126226,12:32:06.684,101.3800,100
45132035388384,12:32:12.035,101.3900,48
45132035388384,12:32:12.035,101.3900,48
45132035388384,12:32:12.035,101.3900,4
45132035418885,12:32:12.035,101.3900,44
45132035418885,12:32:12.035,101.3900,48
45132035418885,12:32:12.035,101.3900,100
45144761936233,12:32:24.761,101.3700,40
45144761946317,12:32:24.761,101.3700,60
45145034479584,12:32:25.034,101.3600,20
45173199754209,12:32:53.199,101.4000,1
45173199754209,12:32:53.199,101.4000,1
45182864181338,12:33:02.864,101.3500,10
45204275431325,12:33:24.275,101.4200,100
45204277617212,12:33:24.277,101.4600,100
45215717758405,12:33:35.717,101.4300,100
45215717758405,12:33:35.717,101.4200,100
45215718215601,12:33:35.718,101.4200,100
45215727724454,12:33:35.727,101.4100,100
45215730146723,12:33:35.730,101.4100,6
45215730749019,12:33:35.730,101.4100,12
45215733682663,12:33:35.733,101.4000,13
45215733751459,12:33:35.733,101.3900,13
45215739894447,12:33:35.739,101.3800,13
45241773858766,12:34:01.773,101.4300,100
45252676479363,12:34:12.676,101.4000,1
45252676479363,12:34:12.676,101.4000,4
45252676479363,12:34:12.676,101.4000,3
45280985955672,12:34:40.985,101.4500,8
45319073026215,12:35:19.073,101.4400,3
45320606084543,12:35:20.606,101.3600,100
45372175834992,12:36:12.175,101.3300,2
45372265689219,12:36:12.265,101.3300,2
45375822600180,12:36:15.822,101.3800,8
45375822600180,12:36:15.822,101.3800,48
45379148493692,12:36:19.148,101.3700,100
45381322388883,12:36:21.322,101.3900,4
45383353305133,12:36:23.353,101.3600,100
45388030760914,12:36:28.030,101.3900,1
45394148769943,12:36:34.148,101.4200,1
45420067909295,12:37:00.067,101.4300,100
45420067936933,12:37:00.067,101.4300,1
45422029883731,12:37:02.029,101.5000,1
45440293791145,12:37:20.293,101.5500,100
45441070511721,12:37:21.070,101.5600,3
45448010847293,12:37:28.010,101.5700,2
45477366114092,12:37:57.366,101.5300,3
45477908146147,12:37:57.908,101.5300,100
45477908146147,12:37:57.908,101.5200,5
45477908146147,12:37:57.908,101.5100,95
45477908561269,12:37:57.908,101.5100,100
45508013317279,12:38:28.013,101.5400,1
45508829126319,12:38:28.829,101.5700,2
45508829126319,12:38:28.829,101.5700,8
45522855848696,12:38:42.855,101.5350,100
45522855848696,12:38:42.855,101.4900,99
45525557264081,12:38:45.557,101.4900,1
45525557264081,12:38:45.557,101.4900,2
45525557264081,12:38:45.557,101.4900,97
45525557324639,12:38:45.557,101.4900,3
45525557324639,12:38:45.557,101.4900,97
45525557343577,12:38:45.557,101.4900,3
45525557343577,12:38:45.557,101.4900,10
45563071504254,12:39:23.071,101.4600,3
45569009265146,12:39:29.009,101.4800,1
45583870002860,12:39:43.870,101.4500,100
45613578787631,12:40:13.578,101.5000,1
45613578787631,12:40:13.578,101.5000,99
45613578817875,12:40:13.578,101.5000,1
45625072584501,12:40:25.072,101.5000,3
45626353331644,12:40:26.353,101.5100,8
45673816032991,12:41:13.816,101.5000,100
45674145691457,12:41:14.145,101.5300,100
45680179494391,12:41:20.179,101.5650,100
45680466054488,12:41:20.466,101.5300,100
45680466084929,12:41:20.466,101.5300,100
45680466328751,12:41:20.466,101.5200,100
45710913866501,12:41:50.913,101.5000,2
45710913866501,12:41:50.913,101.5000,98
45710913914885,12:41:50.913,101.5000,2
45710917141776,12:41:50.917,101.5000,100
45742566624755,12:42:22.566,101.5200,100
45747070970503,12:42:27.070,101.5500,3
45778010935664,12:42:58.010,101.5300,1
45807070725750,12:43:27.070,101.5500,4
45808006871600,12:43:28.006,101.5400,2
45811878893587,12:43:31.878,101.5200,100
45811878946947,12:43:31.878,101.5200,100
45811878970789,12:43:31.878,101.5200,300
45811878970789,12:43:31.878,101.5200,40
45811969131878,12:43:31.969,101.5000,100
45829975822389,12:43:49.975,101.4900,2
45829975822389,12:43:49.975,101.4900,78
45829976182616,12:43:49.976,101.4900,22
45839310077685,12:43:59.310,101.4600,100
45843996876232,12:44:03.996,101.4500,1
45843996876232,12:44:03.996,101.4500,1
45843996876232,12:44:03.996,101.4500,3
45855320060955,12:44:15.320,101.4700,1
45967638477666,12:46:07.638,101.4400,100
45967638534771,12:46:07.638,101.4400,100
45967639083128,12:46:07.639,101.4400,20
45967639121100,12:46:07.639,101.4400,80
45967639121100,12:46:07.639,101.4400,2
46016177976039,12:46:56.177,101.4700,100
46016178217181,12:46:56.178,101.4800,100
46016178680992,12:46:56.178,101.4900,100
46016179095629,12:46:56.179,101.5100,100
46019293235302,12:46:59.293,101.5400,9
46044302564502,12:47:24.302,101.6000,1
46044302564502,12:47:24.302,101.6100,15
46046747985379,12:47:26.747,101.5700,100
46053216588013,12:47:33.216,101.5100,100
46053216588013,12:47:33.216,101.5000,67
