timestamp,time,price,volume
26012063795759,07:13:32.063,139.9900,1
27971754909395,07:46:11.754,138.0000,200
27971754982957,07:46:11.754,138.0000,100
27976534523091,07:46:16.534,138.0000,100
27976534593707,07:46:16.534,138.0000,100
28171541550121,07:49:31.541,137.9400,100
28171541623422,07:49:31.541,138.0000,100
28171541623422,07:49:31.541,138.0000,100
28173744995121,07:49:33.744,138.0000,200
28363210241214,07:52:43.210,137.9800,30
28365267866178,07:52:45.267,137.9800,73
28365267866178,07:52:45.267,138.0000,27
28546395982626,07:55:46.395,138.0000,173
28546395982626,07:55:46.395,138.0000,27
28577974096574,07:56:17.974,138.0000,200
29933296288378,08:18:53.296,137.7000,100
29936864345498,08:18:56.864,137.7000,100
30523495120557,08:28:43.495,137.4500,200
30556737054488,08:29:16.737,137.4500,100
30716538113305,08:31:56.538,137.4300,100
31135142283122,08:38:55.142,137.4500,100
31135142283122,08:38:55.142,137.4500,3042
31135142283122,08:38:55.142,137.5000,200
31135142283122,08:38:55.142,137.5000,958
31135143782925,08:38:55.143,137.5000,200
31135143782925,08:38:55.143,137.5000,456
31148355115322,08:39:08.355,137.6900,600
31148355115322,08:39:08.355,137.7500,40
31238708158437,08:40:38.708,138.6000,40
31782885724412,08:49:42.885,138.4000,50
32432460072479,09:00:32.460,138.0200,100
32432460072479,09:00:32.460,138.0000,100
32432460072479,09:00:32.460,138.0000,100
32445654891315,09:00:45.654,138.0000,100
32457219816952,09:00:57.219,138.0200,50
32457219816952,09:00:57.219,138.0000,100
32457219816952,09:00:57.219,138.0000,3260
32500903855729,09:01:40.903,138.2600,100
32500908614790,09:01:40.908,138.4000,50
32500908614790,09:01:40.908,138.4000,100
32616493623596,09:03:36.493,138.0000,5
32637082102588,09:03:57.082,138.0000,95
32637082102588,09:03:57.082,138.0000,100
32637082102588,09:03:57.082,138.0000,82
32637083287157,09:03:57.083,138.0000,100
32989304640660,09:09:49.304,138.0100,30
32989304640660,09:09:49.304,138.0000,100
32989304640660,09:09:49.304,138.0000,454
34083014380881,09:28:03.014,137.0400,100
34199954303451,09:29:59.954,137.0100,100
34199954303451,09:29:59.954,137.0000,1
34199954303451,09:29:59.954,137.0000,30
34200090199699,09:30:00.090,137.0000,26281
34200113604079,09:30:00.113,137.0000,11
34200113622141,09:30:00.113,137.4500,30
34200113622141,09:30:00.113,137.5000,10
34200113622141,09:30:00.113,137.5000,25
34200113622141,09:30:00.113,137.7000,1
34200113622141,09:30:00.113,137.7500,17
34200114021057,09:30:00.114,137.7500,80
34200163072092,09:30:00.163,137.7100,100
34200163072092,09:30:00.163,137.7100,50
34200163072092,09:30:00.163,137.7400,50
34200209768117,09:30:00.209,137.0600,61
34200279518870,09:30:00.279,137.1200,10
34200587441235,09:30:00.587,137.6000,5
34205429592936,09:30:05.429,137.0900,55
34205429592936,09:30:05.429,137.0900,45
34208708590642,09:30:08.708,137.0900,100
34208708590642,09:30:08.708,137.0800,1
34208708590642,09:30:08.708,137.0800,100
34208708590642,09:30:08.708,137.0800,100
34208708590642,09:30:08.708,137.0800,1
34208708618955,09:30:08.708,137.0800,99
34208708620305,09:30:08.708,137.0800,99
34208708717339,09:30:08.708,137.0800,100
34208708722739,09:30:08.708,137.0800,1
34208709250338,09:30:08.709,137.0700,200
34208709250338,09:30:08.709,137.0700,100
34208709250338,09:30:08.709,137.0700,100
34208709250338,09:30:08.709,137.0700,100
34214163578914,09:30:14.163,137.0700,100
34214163578914,09:30:14.163,137.0700,100
34214164045273,09:30:14.164,137.0600,100
34214164045273,09:30:14.164,137.0600,100
34214164068360,09:30:14.164,137.0600,88
34214166819278,09:30:14.166,137.0300,11
34214166940170,09:30:14.166,137.0300,89
34214166940170,09:30:14.166,137.0300,11
34214167031186,09:30:14.167,137.0300,89
34214167031186,09:30:14.167,137.0200,11
34214167034854,09:30:14.167,137.0200,14
34214167091258,09:30:14.167,137.0200,14
34214167094965,09:30:14.167,137.0200,33
34214167094965,09:30:14.167,137.0000,14
34214271526280,09:30:14.271,137.0200,1
34214437704454,09:30:14.437,136.9000,1
34215344218520,09:30:15.344,137.0100,5
34217929502317,09:30:17.929,137.0100,4
34217929502317,09:30:17.929,137.0100,9
34217929502317,09:30:17.929,137.0300,10
34217929502317,09:30:17.929,137.0300,77
34219204038557,09:30:19.204,136.9000,99
34219204038557,09:30:19.204,136.8900,100
34219204038557,09:30:19.204,136.8900,100
34219204038557,09:30:19.204,136.8900,100
34219204144617,09:30:19.204,136.8800,45
34219204169323,09:30:19.204,136.8800,55
34225804620903,09:30:25.804,136.8100,100
34225804620903,09:30:25.804,136.8700,100
34225807733842,09:30:25.807,136.8400,100
34225807733842,09:30:25.807,136.8500,100
34264956283234,09:31:04.956,136.5100,100
34264956283234,09:31:04.956,136.5100,100
34264956283234,09:31:04.956,136.5100,100
34264957157401,09:31:04.957,136.5000,100
34264957210735,09:31:04.957,136.5000,100
34264957233216,09:31:04.957,136.5000,100
34264957712732,09:31:04.957,136.4500,100
34264957712732,09:31:04.957,136.4500,100
34264957754421,09:31:04.957,136.3400,100
34264997273322,09:31:04.997,136.1500,8
34264997300749,09:31:04.997,136.1500,6
34265533452735,09:31:05.533,136.2000,100
34266011500285,09:31:06.011,136.2050,70
34266011500285,09:31:06.011,136.2050,100
34266011500285,09:31:06.011,136.0900,100
34266013425511,09:31:06.013,136.0900,100
34266032149002,09:31:06.032,136.0900,100
34266032228336,09:31:06.032,136.0800,70
34266032228336,09:31:06.032,136.0900,30
34266032241590,09:31:06.032,136.0900,70
34266032241590,09:31:06.032,136.0900,30
34266032614450,09:31:06.032,136.0900,50
34266032616918,09:31:06.032,136.0900,50
34266032878130,09:31:06.032,136.1600,48
34266032929163,09:31:06.032,136.1600,52
34266032929163,09:31:06.032,136.1800,100
34266032929163,09:31:06.032,136.1800,48
34266032980310,09:31:06.032,136.1800,52
34266033014988,09:31:06.033,136.1800,44
34266033105158,09:31:06.033,136.1100,45
34266034341455,09:31:06.034,136.1800,93
34266034344268,09:31:06.034,136.1800,7
34266063443783,09:31:06.063,136.1400,10
34266063443783,09:31:06.063,136.1300,90
34266063530065,09:31:06.063,136.1800,10
34270738501250,09:31:10.738,136.1600,100
34270746113215,09:31:10.746,136.1600,300
34275068603688,09:31:15.068,136.1400,100
34306034254724,09:31:46.034,136.0100,100
34306034285712,09:31:46.034,136.0100,100
34306034285712,09:31:46.034,136.0100,1
34306034285712,09:31:46.034,136.0100,7
34306038725567,09:31:46.038,135.6900,14
34306038725567,09:31:46.038,135.6700,100
34306038725567,09:31:46.038,135.6600,100
34306038725567,09:31:46.038,135.6500,100
34306038725567,09:31:46.038,135.6500,86
34306038748730,09:31:46.038,135.6500,14
34306038748730,09:31:46.038,135.6400,18
34306038748730,09:31:46.038,135.6300,68
34307694772368,09:31:47.694,135.6900,100
34307695085728,09:31:47.695,135.6800,100
34326429249843,09:32:06.429,135.3800,100
34328239199917,09:32:08.239,135.3100,100
34328240806322,09:32:08.240,135.3100,41
34329269661399,09:32:09.269,135.3100,59
34329269661399,09:32:09.269,135.3000,100
34329269661399,09:32:09.269,135.3000,73
34329269661399,09:32:09.269,135.3000,100
34329269661399,09:32:09.269,135.3000,68
34371212917421,09:32:51.212,135.5800,7
34371212946142,09:32:51.212,135.5800,4
34371212946142,09:32:51.212,135.5800,7
34371213036317,09:32:51.213,135.5800,100
34371213243099,09:32:51.213,135.5800,93
34371213243099,09:32:51.213,135.5900,7
34371213578588,09:32:51.213,135.5900,100
34371213578588,09:32:51.213,135.6400,100
34371428952877,09:32:51.428,135.6300,100
34371428980428,09:32:51.428,135.5800,100
34371429153851,09:32:51.429,135.5800,100
34371429234063,09:32:51.429,135.6100,10
34371429234063,09:32:51.429,135.6100,90
34371429235578,09:32:51.429,135.6100,10
34371429238728,09:32:51.429,135.6300,100
34371429337149,09:32:51.429,135.6400,11
34371429337149,09:32:51.429,135.6500,89
34371430347293,09:32:51.430,135.6500,11
34384260025999,09:33:04.260,135.6100,240
34384260025999,09:33:04.260,135.6000,90
34384260025999,09:33:04.260,135.6000,100
34384260025999,09:33:04.260,135.6000,1
34384260025999,09:33:04.260,135.6000,100
34384260025999,09:33:04.260,135.6000,100
34384260025999,09:33:04.260,135.6000,100
34384260089208,09:33:04.260,135.5900,100
34384260130693,09:33:04.260,135.6000,100
34384260521666,09:33:04.260,135.6000,10
34384260599043,09:33:04.260,135.5900,10
34384264870831,09:33:04.264,135.4300,100
34384264959279,09:33:04.264,135.3700,38
34384264963383,09:33:04.264,135.3700,35
34384264963383,09:33:04.264,135.3700,65
34384271011999,09:33:04.271,135.3700,35
34384271024206,09:33:04.271,135.3500,25
34389059620127,09:33:09.059,135.3700,100
34389059644155,09:33:09.059,135.3700,100
34389059709972,09:33:09.059,135.3600,100
34400174030911,09:33:20.174,135.1800,100
34400174030911,09:33:20.174,135.1800,100
34400174030911,09:33:20.174,135.1800,100
34400174030911,09:33:20.174,135.1800,100
34400174052140,09:33:20.174,135.1800,75
34400174058521,09:33:20.174,135.1800,25
34400174081011,09:33:20.174,135.1700,100
34400174128388,09:33:20.174,135.1800,100
34400184852442,09:33:20.184,135.1300,100
34413110482931,09:33:33.110,135.2300,100
34413110482931,09:33:33.110,135.2400,100
34413110482931,09:33:33.110,135.2500,100
34413110482931,09:33:33.110,135.2600,100
34413110516185,09:33:33.110,135.2600,181
34413110516185,09:33:33.110,135.2600,100
34413110516185,09:33:33.110,135.2600,100
34413110516185,09:33:33.110,135.2600,100
34413110570656,09:33:33.110,135.3100,100
34413110570656,09:33:33.110,135.3100,40
34413110595737,09:33:33.110,135.2600,100
34413111086016,09:33:33.111,135.3100,34
34413111166730,09:33:33.111,135.3100,26
34413117626063,09:33:33.117,135.2700,200
34413117707356,09:33:33.117,135.2700,24
34413117717491,09:33:33.117,135.2700,135
34419593191397,09:33:39.593,135.5700,10
34419593191397,09:33:39.593,135.6000,100
34419593191397,09:33:39.593,135.6100,19
34419593192390,09:33:39.593,135.6100,81
34430574492233,09:33:50.574,135.5400,100
34431391486011,09:33:51.391,135.4800,88
34431508716811,09:33:51.508,135.4800,12
34431508716811,09:33:51.508,135.4600,3
34434019999318,09:33:54.019,135.6500,8
34434019999318,09:33:54.019,135.7100,4
34434025906979,09:33:54.025,135.7300,82
34434025920786,09:33:54.025,135.7400,100
34434025920786,09:33:54.025,135.7500,90
34434025947164,09:33:54.025,135.7400,10
34434025947164,09:33:54.025,135.7500,90
34434026033404,09:33:54.026,135.7300,10
34434026107253,09:33:54.026,135.7300,10
34434026714782,09:33:54.026,135.7400,100
34434027052518,09:33:54.027,135.7500,10
34434027601750,09:33:54.027,135.8000,4
34436296681629,09:33:56.296,135.7300,25
34447233115788,09:34:07.233,135.8400,11
34447233115788,09:34:07.233,135.8400,89
34459698238864,09:34:19.698,135.8600,100
34459698240067,09:34:19.698,135.8700,37
34459698644584,09:34:19.698,135.9400,37
34459698644584,09:34:19.698,135.9400,44
34459698790012,09:34:19.698,135.9400,78
34459699290831,09:34:19.699,135.9400,19
34463759235676,09:34:23.759,135.8300,32
34463760268811,09:34:23.760,135.8100,5
34468213643276,09:34:28.213,136.0000,100
34468214391379,09:34:28.214,136.0000,100
34468215104830,09:34:28.215,135.9600,10
34468555957353,09:34:28.555,136.1300,37
34473721392767,09:34:33.721,136.0800,100
34473721398334,09:34:33.721,136.0800,100
34473721398334,09:34:33.721,136.0600,100
34473721416283,09:34:33.721,136.0300,100
34473721416283,09:34:33.721,136.0200,200
34473721416283,09:34:33.721,136.0200,100
34473721418184,09:34:33.721,136.0200,100
34473721418184,09:34:33.721,136.0200,100
34473721444103,09:34:33.721,136.0200,100
34473721444103,09:34:33.721,136.0200,100
34473721444103,09:34:33.721,136.0200,200
34473721520305,09:34:33.721,136.0200,100
34473721640519,09:34:33.721,136.0200,100
34473721764338,09:34:33.721,136.0100,11
34473721885891,09:34:33.721,136.0100,89
34473721903102,09:34:33.721,136.0100,10
34473722368879,09:34:33.722,136.0100,4
34473742636675,09:34:33.742,135.7900,100
34473746108549,09:34:33.746,135.9900,30
34473746108549,09:34:33.746,135.9900,10
34473746108549,09:34:33.746,136.0100,37
34473746108549,09:34:33.746,136.0100,10
34476219915166,09:34:36.219,135.8400,100
34476219915166,09:34:36.219,135.8300,100
34476219915166,09:34:36.219,135.8300,100
34476219940952,09:34:36.219,135.8300,100
34476220017440,09:34:36.220,135.8200,6
34476220172082,09:34:36.220,135.8200,94
34476220186094,09:34:36.220,135.7700,100
34476220194633,09:34:36.220,135.7600,142
34476220478069,09:34:36.220,135.7600,58
34484967013516,09:34:44.967,135.7700,100
34484967102161,09:34:44.967,135.7700,100
34484968288074,09:34:44.968,135.8400,100
34484968384596,09:34:44.968,135.8600,100
34484968387930,09:34:44.968,135.8600,100
34484968400211,09:34:44.968,135.8600,100
34484968449932,09:34:44.968,135.8600,100
34484968454029,09:34:44.968,135.8600,100
34484968533751,09:34:44.968,135.8600,100
34484968538382,09:34:44.968,135.8600,75
34484968614137,09:34:44.968,135.8600,25
34484969288000,09:34:44.969,135.8400,100
34484969550331,09:34:44.969,135.8700,100
34484992613357,09:34:44.992,135.8100,10
34484992635516,09:34:44.992,135.8100,10
34484992746289,09:34:44.992,135.8700,10
34484992753316,09:34:44.992,135.8100,100
34485055210237,09:34:45.055,135.7800,100
34485236732189,09:34:45.236,135.8700,10
34485236732189,09:34:45.236,135.8700,10
34485236732189,09:34:45.236,135.8700,10
34501400302440,09:35:01.400,135.8600,29
34501401417340,09:35:01.401,135.8600,21
34501401417340,09:35:01.401,135.8500,24
34501401445350,09:35:01.401,135.9250,100
34501401445350,09:35:01.401,135.8500,24
34501401445350,09:35:01.401,135.8500,100
34501401449234,09:35:01.401,135.8500,100
34501401449234,09:35:01.401,135.8500,100
34502642683009,09:35:02.642,135.8800,10
34508056028339,09:35:08.056,135.9000,8
34514414811873,09:35:14.414,135.9200,14
34516211761380,09:35:16.211,136.0000,100
34516211761380,09:35:16.211,136.0000,100
34516220531563,09:35:16.220,136.0500,100
34519224430542,09:35:19.224,136.1900,100
34519247977631,09:35:19.247,136.1000,100
34520163117991,09:35:20.163,136.0800,200
34520163117991,09:35:20.163,136.0800,100
34520163597318,09:35:20.163,136.0000,100
34520164033923,09:35:20.164,136.0000,10
34523786796195,09:35:23.786,136.0200,35
34523786796195,09:35:23.786,136.0000,79
34523786798043,09:35:23.786,136.0000,21
34523786798043,09:35:23.786,136.0000,14
34523786798043,09:35:23.786,136.0000,79
34523786891483,09:35:23.786,136.0000,100
34524603250121,09:35:24.603,135.9500,100
34524603250121,09:35:24.603,135.9500,100
34532245613486,09:35:32.245,135.8700,46
34535812683107,09:35:35.812,135.9900,100
34535890430726,09:35:35.890,135.8700,54
34535890430726,09:35:35.890,135.8700,1
34535890745801,09:35:35.890,135.8600,100
34535890745801,09:35:35.890,135.8600,52
34535890770474,09:35:35.890,135.8300,116
34535890773894,09:35:35.890,135.8300,100
34535890805554,09:35:35.890,135.8300,84
34535890873991,09:35:35.890,135.7600,40
34535890893591,09:35:35.890,135.7600,60
34547240413774,09:35:47.240,135.8000,100
34553582296301,09:35:53.582,135.7350,100
34555551755420,09:35:55.551,135.8100,100
34571764835696,09:36:11.764,135.8500,8
34578264691572,09:36:18.264,135.8500,8
34578264691572,09:36:18.264,135.8600,10
34578264691572,09:36:18.264,135.8600,10
34578264691572,09:36:18.264,135.8700,72
34578264774488,09:36:18.264,135.8800,100
34578265405107,09:36:18.265,135.8800,100
34578276796038,09:36:18.276,135.8400,8
34578276983171,09:36:18.276,135.8100,7
34578277067716,09:36:18.277,135.8400,7
34578277204234,09:36:18.277,135.8000,7
34603359479862,09:36:43.359,135.9900,10
34603359479862,09:36:43.359,135.9700,30
34603359512931,09:36:43.359,136.0000,100
34603359512931,09:36:43.359,135.9700,170
34603359512931,09:36:43.359,135.9700,1
34603359512931,09:36:43.359,135.9700,100
34603359512931,09:36:43.359,135.9700,4
34603359512931,09:36:43.359,135.9700,30
34603359544607,09:36:43.359,135.9700,70
34603359604819,09:36:43.359,135.9500,15
34603359604819,09:36:43.359,135.9500,100
34603359604819,09:36:43.359,135.9500,100
34603359836683,09:36:43.359,135.9700,100
34605775548236,09:36:45.775,135.9000,100
34607785478058,09:36:47.785,135.9400,100
34607785548519,09:36:47.785,135.9400,39
34607786278612,09:36:47.786,135.9600,100
34607786307188,09:36:47.786,135.9600,39
34607786934662,09:36:47.786,135.9600,100
34613082751405,09:36:53.082,135.9200,100
34617577822190,09:36:57.577,135.9200,100
34628655580571,09:37:08.655,135.9800,11
34628655686066,09:37:08.655,135.9800,100
34630998619697,09:37:10.998,135.9800,100
34631100770995,09:37:11.100,136.0500,100
34663467007987,09:37:43.467,136.0000,100
34695843987324,09:38:15.843,135.9850,100
34695853916450,09:38:15.853,135.9000,35
34695853916450,09:38:15.853,135.9000,65
34695853947949,09:38:15.853,135.9000,35
34695854312046,09:38:15.854,135.8900,82
34695854328946,09:38:15.854,135.8900,18
34695854961575,09:38:15.854,135.8500,29
34695855229095,09:38:15.855,135.8500,71
34695855340136,09:38:15.855,135.8400,100
34710936075925,09:38:30.936,135.9500,100
34725986231785,09:38:45.986,135.9250,100
34767725131568,09:39:27.725,135.8400,100
34767726521110,09:39:27.726,135.8300,100
34767726579951,09:39:27.726,135.8200,100
34767726642844,09:39:27.726,135.8100,100
34767726642844,09:39:27.726,135.8100,100
34767726642844,09:39:27.726,135.8100,100
34767726642844,09:39:27.726,135.8100,28
34767921962554,09:39:27.921,135.8400,100
34769973910367,09:39:29.973,135.8150,100
34772142084766,09:39:32.142,135.8600,100
34772142085239,09:39:32.142,135.8600,100
34772142213777,09:39:32.142,135.9200,100
34775091993908,09:39:35.091,135.9100,100
34801535028889,09:40:01.535,135.8300,1
34803361372652,09:40:03.361,135.8300,1
34803391718007,09:40:03.391,135.8650,100
34804307383162,09:40:04.307,135.8700,1
34816337481464,09:40:16.337,135.8700,100
34821290150007,09:40:21.290,135.9200,100
34821290432660,09:40:21.290,135.9300,100
34824301588575,09:40:24.301,135.9700,90
34824301588575,09:40:24.301,135.9900,10
34838814048713,09:40:38.814,136.0000,100
34843199219154,09:40:43.199,135.9650,100
34843199264025,09:40:43.199,135.9300,89
34843199281273,09:40:43.199,135.9300,111
34843199281273,09:40:43.199,135.9300,150
34843199323547,09:40:43.199,135.9200,72
34843199332858,09:40:43.199,135.9200,28
34843199383462,09:40:43.199,135.9300,100
34843202298490,09:40:43.202,135.8700,100
34843202322995,09:40:43.202,135.8700,100
34843202322995,09:40:43.202,135.8700,97
34843202327686,09:40:43.202,135.8700,3
34843705745260,09:40:43.705,135.8700,41
34844984297042,09:40:44.984,135.9300,100
34866049086373,09:41:06.049,135.9050,100
34866077424639,09:41:06.077,135.8700,59
34866077922490,09:41:06.077,135.8400,100
34866077923772,09:41:06.077,135.8700,100
34866078999191,09:41:06.078,135.8300,100
34866078999191,09:41:06.078,135.8300,100
34866078999191,09:41:06.078,135.8300,30
34866079033912,09:41:06.079,135.8300,70
34866087233871,09:41:06.087,135.8100,66
34868402208650,09:41:08.402,135.8700,41
34880950229008,09:41:20.950,135.9100,100
34880950229008,09:41:20.950,135.8600,100
34880982587493,09:41:20.982,135.8400,100
34881000950293,09:41:21.000,135.8100,34
34881000950293,09:41:21.000,135.8100,100
34881000950293,09:41:21.000,135.8100,100
34881000950293,09:41:21.000,135.8100,100
34881000950293,09:41:21.000,135.8100,100
34881001425222,09:41:21.001,135.8000,100
34906126014799,09:41:46.126,135.9800,4
34906140687472,09:41:46.140,135.9800,70
34923348621083,09:42:03.348,136.0000,100
34923349906363,09:42:03.349,135.9800,100
34924412105199,09:42:04.412,135.9600,100
34924412105199,09:42:04.412,135.9600,100
34924412180114,09:42:04.412,135.9600,100
34934400145081,09:42:14.400,136.1000,100
34934506347502,09:42:14.506,136.1000,100
34937500335078,09:42:17.500,136.1000,1
34945673312769,09:42:25.673,136.0700,100
34945673356713,09:42:25.673,136.0700,100
34951237869335,09:42:31.237,136.1000,1
34955966104383,09:42:35.966,136.0800,100
34968973323388,09:42:48.973,136.1100,1
34968973323388,09:42:48.973,136.1100,50
34991913573586,09:43:11.913,136.1200,9
34991914134222,09:43:11.914,136.1400,8
34991914653118,09:43:11.914,136.1500,100
34993142343500,09:43:13.142,136.1500,100
34993142941172,09:43:13.142,136.1500,100
34993143369053,09:43:13.143,136.1500,100
34993184110958,09:43:13.184,136.1500,100
34993185813131,09:43:13.185,136.1500,100
34993185820429,09:43:13.185,136.1500,100
34993187083290,09:43:13.187,136.1500,99
34993187118425,09:43:13.187,136.1500,1
34993187118425,09:43:13.187,136.1500,4
34993187183827,09:43:13.187,136.1400,100
34993187209110,09:43:13.187,136.1400,100
34993187269376,09:43:13.187,136.1500,100
34993187365513,09:43:13.187,136.1400,10
34993187392608,09:43:13.187,136.1500,90
34993187527057,09:43:13.187,136.1500,10
34993187527057,09:43:13.187,136.1500,90
34993187578701,09:43:13.187,136.1500,10
34993239045699,09:43:13.239,136.1500,100
34993268790595,09:43:13.268,136.1500,100
34993269441608,09:43:13.269,136.1500,100
34993273505996,09:43:13.273,136.1500,100
34993275483843,09:43:13.275,136.1500,100
34994312774632,09:43:14.312,136.1500,100
34994313556408,09:43:14.313,136.1500,100
34994313614215,09:43:14.313,136.1500,100
34994314007610,09:43:14.314,136.1500,100
34994316201625,09:43:14.316,136.1500,100
34994316896371,09:43:14.316,136.1500,100
34994317355134,09:43:14.317,136.1500,100
34994317515819,09:43:14.317,136.1400,100
34994323952668,09:43:14.323,136.1500,100
34994344577741,09:43:14.344,136.1200,50
34994344577741,09:43:14.344,136.1200,50
34994344609902,09:43:14.344,136.1200,50
34994345427427,09:43:14.345,136.1200,100
34994346390351,09:43:14.346,136.1500,100
34994349617678,09:43:14.349,136.1500,100
34994350357006,09:43:14.350,136.1500,100
34994356209158,09:43:14.356,136.1500,100
34994356994523,09:43:14.356,136.1500,100
34994920978123,09:43:14.920,136.1500,100
34994921057465,09:43:14.921,136.1500,100
34994921605921,09:43:14.921,136.1500,100
34994921635150,09:43:14.921,136.1500,100
34994922163995,09:43:14.922,136.1400,100
34994922824509,09:43:14.922,136.1400,100
34994923203564,09:43:14.923,136.1500,100
34995116002082,09:43:15.116,136.1500,100
34995116085771,09:43:15.116,136.1500,100
34995116088334,09:43:15.116,136.1500,11
34995116390894,09:43:15.116,136.1500,100
34995116748336,09:43:15.116,136.1500,100
34995117454000,09:43:15.117,136.1500,100
34995119552617,09:43:15.119,136.1500,100
34995119986366,09:43:15.119,136.1500,100
34995123394694,09:43:15.123,136.1500,100
34995124727252,09:43:15.124,136.1500,100
34995124990626,09:43:15.124,136.1500,100
34995125407160,09:43:15.125,136.1500,100
34995125977571,09:43:15.125,136.1500,100
34995126674157,09:43:15.126,136.1500,100
34995129972761,09:43:15.129,136.1500,100
34995131050033,09:43:15.131,136.1500,100
34995138469432,09:43:15.138,136.1500,100
34995144902107,09:43:15.144,136.1500,85
34995332634967,09:43:15.332,136.1700,11
35004548352205,09:43:24.548,136.1500,100
35004548352205,09:43:24.548,136.1500,100
35004548352205,09:43:24.548,136.1400,100
35004548352205,09:43:24.548,136.1400,100
35004548352205,09:43:24.548,136.1400,100
35004548352205,09:43:24.548,136.1400,100
35004548352205,09:43:24.548,136.1400,100
35004548391141,09:43:24.548,136.1400,100
35004548623868,09:43:24.548,136.1300,5
35004548631310,09:43:24.548,136.1500,100
35004548648477,09:43:24.548,136.1300,55
35004548648477,09:43:24.548,136.1300,93
35004548664090,09:43:24.548,136.1300,7
35004549854092,09:43:24.549,136.1000,100
35004549919015,09:43:24.549,136.1000,40
35004550229267,09:43:24.550,136.0900,100
35004550280574,09:43:24.550,136.0900,100
35004550294828,09:43:24.550,136.0900,40
35004550347414,09:43:24.550,136.0800,100
35004550416495,09:43:24.550,136.0800,100
35004550480767,09:43:24.550,136.0800,100
35004551364927,09:43:24.551,136.1100,100
35004552656356,09:43:24.552,136.1300,100
35004560548627,09:43:24.560,136.1000,100
35004560556674,09:43:24.560,136.1000,69
35004560570866,09:43:24.560,136.1000,31
35004560589286,09:43:24.560,136.1000,100
35004560965867,09:43:24.560,136.1000,100
35004562866014,09:43:24.562,136.1000,100
35004571142067,09:43:24.571,136.1000,100
35004571473555,09:43:24.571,136.1000,100
35004571475682,09:43:24.571,136.1000,100
35004572350135,09:43:24.572,136.1000,100
35004591694383,09:43:24.591,136.1000,100
35004596434571,09:43:24.596,136.1000,100
35004597987298,09:43:24.597,136.1000,100
35004606098860,09:43:24.606,136.1000,100
35004606098860,09:43:24.606,136.1000,100
35004615900169,09:43:24.615,136.1000,100
35004615900169,09:43:24.615,136.1000,100
35004617895252,09:43:24.617,136.1000,100
35004625883309,09:43:24.625,136.1000,100
35004625883309,09:43:24.625,136.1000,100
35004627455514,09:43:24.627,136.1000,100
35004726806680,09:43:24.726,136.1000,100
35004727014308,09:43:24.727,136.1000,100
35004727047865,09:43:24.727,136.1000,100
35004727533675,09:43:24.727,136.1000,100
35004728165794,09:43:24.728,136.1000,100
35004728165794,09:43:24.728,136.1000,100
35004728676609,09:43:24.728,136.1000,100
35004731266129,09:43:24.731,136.1000,100
35004731688703,09:43:24.731,136.1000,100
35004734513087,09:43:24.734,136.1000,100
35004743558406,09:43:24.743,136.1000,100
35004782649972,09:43:24.782,136.1000,100
35004783310438,09:43:24.783,136.1000,100
35004784825031,09:43:24.784,136.1000,100
35004785406313,09:43:24.785,136.1000,11
35004785430367,09:43:24.785,136.1000,89
35004785431546,09:43:24.785,136.1000,89
35004785441408,09:43:24.785,136.1000,89
35004785459296,09:43:24.785,136.1000,100
35004786034705,09:43:24.786,136.1000,100
35004787256772,09:43:24.787,136.1000,100
35004787256772,09:43:24.787,136.1000,100
35004787688863,09:43:24.787,136.1000,100
35004787880688,09:43:24.787,136.1000,100
35004788389431,09:43:24.788,136.1000,100
35004789676155,09:43:24.789,136.1000,100
35004790296446,09:43:24.790,136.1000,100
35004823815401,09:43:24.823,136.1000,100
35004824413117,09:43:24.824,136.1000,100
35004825610703,09:43:24.825,136.1000,100
35004825610703,09:43:24.825,136.1000,1122
35017258817760,09:43:37.258,136.1300,100
35017278905847,09:43:37.278,136.1000,100
35030455575822,09:43:50.455,136.1300,14
35037760893104,09:43:57.760,136.1600,100
35037760913033,09:43:57.760,136.1700,10
35037761758709,09:43:57.761,136.2000,100
35037761858845,09:43:57.761,136.2000,35
35037761869488,09:43:57.761,136.2000,100
35037762393378,09:43:57.762,136.2000,100
35037762561041,09:43:57.762,136.2000,100
35037762580578,09:43:57.762,136.2000,300
35037762611951,09:43:57.762,136.2000,100
35037768045991,09:43:57.768,136.2000,100
35037768132624,09:43:57.768,136.2000,50
35037768156178,09:43:57.768,136.2000,50
35037768167586,09:43:57.768,136.2000,50
35037768179641,09:43:57.768,136.2000,50
35037768217968,09:43:57.768,136.2000,50
35037781550436,09:43:57.781,136.2000,100
35037784867549,09:43:57.784,136.2000,100
35037792011184,09:43:57.792,136.2000,100
35039274230606,09:43:59.274,136.2000,100
35039274330220,09:43:59.274,136.2000,100
35039275300517,09:43:59.275,136.2000,100
35039276927419,09:43:59.276,136.2000,100
35039277337854,09:43:59.277,136.2000,100
35039277563448,09:43:59.277,136.2000,100
35039279410754,09:43:59.279,136.2000,100
35039613069832,09:43:59.613,136.2000,92
35039616637424,09:43:59.616,136.2000,8
35039616637424,09:43:59.616,136.2000,100
35039616637424,09:43:59.616,136.2000,92
35039616755259,09:43:59.616,136.2000,100
35040240959382,09:44:00.240,136.2000,100
35040245265222,09:44:00.245,136.2100,100
35040245265222,09:44:00.245,136.2000,100
35040248404571,09:44:00.248,136.2000,100
35040248404571,09:44:00.248,136.2000,100
35040248632818,09:44:00.248,136.2000,100
35040248864676,09:44:00.248,136.1900,100
35040249946598,09:44:00.249,136.1900,1
35040249955317,09:44:00.249,136.1900,99
35040273700023,09:44:00.273,136.2000,62
35041274486567,09:44:01.274,136.2000,38
35041274486567,09:44:01.274,136.2000,12
35041274511751,09:44:01.274,136.2000,88
35041275325379,09:44:01.275,136.2000,100
35041785102140,09:44:01.785,136.2000,50
35044404343080,09:44:04.404,136.1700,49
35044404376399,09:44:04.404,136.1700,51
35044404376399,09:44:04.404,136.1700,100
35044404434664,09:44:04.404,136.1600,50
35044404745589,09:44:04.404,136.1600,50
35044404745589,09:44:04.404,136.1600,50
35044404785094,09:44:04.404,136.1600,50
35044405931152,09:44:04.405,136.1500,100
35045808914289,09:44:05.808,136.1900,100
35045809237211,09:44:05.809,136.1900,36
35045809252213,09:44:05.809,136.1900,64
35045810280050,09:44:05.810,136.1900,14
35045810280050,09:44:05.810,136.2000,50
35045810280050,09:44:05.810,136.2000,36
35046737420962,09:44:06.737,136.2000,64
35046737420962,09:44:06.737,136.2000,100
35046737420962,09:44:06.737,136.2000,36
35046737464750,09:44:06.737,136.2000,100
35046747444763,09:44:06.747,136.2000,100
35046866848523,09:44:06.866,136.1900,100
35046867847234,09:44:06.867,136.2000,100
35047801980874,09:44:07.801,136.1800,100
35047802719407,09:44:07.802,136.1600,100
35047803720779,09:44:07.803,136.1500,100
35047803892151,09:44:07.803,136.1400,34
35047805966036,09:44:07.805,136.1600,78
35047806484947,09:44:07.806,136.1600,22
35047811160996,09:44:07.811,136.1500,100
35047889438007,09:44:07.889,136.1500,100
35047890327385,09:44:07.890,136.1400,66
35047890327385,09:44:07.890,136.1400,139
35048307894450,09:44:08.307,136.1800,100
35050304226274,09:44:10.304,136.2000,100
35050304371074,09:44:10.304,136.2000,100
35050304881810,09:44:10.304,136.2000,100
35050304888533,09:44:10.304,136.2000,100
35050305323736,09:44:10.305,136.2000,100
35050307978247,09:44:10.307,136.2000,4
35050308412440,09:44:10.308,136.2000,100
35050312014247,09:44:10.312,136.2000,100
35050327651319,09:44:10.327,136.1800,50
35052564097597,09:44:12.564,136.2000,100
35052564261881,09:44:12.564,136.2000,100
35052564732527,09:44:12.564,136.2000,100
35052568171915,09:44:12.568,136.2100,100
35052568171915,09:44:12.568,136.2100,100
35052568171915,09:44:12.568,136.2000,100
35052572564800,09:44:12.572,136.2000,100
35052576195984,09:44:12.576,136.2000,100
35052576195984,09:44:12.576,136.2000,37
35052576195984,09:44:12.576,136.2300,63
35052577978864,09:44:12.577,136.2300,37
35052605024456,09:44:12.605,136.2300,100
35052807728734,09:44:12.807,136.2400,100
35052807905250,09:44:12.807,136.2500,100
35058349516232,09:44:18.349,136.3400,11
35058351256458,09:44:18.351,136.3800,68
35058352325728,09:44:18.352,136.3800,32
35058356153841,09:44:18.356,136.4300,100
35060043752025,09:44:20.043,136.5900,54
35060043752025,09:44:20.043,136.6000,14
35060043752025,09:44:20.043,136.6000,32
35060175531291,09:44:20.175,136.5600,100
35060175861948,09:44:20.175,136.5500,50
35060176017211,09:44:20.176,136.5500,20
35060176054808,09:44:20.176,136.5500,30
35060178427004,09:44:20.178,136.5100,100
35060178427004,09:44:20.178,136.5100,70
35060179636905,09:44:20.179,136.5200,100
35060179729998,09:44:20.179,136.5200,20
35060179745546,09:44:20.179,136.5200,80
35060181985593,09:44:20.181,136.5200,10
35060182225691,09:44:20.182,136.5200,10
35060182325549,09:44:20.182,136.5200,90
35060189117723,09:44:20.189,136.4000,100
35060192132751,09:44:20.192,136.4000,40
35060192132751,09:44:20.192,136.4000,100
35060223212283,09:44:20.223,136.4800,10
35060223519889,09:44:20.223,136.4300,100
35060223820194,09:44:20.223,136.5000,100
35060223820194,09:44:20.223,136.5100,100
35060223845369,09:44:20.223,136.5000,100
35060226834410,09:44:20.226,136.4600,100
35060227245144,09:44:20.227,136.4600,100
35060227245144,09:44:20.227,136.4600,100
35060228610821,09:44:20.228,136.5000,100
35060237081407,09:44:20.237,136.5100,100
35060237419041,09:44:20.237,136.4800,10
35060240005160,09:44:20.240,136.5100,10
35060243628148,09:44:20.243,136.5100,100
35060244113184,09:44:20.244,136.5200,90
35060244140550,09:44:20.244,136.5200,10
35060434279435,09:44:20.434,136.5200,100
35060434681941,09:44:20.434,136.4700,100
35060435478941,09:44:20.435,136.4600,100
35060435846273,09:44:20.435,136.3900,14
35060436345992,09:44:20.436,136.3800,100
35060442774718,09:44:20.442,136.3900,56
35067359510461,09:44:27.359,136.5200,37
35067359600719,09:44:27.359,136.5400,37
35067359619629,09:44:27.359,136.5400,37
35067359626915,09:44:27.359,136.5400,48
35067359851272,09:44:27.359,136.5200,100
35067359851272,09:44:27.359,136.5200,44
35067365522415,09:44:27.365,136.5500,100
35067496266568,09:44:27.496,136.6000,100
35067496266568,09:44:27.496,136.6100,100
35069642328229,09:44:29.642,136.5500,100
35069647820601,09:44:29.647,136.5400,100
35069647910255,09:44:29.647,136.5400,80
35069647935766,09:44:29.647,136.5400,20
35069648080207,09:44:29.648,136.5300,100
35069648253958,09:44:29.648,136.5300,100
35069648269184,09:44:29.648,136.5300,10
35069655450109,09:44:29.655,136.5200,100
35069656458728,09:44:29.656,136.5100,100
35069665283413,09:44:29.665,136.5200,100
35069767037511,09:44:29.767,136.5200,100
35069769319300,09:44:29.769,136.5200,100
35069838931470,09:44:29.838,136.5300,10
35069839264979,09:44:29.839,136.5300,100
35069894063348,09:44:29.894,136.5300,100
35069895087140,09:44:29.895,136.5200,100
35069895353281,09:44:29.895,136.5100,100
35069895353281,09:44:29.895,136.5100,100
35069895401587,09:44:29.895,136.5100,50
35070609439540,09:44:30.609,136.4600,91
35073408106758,09:44:33.408,136.4500,100
35073408175856,09:44:33.408,136.4500,100
35073410448377,09:44:33.410,136.4500,100
35073410495444,09:44:33.410,136.4500,27
35073424292281,09:44:33.424,136.4500,11
35079918471944,09:44:39.918,136.5000,10
35079932415622,09:44:39.932,136.5100,100
35079933087512,09:44:39.933,136.5000,100
35080135136096,09:44:40.135,136.5100,100
35097782622869,09:44:57.782,136.4900,100
35097782653525,09:44:57.782,136.4900,100
35097782758126,09:44:57.782,136.4900,100
35097783712493,09:44:57.783,136.4800,100
35097784140152,09:44:57.784,136.4600,100
35097784176632,09:44:57.784,136.4600,29
35097784204481,09:44:57.784,136.4600,71
35097802561788,09:44:57.802,136.4500,100
35102777874706,09:45:02.777,136.5100,16
35102777967281,09:45:02.777,136.5100,100
35102778211233,09:45:02.778,136.5100,11
35102778762089,09:45:02.778,136.5100,89
35102778762089,09:45:02.778,136.5100,1
35102780336821,09:45:02.780,136.5100,49
35105016874405,09:45:05.016,136.5800,29
35105016874405,09:45:05.016,136.5900,71
35105822110216,09:45:05.822,136.5900,8
35114969942025,09:45:14.969,136.7000,100
35114969953085,09:45:14.969,136.7000,100
35114970072920,09:45:14.970,136.7000,109
35114970074920,09:45:14.970,136.7000,100
35114970076864,09:45:14.970,136.7000,91
35115002176009,09:45:15.002,136.7500,100
35115002176009,09:45:15.002,136.7300,100
35115002358061,09:45:15.002,136.7300,50
35115002385578,09:45:15.002,136.7300,50
35115003462871,09:45:15.003,136.7400,99
35115003465679,09:45:15.003,136.7400,1
35115776999815,09:45:15.776,136.6900,10
35115834267906,09:45:15.834,136.6900,7
35116272212878,09:45:16.272,136.6950,100
35116272212878,09:45:16.272,136.6900,29
35122267327014,09:45:22.267,136.6900,71
35122267327014,09:45:22.267,136.6900,100
35122267327014,09:45:22.267,136.6900,100
35122267327014,09:45:22.267,136.6900,29
35122267374541,09:45:22.267,136.6900,50
35122267383538,09:45:22.267,136.6900,21
35122267453106,09:45:22.267,136.6900,100
35122267466277,09:45:22.267,136.6900,59
35122267502097,09:45:22.267,136.6800,100
35122267523237,09:45:22.267,136.6900,41
35122267543776,09:45:22.267,136.6800,100
35122267589303,09:45:22.267,136.6800,100
35122267589303,09:45:22.267,136.6800,8
35122267672853,09:45:22.267,136.6900,8
35122267799944,09:45:22.267,136.6900,4
35122267882411,09:45:22.267,136.6900,100
35122268290105,09:45:22.268,136.6900,50
35122268372689,09:45:22.268,136.6900,40
35122268439059,09:45:22.268,136.6800,100
35122268987301,09:45:22.268,136.6800,10
35128895044987,09:45:28.895,136.6800,37
35128895374041,09:45:28.895,136.7150,100
35128895374041,09:45:28.895,136.6800,63
35128895375802,09:45:28.895,136.6800,100
35128896142346,09:45:28.896,136.6700,100
35128896142346,09:45:28.896,136.6700,100
35128916029723,09:45:28.916,136.6800,100
35138125907758,09:45:38.125,136.6900,100
35138131087971,09:45:38.131,136.7000,14
35138131087971,09:45:38.131,136.7000,4
35138131121780,09:45:38.131,136.7000,100
35138145541486,09:45:38.145,136.7000,100
35138145541486,09:45:38.145,136.7000,100
35138945458944,09:45:38.945,136.7400,89
35151557345618,09:45:51.557,136.7600,2
35163793607866,09:46:03.793,136.7600,11
35163793607866,09:46:03.793,136.7700,89
35163797458358,09:46:03.797,136.7700,11
35167018902872,09:46:07.018,136.7400,4
35167425275589,09:46:07.425,136.7400,96
35167425303531,09:46:07.425,136.7700,100
35167425570651,09:46:07.425,136.7400,100
35167425571388,09:46:07.425,136.7400,100
35167425745304,09:46:07.425,136.7400,50
35167425749106,09:46:07.425,136.7400,50
35167426071359,09:46:07.426,136.7400,50
35167426084182,09:46:07.426,136.7400,50
35167426116600,09:46:07.426,136.7300,50
35172098963700,09:46:12.098,136.8000,100
35173038196139,09:46:13.038,136.7900,200
35173038352063,09:46:13.038,136.7900,100
35179871347335,09:46:19.871,136.8000,100
35179871347335,09:46:19.871,136.7700,100
35179882385639,09:46:19.882,136.7800,100
35179882385639,09:46:19.882,136.7800,100
35179882385639,09:46:19.882,136.7800,100
35179887402541,09:46:19.887,136.7600,100
35179891795466,09:46:19.891,136.7500,100
35180124602093,09:46:20.124,136.7400,100
35180124602093,09:46:20.124,136.7400,100
35180693678162,09:46:20.693,136.7400,100
35180693678162,09:46:20.693,136.7400,100
35180760908017,09:46:20.760,136.7500,100
35188288687547,09:46:28.288,136.7500,100
35188288687547,09:46:28.288,136.7500,11
35198031981515,09:46:38.031,136.7500,17
35198032007491,09:46:38.032,136.7500,83
35201757007816,09:46:41.757,136.7400,34
35201759688266,09:46:41.759,136.7600,37
35201920745930,09:46:41.920,136.8000,11
35201921047010,09:46:41.921,136.8000,100
35201921052074,09:46:41.921,136.8000,100
35201921768981,09:46:41.921,136.8300,14
35201928711097,09:46:41.928,136.8100,50
35201928740510,09:46:41.928,136.8100,50
35201929208303,09:46:41.929,136.8300,10
35201932350350,09:46:41.932,136.8100,10
35201932350350,09:46:41.932,136.8100,10
35201932350350,09:46:41.932,136.8100,5
35201932350350,09:46:41.932,136.8100,5
35201932694869,09:46:41.932,136.8300,30
35201932694869,09:46:41.932,136.8400,7
35201934219822,09:46:41.934,136.8400,30
35201965132902,09:46:41.965,136.8400,10
35201965132902,09:46:41.965,136.8400,10
35201965132902,09:46:41.965,136.8400,10
35202133142693,09:46:42.133,136.8000,100
35202638276223,09:46:42.638,136.7900,100
35202638276223,09:46:42.638,136.7900,100
35202665389240,09:46:42.665,136.7900,100
35203531685075,09:46:43.531,136.8150,106
35203537678294,09:46:43.537,136.8300,44
35211341044131,09:46:51.341,136.8300,100
35211341083833,09:46:51.341,136.8300,27
35211362907106,09:46:51.362,136.8300,100
35211657385255,09:46:51.657,136.8200,16
35211659304889,09:46:51.659,136.8100,90
35211659339862,09:46:51.659,136.8100,10
35212145954631,09:46:52.145,136.8100,100
35212145954631,09:46:52.145,136.8100,10
35212146654538,09:46:52.146,136.8100,100
35212165567769,09:46:52.165,136.7900,100
35213117530206,09:46:53.117,136.8100,100
35213117530206,09:46:53.117,136.7900,100
35223056585423,09:47:03.056,136.8500,90
35223056610231,09:47:03.056,136.8500,10
35223056613137,09:47:03.056,136.8500,10
35223056618936,09:47:03.056,136.8500,10
35223056657793,09:47:03.056,136.8500,100
35223847346225,09:47:03.847,136.8600,100
35223848200708,09:47:03.848,136.8500,100
35223848200708,09:47:03.848,136.8500,200
35224139955395,09:47:04.139,136.8500,100
35224140044267,09:47:04.140,136.8500,100
35225044319541,09:47:05.044,136.8600,2
35225044404477,09:47:05.044,136.8600,1
35225045073069,09:47:05.045,136.8600,72
35225045098729,09:47:05.045,136.8600,28
35226043322086,09:47:06.043,136.8600,100
35227158421893,09:47:07.158,136.8500,100
35230530140065,09:47:10.530,136.8500,110
35230530140065,09:47:10.530,136.8900,90
35230530166121,09:47:10.530,136.8900,10
35230530166121,09:47:10.530,136.8900,11
35230530166121,09:47:10.530,136.8900,8
35230540623899,09:47:10.540,136.8750,200
35231883605787,09:47:11.883,136.8850,100
35231883682263,09:47:11.883,136.8500,100
35231883794318,09:47:11.883,136.8400,100
35231883800268,09:47:11.883,136.8300,17
35231884093089,09:47:11.884,136.8500,100
35231884093089,09:47:11.884,136.8500,100
35231884661852,09:47:11.884,136.8300,83
35231889759210,09:47:11.889,136.8300,12
35233238216041,09:47:13.238,136.8300,37
35233912558278,09:47:13.912,136.8300,2
35235449446190,09:47:15.449,136.8300,12
35245956448141,09:47:25.956,136.8700,38
35245956820549,09:47:25.956,136.8800,38
35248321454067,09:47:28.321,136.9300,75
35248321880531,09:47:28.321,136.9400,8
35248321880531,09:47:28.321,136.9400,67
35249809905861,09:47:29.809,136.9000,100
35249809905861,09:47:29.809,136.9000,100
35270420496926,09:47:50.420,136.8800,44
35271312422395,09:47:51.312,136.9000,35
35273469494047,09:47:53.469,136.8900,100
35273469494047,09:47:53.469,136.8900,100
35273479693056,09:47:53.479,136.9000,100
35273481493171,09:47:53.481,136.8900,100
35273481547406,09:47:53.481,136.8800,3
35273481547406,09:47:53.481,136.8800,97
35273481922015,09:47:53.481,136.8800,3
35273481922015,09:47:53.481,136.8800,97
35273481987291,09:47:53.481,136.8800,3
35276049974788,09:47:56.049,136.9000,100
35279029200555,09:47:59.029,136.9000,100
35281169048351,09:48:01.169,136.9000,100
35281169052209,09:48:01.169,136.9000,100
35281169192894,09:48:01.169,136.9000,10
35283954651219,09:48:03.954,136.9000,50
35283954897430,09:48:03.954,136.9000,50
35283954908066,09:48:03.954,136.8900,86
35283954944379,09:48:03.954,136.8900,14
35284250556452,09:48:04.250,136.9050,100
35285021163797,09:48:05.021,136.8900,50
35285131920199,09:48:05.131,136.8900,50
35285720839779,09:48:05.720,136.8900,100
35287205141604,09:48:07.205,136.8800,100
35287205141604,09:48:07.205,136.8800,100
35287205141604,09:48:07.205,136.8800,100
35287205246708,09:48:07.205,136.8800,100
35287885847951,09:48:07.885,136.8700,100
35287885847951,09:48:07.885,136.8700,100
35287885847951,09:48:07.885,136.8700,100
35287886286711,09:48:07.886,136.8700,100
35287886286711,09:48:07.886,136.8700,100
35287887651442,09:48:07.887,136.8600,144
35287887739369,09:48:07.887,136.8600,100
35287888064397,09:48:07.888,136.8600,50
35287889368939,09:48:07.889,136.8600,6
35287889368939,09:48:07.889,136.8600,63
35287890810981,09:48:07.890,136.8600,116
35287890959816,09:48:07.890,136.8600,68
35287890963801,09:48:07.890,136.8600,50
35287891228610,09:48:07.891,136.8600,3
35287891655429,09:48:07.891,136.8600,100
35291938595037,09:48:11.938,136.8900,100
35291938716279,09:48:11.938,136.8900,100
35291938897497,09:48:11.938,136.8900,100
35291939107062,09:48:11.939,136.9000,100
35291939148216,09:48:11.939,136.9000,200
35292043056776,09:48:12.043,136.9000,100
35294507848748,09:48:14.507,136.9000,100
35294507947614,09:48:14.507,136.9200,100
35294511420521,09:48:14.511,136.9000,100
35294524293521,09:48:14.524,136.9000,100
35295644783620,09:48:15.644,136.9000,100
35295646840621,09:48:15.646,136.9000,100
35295648781124,09:48:15.648,136.9000,97
35296109900980,09:48:16.109,136.9100,100
35297446786980,09:48:17.446,136.9000,3
35297446786980,09:48:17.446,136.9000,31
35299355764733,09:48:19.355,136.9300,100
35299356212321,09:48:19.356,136.9400,100
35299357382594,09:48:19.357,136.9100,10
35299357404886,09:48:19.357,136.9250,100
35299359118352,09:48:19.359,136.9000,100
35299359118352,09:48:19.359,136.9000,60
35299359209747,09:48:19.359,136.9000,40
35299359209747,09:48:19.359,136.9000,100
35300061398222,09:48:20.061,136.9300,6
35304913755026,09:48:24.913,136.9300,24
35304913755026,09:48:24.913,136.9300,10
35304924747096,09:48:24.924,136.9500,9
35304940819149,09:48:24.940,136.9500,100
35309041659177,09:48:29.041,136.9500,100
35312030802148,09:48:32.030,136.9500,100
35315063740515,09:48:35.063,136.9500,100
35315314794058,09:48:35.314,136.9500,100
35315329347239,09:48:35.329,136.9500,100
35316995298796,09:48:36.995,136.9400,100
35316995328839,09:48:36.995,136.9400,100
35316995423463,09:48:36.995,136.9500,91
35316995461333,09:48:36.995,136.9500,9
35316995465670,09:48:36.995,136.9500,9
35316995624437,09:48:36.995,136.9400,100
35316995624437,09:48:36.995,136.9400,10
35317000247518,09:48:37.000,136.9300,100
35327208928086,09:48:47.208,136.9500,10
35327208928086,09:48:47.208,136.9500,15
35327208928086,09:48:47.208,136.9500,15
35327208928086,09:48:47.208,136.9500,15
35327209403218,09:48:47.209,136.9500,164
35327209404550,09:48:47.209,136.9500,27
35327212984050,09:48:47.212,136.9550,100
35329855030922,09:48:49.855,136.9500,100
35330404919012,09:48:50.404,136.9200,100
35330404919012,09:48:50.404,136.9200,100
35330404919012,09:48:50.404,136.9200,100
35330404991391,09:48:50.404,136.9200,91
35330405043434,09:48:50.405,136.9200,9
35330406188272,09:48:50.406,136.9100,3
35330406188272,09:48:50.406,136.9100,100
35330636670671,09:48:50.636,136.9000,29
35339996406165,09:48:59.996,136.9100,30
35348273262610,09:49:08.273,136.9500,4
35348273429547,09:49:08.273,136.9500,4
35348273430185,09:49:08.273,136.9500,4
35348273523093,09:49:08.273,136.9500,92
35348281630324,09:49:08.281,136.9600,100
35348282707800,09:49:08.282,136.9500,100
35348973925135,09:49:08.973,136.9200,10
35350242250275,09:49:10.242,136.9500,100
35354590325358,09:49:14.590,136.9500,100
35374362924031,09:49:34.362,136.9600,55
35374362948610,09:49:34.362,136.9600,23
35375795430253,09:49:35.795,136.9900,100
35375796031862,09:49:35.796,136.9900,100
35375799114651,09:49:35.799,137.0000,100
35375799114651,09:49:35.799,137.0000,100
35375869030017,09:49:35.869,137.0100,100
35375869030017,09:49:35.869,137.0000,100
35375869030017,09:49:35.869,137.0000,1
35375869030017,09:49:35.869,137.0000,100
35385106155998,09:49:45.106,136.9600,1
35385106191413,09:49:45.106,136.9600,1
35393074360564,09:49:53.074,137.0400,100
35393756847470,09:49:53.756,137.0400,100
35394783730491,09:49:54.783,137.0000,100
35400139236714,09:50:00.139,137.0000,100
35400139236714,09:50:00.139,137.0000,1
35406037844657,09:50:06.037,137.0500,38
35406037844657,09:50:06.037,137.0600,37
35406037844657,09:50:06.037,137.0800,6
35406047308453,09:50:06.047,137.0300,100
35406047308453,09:50:06.047,137.0200,10
35406047308453,09:50:06.047,137.0100,100
35406047308453,09:50:06.047,137.0000,50
35406047308453,09:50:06.047,137.0000,100
35406047308453,09:50:06.047,137.0000,100
35406056592420,09:50:06.056,137.0000,100
35406828495650,09:50:06.828,137.0400,40
35406828495650,09:50:06.828,137.0500,60
35408255677061,09:50:08.255,136.9900,2
35408255705408,09:50:08.255,136.9900,98
35408255705408,09:50:08.255,136.9900,100
35408255797769,09:50:08.255,136.9900,100
35408256634008,09:50:08.256,136.9800,100
35408256659821,09:50:08.256,136.9800,3
35408257414648,09:50:08.257,136.9900,100
35409294349116,09:50:09.294,136.9900,100
35409294349116,09:50:09.294,136.9900,20
35409294349116,09:50:09.294,136.9900,80
35409294376659,09:50:09.294,136.9900,20
35409381468533,09:50:09.381,136.9400,33
35409886291566,09:50:09.886,136.9400,67
35409886291566,09:50:09.886,136.9400,33
35417436963863,09:50:17.436,137.0300,100
35417436963863,09:50:17.436,137.0200,19
35421626454373,09:50:21.626,137.1700,100
35421626454373,09:50:21.626,137.1800,100
35421626996981,09:50:21.626,137.2000,20
35421627343585,09:50:21.627,137.2000,57
35424143482041,09:50:24.143,137.2300,8
35424209514999,09:50:24.209,137.2100,100
35424209972662,09:50:24.209,137.2000,44
35427419284582,09:50:27.419,137.2700,9
35428969855196,09:50:28.969,137.2700,28
35428969855196,09:50:28.969,137.2700,100
35428969855196,09:50:28.969,137.2800,100
35428969855196,09:50:28.969,137.2800,37
35428969855196,09:50:28.969,137.2800,14
35428971707918,09:50:28.971,137.3000,14
35430152644699,09:50:30.152,137.2500,100
35430152644699,09:50:30.152,137.2500,100
35430153694743,09:50:30.153,137.2400,56
35430153694743,09:50:30.153,137.2400,100
35430156803063,09:50:30.156,137.2100,100
35431047782618,09:50:31.047,137.2400,100
35434181260347,09:50:34.181,137.2600,2
35435007534859,09:50:35.007,137.2600,37
35435043173329,09:50:35.043,137.2600,61
35435043173329,09:50:35.043,137.2600,39
35435043199575,09:50:35.043,137.2600,61
35437544342200,09:50:37.544,137.2800,37
35437544413334,09:50:37.544,137.2800,8
35442156094506,09:50:42.156,137.2500,100
35442261416028,09:50:42.261,137.3000,100
35450359852270,09:50:50.359,137.2800,37
35450391126917,09:50:50.391,137.2800,38
35451828486150,09:50:51.828,137.2800,62
35451828486150,09:50:51.828,137.2800,100
35451828486150,09:50:51.828,137.2800,16
35451828555359,09:50:51.828,137.2800,100
35454268568877,09:50:54.268,137.2700,100
35454268568877,09:50:54.268,137.2600,100
35454268568877,09:50:54.268,137.2600,100
35454268568877,09:50:54.268,137.2600,100
35454268568877,09:50:54.268,137.2600,1
35455917897601,09:50:55.917,137.2600,99
35455917897601,09:50:55.917,137.2600,1
35455918963479,09:50:55.918,137.2600,100
35466662988813,09:51:06.662,137.2800,99
35466663017769,09:51:06.663,137.2800,1
35473563452377,09:51:13.563,137.3800,81
35473563901290,09:51:13.563,137.3800,81
35473564278212,09:51:13.564,137.3800,19
35473564785384,09:51:13.564,137.3900,100
35474363102771,09:51:14.363,137.4100,100
35476640664512,09:51:16.640,137.3500,4
35480049744693,09:51:20.049,137.4100,100
35480672274408,09:51:20.672,137.4100,37
35483505471468,09:51:23.505,137.3900,3
35486905378159,09:51:26.905,137.3500,100
35486905378159,09:51:26.905,137.3500,50
35486905468756,09:51:26.905,137.3400,100
35486905478716,09:51:26.905,137.3500,56
35486906172427,09:51:26.906,137.3300,8
35486906196173,09:51:26.906,137.3300,92
35487222930610,09:51:27.222,137.3400,100
35487222930610,09:51:27.222,137.3400,100
35487223036068,09:51:27.223,137.3400,100
35489876887763,09:51:29.876,137.3500,100
35489876887763,09:51:29.876,137.3500,100
35502263010525,09:51:42.263,137.3400,100
35502263196931,09:51:42.263,137.3400,100
35514660068095,09:51:54.660,137.3600,30
35519404736375,09:51:59.404,137.3500,70
35519405897075,09:51:59.405,137.3600,100
35521218804229,09:52:01.218,137.4200,100
35526625483412,09:52:06.625,137.3900,3
35526722712248,09:52:06.722,137.3700,100
35526722712248,09:52:06.722,137.3700,100
35526722712248,09:52:06.722,137.3700,100
35526722778975,09:52:06.722,137.3700,100
35526722788895,09:52:06.722,137.3600,50
35526723456204,09:52:06.723,137.3500,100
35526723458661,09:52:06.723,137.3500,200
35526730059718,09:52:06.730,137.3500,100
35546964357403,09:52:26.964,137.4100,100
35558287706564,09:52:38.287,137.3800,100
35558287985892,09:52:38.287,137.3800,100
35561348053779,09:52:41.348,137.3750,100
35567960167181,09:52:47.960,137.4200,100
35567960167181,09:52:47.960,137.4200,200
35567960167181,09:52:47.960,137.4200,100
35567960360229,09:52:47.960,137.4300,100
35567960487468,09:52:47.960,137.4500,100
35570393142113,09:52:50.393,137.4600,100
35571003306716,09:52:51.003,137.5300,28
35571003385033,09:52:51.003,137.5300,100
35572011290917,09:52:52.011,137.5500,100
35572011353150,09:52:52.011,137.5400,100
35572011353150,09:52:52.011,137.5400,100
35572667279008,09:52:52.667,137.5400,100
35573067042486,09:52:53.067,137.5400,100
35573070207790,09:52:53.070,137.5300,31
35573070207790,09:52:53.070,137.5300,100
35574740143813,09:52:54.740,137.5200,100
35574740143813,09:52:54.740,137.5300,100
35584608485525,09:53:04.608,137.5300,17
35588247734048,09:53:08.247,137.5100,100
35588247734048,09:53:08.247,137.5100,3
35588459177243,09:53:08.459,137.5200,100
35589269869400,09:53:09.269,137.5000,13
35589658313950,09:53:09.658,137.5000,100
35606028908735,09:53:26.028,137.5400,8
35606029088660,09:53:26.029,137.5400,8
35606029090404,09:53:26.029,137.5400,84
35606029090404,09:53:26.029,137.5500,8
35606240793446,09:53:26.240,137.5600,100
35609100648485,09:53:29.100,137.5900,100
35609100648485,09:53:29.100,137.6000,46
35609100724284,09:53:29.100,137.6000,54
35609100724284,09:53:29.100,137.6000,46
35609100776937,09:53:29.100,137.6000,100
35613173845245,09:53:33.173,137.5700,100
35613178664489,09:53:33.178,137.5600,100
35613179018407,09:53:33.179,137.5800,10
35613179107170,09:53:33.179,137.5600,10
35613217682604,09:53:33.217,137.5600,10
35613217682604,09:53:33.217,137.5600,10
35613238810055,09:53:33.238,137.5500,47
35613304875944,09:53:33.304,137.5500,53
35613304875944,09:53:33.304,137.5500,100
35613322496865,09:53:33.322,137.5200,24
35613488566431,09:53:33.488,137.5500,45
35613488699273,09:53:33.488,137.5600,45
35620669618791,09:53:40.669,137.5400,100
35622883580517,09:53:42.883,137.5900,8
35622883580517,09:53:42.883,137.5900,100
35629650829396,09:53:49.650,137.6500,100
35629650987817,09:53:49.650,137.6500,100
35630067004618,09:53:50.067,137.5800,100
35630067004618,09:53:50.067,137.5800,100
35630067004618,09:53:50.067,137.5700,100
35630067109317,09:53:50.067,137.5700,100
35630067109317,09:53:50.067,137.5700,100
35630067179281,09:53:50.067,137.5700,6
35630067197667,09:53:50.067,137.5700,94
35633029547397,09:53:53.029,137.6300,22
35633029675308,09:53:53.029,137.6400,22
35637195166327,09:53:57.195,137.6500,25
35637195545829,09:53:57.195,137.6500,50
35637195615579,09:53:57.195,137.6500,25
35637195615579,09:53:57.195,137.6500,100
35637196722894,09:53:57.196,137.6700,100
35637760346285,09:53:57.760,137.6700,174
35637760347563,09:53:57.760,137.6700,26
35643528554280,09:54:03.528,137.6400,100
35645279577830,09:54:05.279,137.6900,100
35646785322901,09:54:06.785,137.7100,18
35646785509916,09:54:06.785,137.6800,10
35646795628135,09:54:06.795,137.6600,37
35646797109079,09:54:06.797,137.6800,3
35646908777966,09:54:06.908,137.6500,100
35646927191457,09:54:06.927,137.6300,100
35650170158204,09:54:10.170,137.5900,100
35654157875483,09:54:14.157,137.6300,7
35654163604706,09:54:14.163,137.6600,100
35654163674643,09:54:14.163,137.6600,11
35654163698494,09:54:14.163,137.6600,89
35663329749772,09:54:23.329,137.5900,100
35674624364124,09:54:34.624,137.5600,100
35675024151324,09:54:35.024,137.5400,100
35675030826373,09:54:35.030,137.4800,100
35675030826373,09:54:35.030,137.4800,100
35676772438960,09:54:36.772,137.5000,100
35679540596270,09:54:39.540,137.4800,100
35679540596270,09:54:39.540,137.4700,100
35683332220859,09:54:43.332,137.4800,39
35698980944307,09:54:58.980,137.5600,100
35698980944307,09:54:58.980,137.5600,17
35698980944307,09:54:58.980,137.5600,100
35702531749273,09:55:02.531,137.5100,100
35706245235955,09:55:06.245,137.5800,100
35706245306232,09:55:06.245,137.5800,300
35708129020083,09:55:08.129,137.5800,3
35717339682564,09:55:17.339,137.6200,100
35719072237770,09:55:19.072,137.6400,20
35719072265317,09:55:19.072,137.6400,80
35719072572858,09:55:19.072,137.6500,100
35719646564003,09:55:19.646,137.6200,100
35720133100166,09:55:20.133,137.6700,1030
35720133133340,09:55:20.133,137.6700,870
35720133137698,09:55:20.133,137.6700,5
35720133655051,09:55:20.133,137.6600,10
35721834652170,09:55:21.834,137.6800,100
35721834652170,09:55:21.834,137.6800,100
35724025954993,09:55:24.025,137.7000,100
35729870721720,09:55:29.870,137.6300,100
35729870724863,09:55:29.870,137.6200,100
35729870810838,09:55:29.870,137.6200,10
35729870843652,09:55:29.870,137.6200,90
35729871626947,09:55:29.871,137.6100,100
35731975329354,09:55:31.975,137.6200,100
35735003926407,09:55:35.003,137.6400,100
35740199710037,09:55:40.199,137.5800,100
35740929942486,09:55:40.929,137.5700,100
35740931839623,09:55:40.931,137.5500,3
35740931839623,09:55:40.931,137.5500,100
35740931839623,09:55:40.931,137.5500,100
35740932060821,09:55:40.932,137.5400,100
35740935192550,09:55:40.935,137.5100,100
35740935783638,09:55:40.935,137.4700,100
35740962623236,09:55:40.962,137.5400,10
35750230974786,09:55:50.230,137.5150,300
35750231319781,09:55:50.231,137.4600,100
35750231322764,09:55:50.231,137.4600,100
35765159636902,09:56:05.159,137.5500,100
35765159636902,09:56:05.159,137.5700,23
35765160023926,09:56:05.160,137.5700,30
35771636777697,09:56:11.636,137.5600,100
35771636814117,09:56:11.636,137.5700,100
35771636848405,09:56:11.636,137.5600,100
35771636915501,09:56:11.636,137.5600,95
35771636937905,09:56:11.636,137.5600,5
35771636940937,09:56:11.636,137.5600,5
35771636959611,09:56:11.636,137.5600,95
35771637193849,09:56:11.637,137.5700,10
35771637193849,09:56:11.637,137.5700,100
35771637196252,09:56:11.637,137.5800,100
35771637284251,09:56:11.637,137.5600,10
35771637300308,09:56:11.637,137.5600,10
35771637300308,09:56:11.637,137.5600,22
35771637309956,09:56:11.637,137.5800,3
35771637331196,09:56:11.637,137.5700,100
35771637353247,09:56:11.637,137.5600,10
35771637362185,09:56:11.637,137.5600,32
35771637382903,09:56:11.637,137.5800,97
35771637382903,09:56:11.637,137.5800,3
35771637405883,09:56:11.637,137.5800,97
35771637405883,09:56:11.637,137.5800,3
35771637425755,09:56:11.637,137.5800,97
35771637425755,09:56:11.637,137.5800,100
35771637477861,09:56:11.637,137.5900,100
35771637477861,09:56:11.637,137.5900,100
35772790376486,09:56:12.790,137.6400,100
35773918911606,09:56:13.918,137.6800,100
35773919589005,09:56:13.919,137.6900,100
35773919590323,09:56:13.919,137.6900,100
35773920225403,09:56:13.920,137.7100,100
35773938926234,09:56:13.938,137.7100,100
35773994151957,09:56:13.994,137.7200,37
35773994219547,09:56:13.994,137.7200,63
35777537874759,09:56:17.537,137.7500,100
35777537933408,09:56:17.537,137.7500,41
35777537933408,09:56:17.537,137.7500,59
35777537962964,09:56:17.537,137.7500,41
35777537978727,09:56:17.537,137.7500,100
35777537978727,09:56:17.537,137.7500,2179
35777538008639,09:56:17.538,137.7500,41
35777538205904,09:56:17.538,137.7500,100
35777538257652,09:56:17.538,137.7500,10
35777538304825,09:56:17.538,137.7500,90
35777538666566,09:56:17.538,137.7500,100
35777538811282,09:56:17.538,137.7500,100
35777538903449,09:56:17.538,137.7500,100
35777538989516,09:56:17.538,137.7500,100
35777539066377,09:56:17.539,137.7500,100
35777539142777,09:56:17.539,137.7500,100
35777539220144,09:56:17.539,137.7500,100
35777539324654,09:56:17.539,137.7500,100
35777539402025,09:56:17.539,137.7500,100
35777539478676,09:56:17.539,137.7500,100
35777539553659,09:56:17.539,137.7500,100
35777539630463,09:56:17.539,137.7500,100
35777539711230,09:56:17.539,137.7500,100
35777539789303,09:56:17.539,137.7500,100
35777539863885,09:56:17.539,137.7500,100
35777539937160,09:56:17.539,137.7500,20
35777539993495,09:56:17.539,137.7500,20
35777540040699,09:56:17.540,137.7500,20
35777540115769,09:56:17.540,137.7500,20
35777540187338,09:56:17.540,137.7500,20
35777540276888,09:56:17.540,137.7500,20
35777540352573,09:56:17.540,137.7500,20
35777544982565,09:56:17.544,137.7500,60
35777544982565,09:56:17.544,137.7500,100
35777562322941,09:56:17.562,137.7500,100
35777593191308,09:56:17.593,137.7500,100
35777775437558,09:56:17.775,137.7500,100
35777877209723,09:56:17.877,137.7500,100
35778112727618,09:56:18.112,137.7200,100
35778112727618,09:56:18.112,137.7200,100
35778112752466,09:56:18.112,137.7200,26
35778113068749,09:56:18.113,137.7200,91
35778965186573,09:56:18.965,137.7000,100
35780471298946,09:56:20.471,137.6900,37
35780471326933,09:56:20.471,137.6900,63
35780471326933,09:56:20.471,137.6900,59
35786536147935,09:56:26.536,137.7300,100
35786536147935,09:56:26.536,137.7300,8
35786536216862,09:56:26.536,137.7300,100
35786536604150,09:56:26.536,137.7500,100
35786536604150,09:56:26.536,137.7500,100
35786536604150,09:56:26.536,137.7500,84
35786536655400,09:56:26.536,137.7500,84
35786542008161,09:56:26.542,137.7300,7
35786542423161,09:56:26.542,137.7400,10
35786542509741,09:56:26.542,137.7300,10
35787542030930,09:56:27.542,137.7300,10
35789133015023,09:56:29.133,137.7500,100
35789133015023,09:56:29.133,137.7500,100
35789133399551,09:56:29.133,137.7500,20
35790580129038,09:56:30.580,137.7500,80
35790580129038,09:56:30.580,137.7500,100
35790580129038,09:56:30.580,137.7500,100
35790580215099,09:56:30.580,137.7500,100
35790580215099,09:56:30.580,137.7500,100
35790580235352,09:56:30.580,137.7500,549
35790580421255,09:56:30.580,137.7500,78
35790580479562,09:56:30.580,137.7500,22
35790580799546,09:56:30.580,137.7500,5
35790581163974,09:56:30.581,137.7500,95
35790581163974,09:56:30.581,137.7500,100
35790581163974,09:56:30.581,137.7500,293
35790609644983,09:56:30.609,137.7400,100
35793335945900,09:56:33.335,137.7300,100
35793353976024,09:56:33.353,137.7700,100
35793354354488,09:56:33.354,137.7700,3
35797599931905,09:56:37.599,137.7300,100
35798149933185,09:56:38.149,137.7700,97
35798149933185,09:56:38.149,137.7700,3
35803488994926,09:56:43.488,137.7400,1
35803489094726,09:56:43.489,137.7200,10
35803490000327,09:56:43.490,137.7400,9
35803490374479,09:56:43.490,137.7400,1
35803490737315,09:56:43.490,137.7600,1
35807203153924,09:56:47.203,137.7800,89
35807835364132,09:56:47.835,137.7800,11
35807835364132,09:56:47.835,137.7800,100
35808393601426,09:56:48.393,137.8300,100
35811590129997,09:56:51.590,137.9000,35
35811590129997,09:56:51.590,137.9000,150
35812017031451,09:56:52.017,137.8850,15
35814580860694,09:56:54.580,137.8650,3
35814581051974,09:56:54.581,137.8650,3
35814581092740,09:56:54.581,137.8650,3
35814581174661,09:56:54.581,137.8650,3
35814581269262,09:56:54.581,137.8650,3
35814581584297,09:56:54.581,137.8650,3
35814581762711,09:56:54.581,137.8650,3
35814581935013,09:56:54.581,137.8650,3
35814582099075,09:56:54.582,137.8650,3
35814582266011,09:56:54.582,137.8650,3
35814582432013,09:56:54.582,137.8650,3
35814582600928,09:56:54.582,137.8650,3
35814582770565,09:56:54.582,137.8650,3
35814582937933,09:56:54.582,137.8650,3
35814583103964,09:56:54.583,137.8650,3
35814583271784,09:56:54.583,137.8650,3
35814583468418,09:56:54.583,137.8700,3
35814583637619,09:56:54.583,137.8700,3
35814583813978,09:56:54.583,137.8700,3
35814583983645,09:56:54.583,137.8700,3
35814584149653,09:56:54.584,137.8700,3
35814584316270,09:56:54.584,137.8700,3
35814584487690,09:56:54.584,137.8700,3
35814599596847,09:56:54.599,137.8700,3
35814599660307,09:56:54.599,137.8700,3
35814599834020,09:56:54.599,137.8800,3
35814599992391,09:56:54.599,137.8650,90
35814600022781,09:56:54.600,137.8650,2
35814600231227,09:56:54.600,137.8650,1
35814600539627,09:56:54.600,137.8650,3
35814600707271,09:56:54.600,137.8650,3
35814601394690,09:56:54.601,137.8650,3
35814601457200,09:56:54.601,137.8600,3
35814601783663,09:56:54.601,137.8450,57
35814602596515,09:56:54.602,137.8600,100
35816335202666,09:56:56.335,137.8600,52
35816514148383,09:56:56.514,137.8600,37
35816514468844,09:56:56.514,137.8700,37
35816514468844,09:56:56.514,137.8700,63
35816514471699,09:56:56.514,137.8700,37
35818114267132,09:56:58.114,137.9500,100
35818114267132,09:56:58.114,137.9600,72
35818116314496,09:56:58.116,137.9600,100
35819567061193,09:56:59.567,137.9400,100
35819567061193,09:56:59.567,137.9500,100
35819859819352,09:56:59.859,137.9600,11
35820828185541,09:57:00.828,137.9500,61
35820830018792,09:57:00.830,137.9500,39
35823217215777,09:57:03.217,137.9700,150
35823217215777,09:57:03.217,137.9700,6
35830526046789,09:57:10.526,137.9200,10
35832574605359,09:57:12.574,137.9000,28
35832574672056,09:57:12.574,137.9000,172
35832574904816,09:57:12.574,137.8900,100
35832574904816,09:57:12.574,137.8900,80
35832574904816,09:57:12.574,137.8900,200
35833795968256,09:57:13.795,137.8600,60
35833796426631,09:57:13.796,137.8300,100
35833811349362,09:57:13.811,137.8300,50
35833932144773,09:57:13.932,137.8300,100
35833932144773,09:57:13.932,137.8300,70
35833947773612,09:57:13.947,137.8300,100
35836799537254,09:57:16.799,137.8600,33
35836799631356,09:57:16.799,137.8700,33
35850812853031,09:57:30.812,137.8600,100
35850812933779,09:57:30.812,137.8600,33
35850814363204,09:57:30.814,137.8500,25
35850814363204,09:57:30.814,137.8500,100
35852342333209,09:57:32.342,137.8200,3
35869341988026,09:57:49.341,137.7700,100
35881950827492,09:58:01.950,137.7700,14
35881952852769,09:58:01.952,137.7900,10
35882395482351,09:58:02.395,137.7700,10
35882395482351,09:58:02.395,137.7700,10
35882395482351,09:58:02.395,137.7700,10
35882395482351,09:58:02.395,137.7700,10
35882395482351,09:58:02.395,137.7700,10
35885343121203,09:58:05.343,137.7600,60
35885343153417,09:58:05.343,137.7600,40
35887549512742,09:58:07.549,137.7300,100
35887549512742,09:58:07.549,137.7200,100
35896350265780,09:58:16.350,137.8100,100
35896350456618,09:58:16.350,137.8100,100
35896350460596,09:58:16.350,137.8100,100
35896350479709,09:58:16.350,137.8100,32
35896351308598,09:58:16.351,137.8200,68
35896351481996,09:58:16.351,137.8200,32
35896351684058,09:58:16.351,137.8100,15
35896351689588,09:58:16.351,137.8100,53
35903278913788,09:58:23.278,137.8100,30
35907716391862,09:58:27.716,137.7500,4
35907716443113,09:58:27.716,137.7500,13
35907716500699,09:58:27.716,137.7500,8
35907716676586,09:58:27.716,137.7500,6
35907716865168,09:58:27.716,137.7500,4
35907717065887,09:58:27.717,137.7500,2
35907717246263,09:58:27.717,137.7500,2
35907717419510,09:58:27.717,137.7500,1
35907717585218,09:58:27.717,137.7500,1
35913014847618,09:58:33.014,137.7400,20
35913016333603,09:58:33.016,137.7800,19
35913776820762,09:58:33.776,137.7800,100
35913777445481,09:58:33.777,137.7900,100
35914554356819,09:58:34.554,137.8000,100
35917279421485,09:58:37.279,137.7800,100
35917279504035,09:58:37.279,137.7800,100
35921579187378,09:58:41.579,137.7700,100
35925994838925,09:58:45.994,137.7700,29
35925996086679,09:58:45.996,137.7600,100
35925996086679,09:58:45.996,137.7600,100
35926295380303,09:58:46.295,137.7500,2
35926514254788,09:58:46.514,137.7200,33
35940966433514,09:59:00.966,137.8000,44
35947234797722,09:59:07.234,137.6900,100
35947234797722,09:59:07.234,137.6900,60
35947236023064,09:59:07.236,137.6800,100
35951306174360,09:59:11.306,137.6500,100
35956314951703,09:59:16.314,137.6300,100
35956316322137,09:59:16.316,137.6200,100
35969806648108,09:59:29.806,137.5800,7
35969807215077,09:59:29.807,137.5600,8
35970011799046,09:59:30.011,137.5200,100
35971559392434,09:59:31.559,137.5700,34
35971887749993,09:59:31.887,137.5100,100
35971887749993,09:59:31.887,137.5100,100
35978786785605,09:59:38.786,137.4500,100
35998196390771,09:59:58.196,137.4800,100
35998196390771,09:59:58.196,137.4800,100
35998196489388,09:59:58.196,137.4900,100
35998197078778,09:59:58.197,137.5200,2
35999077119895,09:59:59.077,137.5200,98
35999077119895,09:59:59.077,137.5300,2
35999077120595,09:59:59.077,137.5300,98
35999077120595,09:59:59.077,137.5300,2
35999077122247,09:59:59.077,137.5300,98
35999077145045,09:59:59.077,137.5400,100
36000185544895,10:00:00.185,137.5300,100
36000187055605,10:00:00.187,137.5300,100
36005405761701,10:00:05.405,137.4900,100
36005405761701,10:00:05.405,137.4900,128
36005406820439,10:00:05.406,137.4600,100
36008104863658,10:00:08.104,137.4500,60
36008105011605,10:00:08.105,137.4500,40
36008105266852,10:00:08.105,137.4300,100
36009033164005,10:00:09.033,137.3400,81
36009033759388,10:00:09.033,137.3300,15
36011869069637,10:00:11.869,137.3300,100
36011869587305,10:00:11.869,137.3200,60
36011869636472,10:00:11.869,137.3200,40
36011869680130,10:00:11.869,137.3100,20
36011869753174,10:00:11.869,137.3100,40
36011869846479,10:00:11.869,137.3100,40
36011869846479,10:00:11.869,137.3100,20
36011869912110,10:00:11.869,137.3100,60
36011870073869,10:00:11.870,137.3100,20
36011875622118,10:00:11.875,137.3400,100
36012015724289,10:00:12.015,137.4000,12
36012015934062,10:00:12.015,137.4000,88
36012015934062,10:00:12.015,137.4000,100
36012016280166,10:00:12.016,137.4000,100
36012016338366,10:00:12.016,137.4000,100
36012016441333,10:00:12.016,137.4000,100
36012016616947,10:00:12.016,137.4300,100
36013888649428,10:00:13.888,137.4400,100
36013940285927,10:00:13.940,137.4300,16
36014375702047,10:00:14.375,137.5100,6
36029587252556,10:00:29.587,137.5300,28
36029587252556,10:00:29.587,137.5300,100
36029587252556,10:00:29.587,137.5300,100
36029587252556,10:00:29.587,137.5300,200
36029587358916,10:00:29.587,137.5300,4
36029587484621,10:00:29.587,137.5300,15
36029587816128,10:00:29.587,137.5300,29
36057494802831,10:00:57.494,137.6000,100
36057494802831,10:00:57.494,137.6000,100
36057563012279,10:00:57.563,137.6100,2
36057563024023,10:00:57.563,137.6100,66
36057563040082,10:00:57.563,137.6100,32
36057973679077,10:00:57.973,137.6000,100
36067687797001,10:01:07.687,137.6700,100
36067687970328,10:01:07.687,137.6800,4
36067687995318,10:01:07.687,137.6800,96
36068891006186,10:01:08.891,137.6800,5
36068891016579,10:01:08.891,137.6800,12
36068891045813,10:01:08.891,137.6800,83
36071253329944,10:01:11.253,137.6600,12
36071253375673,10:01:11.253,137.6600,188
36071253375673,10:01:11.253,137.6500,100
36071253375673,10:01:11.253,137.6500,100
36071253375673,10:01:11.253,137.6500,12
36071253407497,10:01:11.253,137.6500,88
36071253407497,10:01:11.253,137.6500,100
36071253491732,10:01:11.253,137.6500,100
36071273593425,10:01:11.273,137.5900,85
36071273670404,10:01:11.273,137.6100,10
36095762964110,10:01:35.762,137.7100,100
36095763052416,10:01:35.763,137.7200,100
36095763052416,10:01:35.763,137.7200,100
36095763829619,10:01:35.763,137.7600,100
36095763829619,10:01:35.763,137.7600,89
36095763855907,10:01:35.763,137.7600,11
36095769215581,10:01:35.769,137.7700,100
36095769996270,10:01:35.769,137.7700,100
36104537675910,10:01:44.537,137.7700,100
36106101159488,10:01:46.101,137.7300,100
36106101231235,10:01:46.101,137.7300,29
36106101255419,10:01:46.101,137.7300,71
36106101276936,10:01:46.101,137.7300,71
36106101640869,10:01:46.101,137.7200,100
36106101640869,10:01:46.101,137.7200,100
36120650471188,10:02:00.650,137.7800,10
36123533591695,10:02:03.533,137.7600,4
36130090253831,10:02:10.090,137.8400,100
36135674056333,10:02:15.674,137.8900,38
36135674222121,10:02:15.674,137.8400,6
36143900224395,10:02:23.900,137.8900,6
36149203813698,10:02:29.203,137.9000,100
36149203813698,10:02:29.203,137.9100,10
36149204199109,10:02:29.204,137.9100,30
36149204885867,10:02:29.204,137.9100,60
36149204885867,10:02:29.204,137.9100,10
36149786863224,10:02:29.786,137.9200,100
36154091232629,10:02:34.091,137.9050,100
36159892305747,10:02:39.892,137.8800,7
36159893386220,10:02:39.893,137.8800,100
36159893739866,10:02:39.893,137.8600,100
36159893739866,10:02:39.893,137.8600,100
36159912613930,10:02:39.912,137.8800,10
36166647310208,10:02:46.647,137.8300,3
36166647371272,10:02:46.647,137.8300,97
36166647371272,10:02:46.647,137.8300,3
36166647573203,10:02:46.647,137.8300,97
36166687083877,10:02:46.687,137.8000,60
36166687083877,10:02:46.687,137.7900,100
36166687083877,10:02:46.687,137.7900,40
36166687991715,10:02:46.687,137.7900,44
36166690121211,10:02:46.690,137.7900,16
36166690753346,10:02:46.690,137.7600,8
36166695278413,10:02:46.695,137.7600,92
36166695666718,10:02:46.695,137.7600,2
36166695824999,10:02:46.695,137.7500,7
36166695930228,10:02:46.695,137.7500,23
36166696076295,10:02:46.696,137.7600,6
36166696519693,10:02:46.696,137.7500,70
36166708116877,10:02:46.708,137.7500,6
36166709833957,10:02:46.709,137.7300,6
36166713792663,10:02:46.713,137.7300,15
36167092100893,10:02:47.092,137.7300,79
36167095798503,10:02:47.095,137.7200,21
36167095798503,10:02:47.095,137.7200,5
36167095879050,10:02:47.095,137.7500,4
36213085421511,10:03:33.085,137.7600,100
36216334804483,10:03:36.334,137.7500,2
36216334804483,10:03:36.334,137.7500,98
36216335309927,10:03:36.335,137.7500,2
36216335309927,10:03:36.335,137.7500,36
36216335309927,10:03:36.335,137.7500,62
36216335311722,10:03:36.335,137.7500,38
36216335311722,10:03:36.335,137.7500,100
36216335659967,10:03:36.335,137.7400,100
36228490167906,10:03:48.490,137.7800,100
36230946032804,10:03:50.946,137.7800,1
36231457289297,10:03:51.457,137.7800,1
36232467780043,10:03:52.467,137.7800,1
36236552005585,10:03:56.552,137.8100,100
36236552005585,10:03:56.552,137.7900,100
36236552031258,10:03:56.552,137.7900,100
36236552079657,10:03:56.552,137.7900,66
36244693713740,10:04:04.693,137.8300,100
36244693713740,10:04:04.693,137.8300,10
36244693713740,10:04:04.693,137.8300,90
36244693813854,10:04:04.693,137.8300,100
36246283718746,10:04:06.283,137.8400,90
36246283774237,10:04:06.283,137.8400,10
36246283774237,10:04:06.283,137.8400,100
36263287288015,10:04:23.287,137.8600,80
36263287663404,10:04:23.287,137.8600,5
36263288489603,10:04:23.288,137.8600,15
36263288489603,10:04:23.288,137.8600,85
36263327558634,10:04:23.327,137.8600,15
36288181260199,10:04:48.181,137.9500,100
36288184258917,10:04:48.184,137.9800,100
36288491493368,10:04:48.491,137.9900,100
36288491874611,10:04:48.491,137.9900,3
36290800758619,10:04:50.800,137.9900,100
36290801502514,10:04:50.801,138.0000,30
36290801502514,10:04:50.801,138.0000,2
36290801502514,10:04:50.801,138.0000,25
36290801502514,10:04:50.801,138.0000,10
36290801502514,10:04:50.801,138.0000,5
36290801502514,10:04:50.801,138.0000,100
36290801502514,10:04:50.801,138.0000,31
36290801505982,10:04:50.801,138.0000,69
36290801505982,10:04:50.801,138.0000,31
36290801515562,10:04:50.801,138.0000,69
36290801515562,10:04:50.801,138.0000,69
36290801524096,10:04:50.801,138.0000,100
36290801635302,10:04:50.801,138.0000,100
36290801635302,10:04:50.801,138.0000,272
36290801717466,10:04:50.801,138.0000,100
36290801717466,10:04:50.801,138.0000,38
36290801719762,10:04:50.801,138.0000,212
36290801725725,10:04:50.801,138.0000,100
36290801727692,10:04:50.801,138.0000,100
36290801752023,10:04:50.801,138.0000,100
36290801881234,10:04:50.801,138.0000,100
36290801970541,10:04:50.801,138.0000,100
36290801971921,10:04:50.801,138.0000,100
36290802609749,10:04:50.802,138.0000,100
36290802609749,10:04:50.802,138.0000,800
36290803469445,10:04:50.803,138.0000,100
36290803469445,10:04:50.803,138.0000,949
36290868155565,10:04:50.868,138.0100,100
36290869042398,10:04:50.869,138.0200,100
36290870070798,10:04:50.870,138.0300,100
36290870625194,10:04:50.870,138.0300,100
36290870750131,10:04:50.870,138.0100,100
36290870781631,10:04:50.870,138.0100,100
36291492633712,10:04:51.492,138.0500,100
36291492926719,10:04:51.492,138.0500,100
36294492122813,10:04:54.492,138.0500,100
36294492122813,10:04:54.492,138.0500,100
36295226022211,10:04:55.226,138.0200,100
36302491421727,10:05:02.491,138.0500,92
36302491445938,10:05:02.491,138.0500,8
36302491731816,10:05:02.491,138.0500,100
36302491946949,10:05:02.491,138.0600,100
36302491946949,10:05:02.491,138.0600,100
36305951647720,10:05:05.951,138.1800,100
36305951647720,10:05:05.951,138.1800,29
36308500536319,10:05:08.500,138.1300,100
36308978218253,10:05:08.978,138.1800,47
36308980067050,10:05:08.980,138.1800,3
36311492125763,10:05:11.492,138.1800,50
36311492125763,10:05:11.492,138.1800,50
36311492144727,10:05:11.492,138.1800,50
36311493336316,10:05:11.493,138.1900,100
36314111186206,10:05:14.111,138.2000,30
36314111326535,10:05:14.111,138.2000,70
36314490737420,10:05:14.490,138.2100,28
36314491174092,10:05:14.491,138.2200,100
36314494689788,10:05:14.494,138.2400,100
36318175245322,10:05:18.175,138.2300,8
36318175245322,10:05:18.175,138.2300,37
36318175524114,10:05:18.175,138.2400,37
36318485488918,10:05:18.485,138.2200,100
36318485488918,10:05:18.485,138.2000,98
36319229706271,10:05:19.229,138.1800,100
36319230799828,10:05:19.230,138.1800,100
36319230872740,10:05:19.230,138.1800,100
36325444680689,10:05:25.444,138.2400,30
36330458904101,10:05:30.458,138.2400,70
36330458904101,10:05:30.458,138.2400,100
36330458904101,10:05:30.458,138.2400,10
36340529063750,10:05:40.529,138.4000,100
36340600141428,10:05:40.600,138.4000,11
36344529336628,10:05:44.529,138.4250,160
36344541817158,10:05:44.541,138.3900,200
36344541817158,10:05:44.541,138.3900,100
36344542121049,10:05:44.542,138.3900,30
36344542663709,10:05:44.542,138.3700,7
36344542935620,10:05:44.542,138.3700,93
36344543209605,10:05:44.543,138.3600,34
36344543499097,10:05:44.543,138.3600,53
36344543548752,10:05:44.543,138.3600,13
36344544353777,10:05:44.544,138.3500,91
36344544359117,10:05:44.544,138.3500,9
36344597118271,10:05:44.597,138.3650,100
36344741895258,10:05:44.741,138.3400,100
36345525427312,10:05:45.525,138.3800,100
36346218123457,10:05:46.218,138.3450,100
36347353493124,10:05:47.353,138.3000,100
36347353564583,10:05:47.353,138.3000,90
36347353691602,10:05:47.353,138.3000,10
36347353953857,10:05:47.353,138.2600,100
36347353953857,10:05:47.353,138.2600,100
36347471361656,10:05:47.471,138.2750,100
36347471494088,10:05:47.471,138.2400,100
36355343234361,10:05:55.343,138.2100,100
36362776421820,10:06:02.776,138.2900,10
36376773649566,10:06:16.773,138.2900,90
36376773649566,10:06:16.773,138.2900,100
36376773649566,10:06:16.773,138.2900,10
36376773681924,10:06:16.773,138.2900,8
36376773700945,10:06:16.773,138.2900,10
36376773741470,10:06:16.773,138.2900,82
36376773754701,10:06:16.773,138.2900,98
36376773766408,10:06:16.773,138.2900,2
36376773766408,10:06:16.773,138.2900,5
36376773825886,10:06:16.773,138.2900,100
36376773832906,10:06:16.773,138.3000,100
36376773832906,10:06:16.773,138.3000,10
36376774759726,10:06:16.774,138.2900,1
36376774871379,10:06:16.774,138.2900,99
36376775445383,10:06:16.775,138.2900,50
36385556391221,10:06:25.556,138.3400,92
36385923984542,10:06:25.923,138.3400,8
36386675342051,10:06:26.675,138.3400,100
36388948207297,10:06:28.948,138.3450,100
36399489772935,10:06:39.489,138.3500,100
36399489772935,10:06:39.489,138.3500,10
36399490174892,10:06:39.490,138.3900,100
36400538969943,10:06:40.538,138.4200,100
36400543833207,10:06:40.543,138.4300,1
36400825669857,10:06:40.825,138.4800,50
36400825669857,10:06:40.825,138.4900,50
36400825760828,10:06:40.825,138.4500,10
36401231100198,10:06:41.231,138.4700,10
36401491219837,10:06:41.491,138.4400,100
36403105856290,10:06:43.105,138.4600,10
36403106573343,10:06:43.106,138.4600,10
36403106616873,10:06:43.106,138.4600,10
36403491188400,10:06:43.491,138.4700,10
36403491188400,10:06:43.491,138.4700,10
36405240673607,10:06:45.240,138.4700,100
36405488599015,10:06:45.488,138.5000,3
36410025323998,10:06:50.025,138.4700,100
36410025328809,10:06:50.025,138.4400,100
36410025452097,10:06:50.025,138.4400,90
36410025502932,10:06:50.025,138.4400,10
36410025570854,10:06:50.025,138.4400,100
36410025672124,10:06:50.025,138.4300,100
36410025674915,10:06:50.025,138.4300,200
36410025674915,10:06:50.025,138.4300,100
36410025705976,10:06:50.025,138.4300,90
36410025829762,10:06:50.025,138.4300,3
36410026628015,10:06:50.026,138.4200,138
36410026636246,10:06:50.026,138.4200,57
36410026655661,10:06:50.026,138.4200,41
36410026664687,10:06:50.026,138.4200,90
36410026695926,10:06:50.026,138.4200,78
36410026697296,10:06:50.026,138.4200,100
36410045948546,10:06:50.045,138.4200,364
36410251524779,10:06:50.251,138.4300,100
36410252079988,10:06:50.252,138.4400,100
36410598609257,10:06:50.598,138.4300,100
36411120509129,10:06:51.120,138.4200,1100
36411120539895,10:06:51.120,138.4200,50
36411121211108,10:06:51.121,138.4200,340
36411121211108,10:06:51.121,138.4200,100
36411139235854,10:06:51.139,138.4350,100
36411139853281,10:06:51.139,138.4200,100
36433522883857,10:07:13.522,138.4000,50
36443020343842,10:07:23.020,138.4300,100
36443020343842,10:07:23.020,138.4300,100
36443020455792,10:07:23.020,138.4300,100
36451104217030,10:07:31.104,138.4400,100
36451138103142,10:07:31.138,138.4800,100
36451138390743,10:07:31.138,138.4800,100
36464481612214,10:07:44.481,138.4200,100
36464481858913,10:07:44.481,138.4200,100
36464488339227,10:07:44.488,138.4200,100
36464500104798,10:07:44.500,138.4000,6
36464500269887,10:07:44.500,138.4000,94
36464500269887,10:07:44.500,138.4000,100
36465352483714,10:07:45.352,138.3800,100
36465360264791,10:07:45.360,138.3500,100
36465797521192,10:07:45.797,138.2900,100
36465854158436,10:07:45.854,138.2700,100
36465854158436,10:07:45.854,138.2700,100
36465908639456,10:07:45.908,138.2400,100
36465910341847,10:07:45.910,138.2400,100
36469275362516,10:07:49.275,138.2700,100
36488462294388,10:08:08.462,138.2500,42
36489274793486,10:08:09.274,138.3000,50
36489274793486,10:08:09.274,138.3000,50
36489275175423,10:08:09.275,138.3000,10
36502791768411,10:08:22.791,138.2700,100
36502791768411,10:08:22.791,138.2500,200
36502994736459,10:08:22.994,138.2400,100
36502994736459,10:08:22.994,138.2400,100
36502995885788,10:08:22.995,138.2400,38
36502996335876,10:08:22.996,138.2400,100
36502996806847,10:08:22.996,138.2300,100
36502996806847,10:08:22.996,138.2300,100
36503000300248,10:08:23.000,138.2200,100
36503001049551,10:08:23.001,138.2100,100
36505297942153,10:08:25.297,138.2100,1
36505297942153,10:08:25.297,138.2100,100
36505321096934,10:08:25.321,138.2000,100
36505349280532,10:08:25.349,138.2250,100
36508735428706,10:08:28.735,138.2200,49
36511405873038,10:08:31.405,138.2000,100
36511406676085,10:08:31.406,138.1900,100
36511407200515,10:08:31.407,138.1800,100
36512280626637,10:08:32.280,138.1500,100
36514608684211,10:08:34.608,138.1500,74
36515265509897,10:08:35.265,138.1600,100
36515266141228,10:08:35.266,138.1700,100
36517237567148,10:08:37.237,138.1800,2
36517237593274,10:08:37.237,138.1800,98
36517237665467,10:08:37.237,138.1800,100
36517237889454,10:08:37.237,138.1900,100
36517237889454,10:08:37.237,138.1900,10
36517238405570,10:08:37.238,138.2000,43
36517239321331,10:08:37.239,138.2000,57
36517239321331,10:08:37.239,138.2000,100
36521129776710,10:08:41.129,138.2500,100
36521129776710,10:08:41.129,138.2600,100
36526295638795,10:08:46.295,138.2550,100
36526999166985,10:08:46.999,138.2800,100
36530896565532,10:08:50.896,138.2200,100
36530896565532,10:08:50.896,138.2200,100
36530896565532,10:08:50.896,138.2200,100
36530897439745,10:08:50.897,138.2100,6
36530897464161,10:08:50.897,138.2100,94
36543701284217,10:09:03.701,138.2500,100
36543706532839,10:09:03.706,138.2800,90
36543706909038,10:09:03.706,138.2800,2
36543707573219,10:09:03.707,138.2800,8
36550865334120,10:09:10.865,138.2900,100
36550865335888,10:09:10.865,138.2900,100
36553381524718,10:09:13.381,138.2400,100
36554488028292,10:09:14.488,138.2500,100
36554488417159,10:09:14.488,138.1900,100
36580159424585,10:09:40.159,138.2100,88
36580159432795,10:09:40.159,138.2100,12
36596826592220,10:09:56.826,138.2200,14
36599110715956,10:09:59.110,138.2100,100
36623984612615,10:10:23.984,138.1800,100
36623984783296,10:10:23.984,138.1800,100
36623985626512,10:10:23.985,138.1700,100
36624696552885,10:10:24.696,138.1200,100
36624696588539,10:10:24.696,138.1200,400
36625263488141,10:10:25.263,138.1200,3
36626114036500,10:10:26.114,138.1200,100
36627116230640,10:10:27.116,138.0800,100
36627116767914,10:10:27.116,138.0700,100
36628073266953,10:10:28.073,138.1000,10
36633806688150,10:10:33.806,138.1000,100
36633807774221,10:10:33.807,138.1200,100
36633807774221,10:10:33.807,138.1200,100
36633808013481,10:10:33.808,138.1200,100
36633808488029,10:10:33.808,138.1200,2
36633808582641,10:10:33.808,138.1200,98
36636048784850,10:10:36.048,138.1550,100
36636048784850,10:10:36.048,138.1100,100
36636048784850,10:10:36.048,138.1000,100
36636048784850,10:10:36.048,138.0900,200
36636048784850,10:10:36.048,138.0900,100
36636048784850,10:10:36.048,138.0900,100
36636048784850,10:10:36.048,138.0800,10
36636048784850,10:10:36.048,138.0800,100
36636049164610,10:10:36.049,138.1000,100
36636050294604,10:10:36.050,138.1100,100
36636058501266,10:10:36.058,138.1100,100
36645454423101,10:10:45.454,138.1550,100
36649392089572,10:10:49.392,138.0700,100
36651383504723,10:10:51.383,138.0600,100
36651383692454,10:10:51.383,138.0600,100
36651387999658,10:10:51.387,138.0400,100
36652360508478,10:10:52.360,138.0800,100
36665312494399,10:11:05.312,138.0200,300
36679952100959,10:11:19.952,138.0600,20
36679952100959,10:11:19.952,138.0700,9
36679952213698,10:11:19.952,138.0700,20
36684191938597,10:11:24.191,138.0900,100
36684191938597,10:11:24.191,138.0900,100
36684347572813,10:11:24.347,138.0400,200
36684348126935,10:11:24.348,138.0500,10
36684348126935,10:11:24.348,138.0400,190
36684348243084,10:11:24.348,138.0300,4
36684348269643,10:11:24.348,138.0300,6
36686694873920,10:11:26.694,138.0650,100
36686694873920,10:11:26.694,138.0400,100
36703150885019,10:11:43.150,138.0900,200
36703155974275,10:11:43.155,138.0600,10
36707789873563,10:11:47.789,138.0900,10
36707789873563,10:11:47.789,138.0900,10
36707789873563,10:11:47.789,138.0900,10
36707789873563,10:11:47.789,138.0900,10
36707789873563,10:11:47.789,138.0900,10
36707790064146,10:11:47.790,138.1000,100
36707790064146,10:11:47.790,138.1000,100
36707790396237,10:11:47.790,138.1000,100
36707791589307,10:11:47.791,138.1100,100
36707791589307,10:11:47.791,138.1100,10
36720310420027,10:12:00.310,138.1650,100
36738311242765,10:12:18.311,138.2000,10
36738311242765,10:12:18.311,138.2000,100
36738311539251,10:12:18.311,138.2000,100
36738313064264,10:12:18.313,138.2000,100
36759226871344,10:12:39.226,138.3000,100
36759227192907,10:12:39.227,138.3000,100
36760244779373,10:12:40.244,138.3250,100
36770409079210,10:12:50.409,138.3250,100
36770409107802,10:12:50.409,138.3000,240
36770409154387,10:12:50.409,138.2900,61
36770409434370,10:12:50.409,138.2900,39
36770409434370,10:12:50.409,138.2900,61
36770409546677,10:12:50.409,138.2900,139
36770409546677,10:12:50.409,138.2900,100
36770409546677,10:12:50.409,138.2900,49
36770409546677,10:12:50.409,138.2900,100
36770409547735,10:12:50.409,138.2900,16
36770409993413,10:12:50.409,138.2800,5
36770410014972,10:12:50.410,138.2800,7
36770410122381,10:12:50.410,138.2900,100
36770410122381,10:12:50.410,138.2900,99
36771179931915,10:12:51.179,138.2300,100
36771179931915,10:12:51.179,138.2300,100
36771179931915,10:12:51.179,138.2300,200
36771179986523,10:12:51.179,138.2300,233
36771913308304,10:12:51.913,138.2300,67
36771913308304,10:12:51.913,138.2300,100
36780590863340,10:13:00.590,138.2900,6
36791118936847,10:13:11.118,138.2500,100
36810123197989,10:13:30.123,138.2500,100
36815843189795,10:13:35.843,138.2200,32
36815843189795,10:13:35.843,138.2200,100
36815957535326,10:13:35.957,138.2300,100
36825473296722,10:13:45.473,138.2300,100
36838275001100,10:13:58.275,138.2600,22
36838275001100,10:13:58.275,138.2600,100
36838275001100,10:13:58.275,138.2600,78
36838275121693,10:13:58.275,138.2600,22
36838275121693,10:13:58.275,138.2600,100
36838279335156,10:13:58.279,138.2800,35
36838279450812,10:13:58.279,138.2800,65
36838284546360,10:13:58.284,138.3000,10
36848714672778,10:14:08.714,138.3300,10
36848715823141,10:14:08.715,138.3400,10
36848715890964,10:14:08.715,138.3400,62
36848715918877,10:14:08.715,138.3400,7
36848715931464,10:14:08.715,138.3400,31
36848716274228,10:14:08.716,138.3400,7
36848716274228,10:14:08.716,138.3500,171
36848716662469,10:14:08.716,138.3500,25
36859427293336,10:14:19.427,138.3500,204
36859427293336,10:14:19.427,138.3500,35
36859427293336,10:14:19.427,138.3500,100
36869601601578,10:14:29.601,138.3600,12
36872431888477,10:14:32.431,138.3750,100
36877760384655,10:14:37.760,138.3700,200
36878884791841,10:14:38.884,138.3600,100
36878884791841,10:14:38.884,138.3600,100
36878885088777,10:14:38.885,138.3600,16
36878885386616,10:14:38.885,138.3600,31
36878885762482,10:14:38.885,138.3600,5
36878885827765,10:14:38.885,138.3600,48
36879043032839,10:14:39.043,138.3400,13
36879043032839,10:14:39.043,138.3400,100
36880068088010,10:14:40.068,138.3600,1
36885473682901,10:14:45.473,138.3800,100
36885475279798,10:14:45.475,138.3600,100
36885475279798,10:14:45.475,138.3600,8
36885475279798,10:14:45.475,138.3600,100
36885475279798,10:14:45.475,138.3600,19
36885475652835,10:14:45.475,138.3600,81
36885983448315,10:14:45.983,138.3300,100
36885984682386,10:14:45.984,138.3200,100
36885985039359,10:14:45.985,138.3100,100
36889601250682,10:14:49.601,138.3000,100
36889601250682,10:14:49.601,138.3000,100
36889821973239,10:14:49.821,138.2900,100
36889825010152,10:14:49.825,138.2700,100
36911118856038,10:15:11.118,138.3000,60
36916219506047,10:15:16.219,138.3000,40
36916219506047,10:15:16.219,138.3100,12
36916219887596,10:15:16.219,138.3100,10
36916219926468,10:15:16.219,138.3100,78
36916219926468,10:15:16.219,138.3100,10
36916219926468,10:15:16.219,138.3100,100
36916219926468,10:15:16.219,138.3100,10
36916220064999,10:15:16.220,138.3100,50
36916220085445,10:15:16.220,138.3100,40
36916606836924,10:15:16.606,138.3500,100
36930009152013,10:15:30.009,138.3600,10
36930009153409,10:15:30.009,138.3900,100
36933188155613,10:15:33.188,138.4100,100
36933188630114,10:15:33.188,138.4100,100
36936016245115,10:15:36.016,138.4500,100
36943061970182,10:15:43.061,138.4700,100
36943061970182,10:15:43.061,138.4700,10
36943062065508,10:15:43.062,138.4800,100
36943066511638,10:15:43.066,138.5000,182
36943066548067,10:15:43.066,138.5000,100
36943393854351,10:15:43.393,138.4600,100
36945243209503,10:15:45.243,138.4900,200
36946526172226,10:15:46.526,138.4700,100
36946528275392,10:15:46.528,138.4500,100
36946528275392,10:15:46.528,138.4400,100
36946528275392,10:15:46.528,138.4400,100
36946528275392,10:15:46.528,138.4400,100
36946528449420,10:15:46.528,138.4400,100
36946528919397,10:15:46.528,138.4400,100
36947293731393,10:15:47.293,138.4300,100
36947294063203,10:15:47.294,138.4300,100
36947294266525,10:15:47.294,138.4300,100
36947294410460,10:15:47.294,138.4300,10
36947294997627,10:15:47.294,138.4300,90
36947294997627,10:15:47.294,138.4300,10
36947296793354,10:15:47.296,138.4300,3
36948605355286,10:15:48.605,138.4450,100
36959464783836,10:15:59.464,138.4800,200
36959465095709,10:15:59.465,138.5000,100
36959465095709,10:15:59.465,138.5000,100
36959465396226,10:15:59.465,138.5000,100
36959622294419,10:15:59.622,138.4900,100
36961463702880,10:16:01.463,138.4800,100
36961463843012,10:16:01.463,138.4600,100
36961644511140,10:16:01.644,138.5000,100
36961644808601,10:16:01.644,138.5000,100
36964043372027,10:16:04.043,138.5000,100
36964043372027,10:16:04.043,138.5000,9
36964043372027,10:16:04.043,138.5000,100
36964043372027,10:16:04.043,138.5000,91
36966132310996,10:16:06.132,138.4750,100
36966132310996,10:16:06.132,138.4500,100
36966132743742,10:16:06.132,138.4500,100
36966132817981,10:16:06.132,138.4500,99
36966133300561,10:16:06.133,138.4400,100
36966133510416,10:16:06.133,138.4400,100
36966133909489,10:16:06.133,138.4300,100
36966134233749,10:16:06.134,138.4300,1
36966143524614,10:16:06.143,138.4800,100
36966143524614,10:16:06.143,138.4900,100
36967838534735,10:16:07.838,138.4800,49
36967838534735,10:16:07.838,138.4800,1
36968543929661,10:16:08.543,138.5000,100
36968543929661,10:16:08.543,138.5000,100
36968543929661,10:16:08.543,138.5000,100
36968543929661,10:16:08.543,138.5000,100
36968544233037,10:16:08.544,138.5000,100
36968544236035,10:16:08.544,138.5000,100
36968544752679,10:16:08.544,138.5000,9
36968547850313,10:16:08.547,138.5000,91
36968597506420,10:16:08.597,138.4400,100
36970744052117,10:16:10.744,138.4900,100
36970744052117,10:16:10.744,138.5000,100
36970744052117,10:16:10.744,138.5000,100
36970744052117,10:16:10.744,138.5000,107
36970744052117,10:16:10.744,138.5000,93
36972943985559,10:16:12.943,138.5000,100
36972943985559,10:16:12.943,138.5000,7
36972943985559,10:16:12.943,138.5000,100
36972943985559,10:16:12.943,138.5000,93
36972950026855,10:16:12.950,138.4900,12
36973251660820,10:16:13.251,138.5000,100
36973323052386,10:16:13.323,138.4900,100
36973453979651,10:16:13.453,138.4300,100
36973453979651,10:16:13.453,138.4300,100
36973454085364,10:16:13.454,138.4300,100
36973455009096,10:16:13.455,138.4200,100
36973455049641,10:16:13.455,138.4200,100
36992608252639,10:16:32.608,138.4550,100
36996013101569,10:16:36.013,138.4400,100
36996015245384,10:16:36.015,138.4200,90
36996628096117,10:16:36.628,138.4100,100
36996628096117,10:16:36.628,138.4100,100
36996628166033,10:16:36.628,138.4000,50
36996628203022,10:16:36.628,138.4000,50
36996628229971,10:16:36.628,138.4000,29
36996628236278,10:16:36.628,138.4000,71
36996628236278,10:16:36.628,138.4000,29
36996628266605,10:16:36.628,138.4000,71
36997297852592,10:16:37.297,138.3700,50
36997297852592,10:16:37.297,138.3700,50
36997297878685,10:16:37.297,138.3700,50
36997297979190,10:16:37.297,138.3600,100
36997298593598,10:16:37.298,138.3650,100
36997299116686,10:16:37.299,138.3600,100
36997300040195,10:16:37.300,138.3500,100
36998317948318,10:16:38.317,138.3600,100
36998318054041,10:16:38.318,138.3500,10
36998318437314,10:16:38.318,138.3600,10
37004551520716,10:16:44.551,138.3950,100
37006539372948,10:16:46.539,138.3500,100
37006539372948,10:16:46.539,138.3500,18
37006539465333,10:16:46.539,138.3500,58
37006540623507,10:16:46.540,138.3400,100
37006817969613,10:16:46.817,138.3100,40
37007044498017,10:16:47.044,138.2900,100
37007044498017,10:16:47.044,138.2900,100
37011007161431,10:16:51.007,138.2800,100
37011007161431,10:16:51.007,138.2800,100
37033617830783,10:17:13.617,138.2100,100
37033617830783,10:17:13.617,138.2100,45
37033617859169,10:17:13.617,138.2100,55
37033618641797,10:17:13.618,138.2000,100
37033619577048,10:17:13.619,138.1900,100
37052618674935,10:17:32.618,138.1800,100
37052618674935,10:17:32.618,138.1800,100
37052621935042,10:17:32.621,138.1800,6
37060592363729,10:17:40.592,138.1800,49
37060592363729,10:17:40.592,138.1800,51
37061132066682,10:17:41.132,138.1800,100
37062133646723,10:17:42.133,138.1800,100
37062134457176,10:17:42.134,138.1700,100
37062134457176,10:17:42.134,138.1700,100
37062134457176,10:17:42.134,138.1700,100
37062134531222,10:17:42.134,138.1700,10
37062480575049,10:17:42.480,138.1600,100
37063660785729,10:17:43.660,138.1000,100
37063662563568,10:17:43.662,138.0900,23
37063663052271,10:17:43.663,138.0700,100
37063663052271,10:17:43.663,138.0700,100
37063663052271,10:17:43.663,138.0700,50
37063663931912,10:17:43.663,138.0700,50
37063663931912,10:17:43.663,138.0700,50
37063663931912,10:17:43.663,138.0700,100
37063716014180,10:17:43.716,138.0800,100
37063716014180,10:17:43.716,138.0800,37
37064396357518,10:17:44.396,138.0800,100
37064614768338,10:17:44.614,138.0600,1
37066568306626,10:17:46.568,138.0700,100
37069358340423,10:17:49.358,138.0000,100
37069358340423,10:17:49.358,138.0000,100
37069363284033,10:17:49.363,138.0000,100
37072288458677,10:17:52.288,138.0500,10
37072288788847,10:17:52.288,138.0500,100
37072289126433,10:17:52.289,138.0600,100
37072289126433,10:17:52.289,138.0600,10
37077922474836,10:17:57.922,138.0500,10
37077922474836,10:17:57.922,138.0500,10
37077922474836,10:17:57.922,138.0500,10
37100216688882,10:18:20.216,138.0100,100
37100216778650,10:18:20.216,138.0100,100
37100217893238,10:18:20.217,138.0100,100
37100220036115,10:18:20.220,138.0000,100
37100323700031,10:18:20.323,137.9700,100
37100758846995,10:18:20.758,137.9700,100
37101325660883,10:18:21.325,138.0000,100
37108326914894,10:18:28.326,137.9600,100
37108326944253,10:18:28.326,137.9600,100
37108327101377,10:18:28.327,137.9500,100
37108327562330,10:18:28.327,137.9600,100
37111840360525,10:18:31.840,137.9200,100
37111840381187,10:18:31.840,137.9200,22
37122134605704,10:18:42.134,137.9000,100
37123135561283,10:18:43.135,137.9200,100
37123475711436,10:18:43.475,137.9000,100
37123475801024,10:18:43.475,137.9000,90
37123475845207,10:18:43.475,137.9000,10
37124034537442,10:18:44.034,137.9300,100
37124035100798,10:18:44.035,137.9500,100
37124035620601,10:18:44.035,137.9500,100
37124036427116,10:18:44.036,137.9600,10
37124068019749,10:18:44.068,137.9900,100
37124136528605,10:18:44.136,137.9500,100
37124136786104,10:18:44.136,137.9500,66
37128620457776,10:18:48.620,137.9450,100
37128650843616,10:18:48.650,137.9800,100
37130000166888,10:18:50.000,137.9000,100
37130000166888,10:18:50.000,137.9000,25
37130000166888,10:18:50.000,137.9000,100
37130002757497,10:18:50.002,137.8900,100
37130002930751,10:18:50.002,137.8800,100
37130002930751,10:18:50.002,137.8800,100
37130004262169,10:18:50.004,137.9000,25
37130004299479,10:18:50.004,137.9000,75
37130636565504,10:18:50.636,137.8700,100
37148393218660,10:19:08.393,137.8800,7
37152185821372,10:19:12.185,137.8300,82
37153131902021,10:19:13.131,137.9000,96
37153132000550,10:19:13.132,137.9000,4
37153132000550,10:19:13.132,137.9000,9
37153132000550,10:19:13.132,137.9000,100
37153133493590,10:19:13.133,137.9200,10
37155896537793,10:19:15.896,137.9400,100
37177972865183,10:19:37.972,137.9400,4
37178118735913,10:19:38.118,137.9000,100
37178118735913,10:19:38.118,137.9000,100
37178118735913,10:19:38.118,137.9000,100
37178118735913,10:19:38.118,137.9000,12
37178119080966,10:19:38.119,137.9000,88
37178119080966,10:19:38.119,137.9000,12
37179200968268,10:19:39.200,137.9000,88
37179200968268,10:19:39.200,137.9000,112
37179201018796,10:19:39.201,137.9000,84
37179201036402,10:19:39.201,137.9000,4
37185604107788,10:19:45.604,137.9100,100
37185604207801,10:19:45.604,137.9100,100
37194688271352,10:19:54.688,137.9200,200
37194688271352,10:19:54.688,137.9100,100
37194883448559,10:19:54.883,137.9500,100
37194884293170,10:19:54.884,137.9700,100
37194884327606,10:19:54.884,137.9800,100
37194885035399,10:19:54.885,137.9900,112
37194886071411,10:19:54.886,138.0000,100
37212423847379,10:20:12.423,137.9700,100
37212425018660,10:20:12.425,138.0000,100
37212425018660,10:20:12.425,138.0000,9
37212425176666,10:20:12.425,137.9850,100
37212428373803,10:20:12.428,137.9800,100
37212428458764,10:20:12.428,138.0100,46
37212782363738,10:20:12.782,137.9700,58
37212782467519,10:20:12.782,137.9700,42
37220048732402,10:20:20.048,138.0100,100
37223699812701,10:20:23.699,138.0700,100
37223699812701,10:20:23.699,138.0700,100
37229821265564,10:20:29.821,138.0500,100
37229821265564,10:20:29.821,138.0100,100
37229821265564,10:20:29.821,138.0100,200
37232688109266,10:20:32.688,138.0400,100
37232688109266,10:20:32.688,138.0100,1
37232688136828,10:20:32.688,138.0100,99
37232688136828,10:20:32.688,138.0100,1
37235725982235,10:20:35.725,138.0000,100
37246665929370,10:20:46.665,137.9600,100
37246670376890,10:20:46.670,137.9100,100
37246670376890,10:20:46.670,137.9100,100
37273298876287,10:21:13.298,137.8500,100
37273298876287,10:21:13.298,137.8500,100
37273302370687,10:21:13.302,137.8200,100
37280566176978,10:21:20.566,137.8400,100
37280566176978,10:21:20.566,137.8400,100
37280566178588,10:21:20.566,137.8400,100
37280566179137,10:21:20.566,137.8400,100
37280894164682,10:21:20.894,137.8750,100
37280902986491,10:21:20.902,137.8800,100
37281218727711,10:21:21.218,137.9000,10
37281218829226,10:21:21.218,137.9000,100
37281219736616,10:21:21.219,137.9200,100
37284546869188,10:21:24.546,137.9700,28
37293435736647,10:21:33.435,138.0100,100
37293636331873,10:21:33.636,137.9800,100
37299668432811,10:21:39.668,138.0200,100
37299668432811,10:21:39.668,138.0200,100
37330776881536,10:22:10.776,138.1800,9
37332040948010,10:22:12.040,138.2000,100
37332041043879,10:22:12.041,138.2000,100
37349769162359,10:22:29.769,138.2800,100
37351850112066,10:22:31.850,138.3800,100
37354739319624,10:22:34.739,138.3850,100
37361086583182,10:22:41.086,138.4100,100
37361086583182,10:22:41.086,138.3900,100
37361086583182,10:22:41.086,138.3900,300
37361086614147,10:22:41.086,138.3900,100
37361086676586,10:22:41.086,138.3800,49
37361086676586,10:22:41.086,138.3800,13
37361086681593,10:22:41.086,138.3900,100
37361086715142,10:22:41.086,138.3800,87
37361086715142,10:22:41.086,138.3800,100
37361089535162,10:22:41.089,138.3600,100
37361089535162,10:22:41.089,138.3600,200
37361089710549,10:22:41.089,138.3600,100
37361089955849,10:22:41.089,138.3500,50
37361090004068,10:22:41.090,138.3500,50
37361096728617,10:22:41.096,138.3300,100
37361098128624,10:22:41.098,138.3100,100
37362932377171,10:22:42.932,138.3900,100
37362932518637,10:22:42.932,138.3900,100
37362932529909,10:22:42.932,138.3900,100
37369973472778,10:22:49.973,138.4100,100
37373869566932,10:22:53.869,138.4100,100
37384034273937,10:23:04.034,138.4300,90
37384034651668,10:23:04.034,138.4300,10
37384034999565,10:23:04.034,138.4300,100
37384567082161,10:23:04.567,138.4000,1
37401386184936,10:23:21.386,138.4450,100
37401386184936,10:23:21.386,138.4100,100
37401386184936,10:23:21.386,138.4000,100
37401386184936,10:23:21.386,138.4000,100
37401386864564,10:23:21.386,138.4100,100
37401409727081,10:23:21.409,138.3900,100
37401409951594,10:23:21.409,138.3400,100
37401409951594,10:23:21.409,138.3200,100
37401409951594,10:23:21.409,138.3100,100
37401409951594,10:23:21.409,138.3100,100
37401409951594,10:23:21.409,138.3100,100
37401434593844,10:23:21.434,138.3700,100
37401434593844,10:23:21.434,138.3800,10
37401434593844,10:23:21.434,138.3800,12
37401434593844,10:23:21.434,138.3800,100
37401434593844,10:23:21.434,138.3800,78
37401439606309,10:23:21.439,138.3400,22
37401439606309,10:23:21.439,138.3300,78
37401439620964,10:23:21.439,138.3300,22
37401439620964,10:23:21.439,138.3300,100
37401439620964,10:23:21.439,138.3300,18
37401439958133,10:23:21.439,138.2900,100
37401439958133,10:23:21.439,138.2700,100
37401439958133,10:23:21.439,138.2700,14
37401444091929,10:23:21.444,138.3300,10
37401445709565,10:23:21.445,138.3400,100
37401455859836,10:23:21.455,138.2700,100
37401455859836,10:23:21.455,138.2600,100
37401455859836,10:23:21.455,138.2600,100
37401456442591,10:23:21.456,138.2600,100
37405023514351,10:23:25.023,138.2800,10
37405023514351,10:23:25.023,138.2700,40
37406730561806,10:23:26.730,138.3150,100
37409350377689,10:23:29.350,138.2700,100
37409350611408,10:23:29.350,138.2700,61
37409953384225,10:23:29.953,138.2700,39
37409953384225,10:23:29.953,138.2700,61
37412646495663,10:23:32.646,138.2800,100
37414147644265,10:23:34.147,138.2700,50
37414147645638,10:23:34.147,138.2700,50
37415148591714,10:23:35.148,138.2700,50
