timestamp,time,price,volume
34200574785811,09:30:00.574,0.0000,0
35673250710580,09:54:33.250,48.2950,100
35789286674725,09:56:29.286,48.3000,100
35793006918639,09:56:33.006,48.3000,100
35839650582876,09:57:19.650,48.3000,100
36002702406360,10:00:02.702,48.3000,25
36004311568734,10:00:04.311,48.3000,26
36004315784685,10:00:04.315,48.3000,18
36011068204831,10:00:11.068,48.3000,27
36013776276308,10:00:13.776,48.3000,4
36035955176871,10:00:35.955,48.3100,3
36036719136305,10:00:36.719,48.3100,4
36037184448900,10:00:37.184,48.3100,3
36067239349701,10:01:07.239,48.3100,31
36080663750034,10:01:20.663,48.3100,10
36179128577234,10:02:59.128,48.3050,100
37532169040868,10:25:32.169,48.3000,100
37546883733721,10:25:46.883,48.3050,34
37547311854667,10:25:47.311,48.3050,33
37557551247122,10:25:57.551,48.3050,33
37557648445040,10:25:57.648,48.3050,33
37557725199122,10:25:57.725,48.3050,34
37908874296321,10:31:48.874,48.3050,10
37908918106503,10:31:48.918,48.3050,27
37934330149894,10:32:14.330,48.3050,31
37934405746960,10:32:14.405,48.3050,31
37934487519770,10:32:14.487,48.3050,32
37953452412597,10:32:33.452,48.3050,33
37953825843978,10:32:33.825,48.3050,33
38004757640038,10:33:24.757,48.3050,3
38004757640038,10:33:24.757,48.3050,32
38004784016834,10:33:24.784,48.3050,18
38004784016834,10:33:24.784,48.3050,17
38233061211761,10:37:13.061,48.3050,32
38379635851499,10:39:39.635,48.3050,28
38753020265507,10:45:53.020,48.3050,34
38753035260131,10:45:53.035,48.3050,16
38753035260131,10:45:53.035,48.3050,18
38753136720117,10:45:53.136,48.3050,35
39663490614765,11:01:03.490,48.3000,500
39663490614765,11:01:03.490,48.3000,100
39665351497091,11:01:05.351,48.2900,100
39665354234137,11:01:05.354,48.2900,100
41187103106749,11:26:27.103,48.2850,200
41187103106749,11:26:27.103,48.2850,100
41187992494601,11:26:27.992,48.2800,100
41187992623223,11:26:27.992,48.2800,29
41187992961141,11:26:27.992,48.2800,71
41189297096539,11:26:29.297,48.2700,100
41189297582400,11:26:29.297,48.2700,100
41189305380868,11:26:29.305,48.2600,100
41189305380868,11:26:29.305,48.2600,100
41189305380868,11:26:29.305,48.2600,100
41189305380868,11:26:29.305,48.2600,100
41189305380868,11:26:29.305,48.2600,96
41189305414359,11:26:29.305,48.2600,204
41189305445425,11:26:29.305,48.2600,100
41189857821068,11:26:29.857,48.2600,32
41189976145584,11:26:29.976,48.2600,35
41189976303771,11:26:29.976,48.2600,32
41190045788434,11:26:30.045,48.2600,32
41190073315070,11:26:30.073,48.2600,34
41190090695037,11:26:30.090,48.2600,31
41257637984322,11:27:37.637,48.2700,100
41257637984322,11:27:37.637,48.2700,100
41257637984322,11:27:37.637,48.2700,100
41257637984322,11:27:37.637,48.2700,26
41257637984322,11:27:37.637,48.2700,200
41257638393492,11:27:37.638,48.2700,200
41257638446162,11:27:37.638,48.2700,68
41257638454741,11:27:37.638,48.2700,526
41257638701087,11:27:37.638,48.2700,300
41257639606854,11:27:37.639,48.2700,200
41257643611853,11:27:37.643,48.2700,300
41257643911935,11:27:37.643,48.2700,300
41257644232725,11:27:37.644,48.2700,200
41260369715837,11:27:40.369,48.2700,100
41260421667296,11:27:40.421,48.2700,100
41372127589013,11:29:32.127,48.2750,32
41373566807637,11:29:33.566,48.2700,100
41373574800946,11:29:33.574,48.2700,100
41394086185218,11:29:54.086,48.2700,70
43031438808184,11:57:11.438,48.2650,100
43734165577181,12:08:54.165,48.2650,45
43985123443580,12:13:05.123,48.2700,100
43985123443580,12:13:05.123,48.2700,100
43985123443580,12:13:05.123,48.2700,67
43985123667071,12:13:05.123,48.2700,100
44621891520991,12:23:41.891,48.2700,100
44621891674769,12:23:41.891,48.2700,100
45950713616918,12:45:50.713,48.2700,100
45950713616918,12:45:50.713,48.2700,157
46209103011970,12:50:09.103,48.2750,32
46399495875770,12:53:19.495,48.2700,100
46399495887574,12:53:19.495,48.2700,100
46399496017113,12:53:19.496,48.2700,100
48541568274053,13:29:01.568,48.2650,150
48541568274053,13:29:01.568,48.2650,100
48541568274053,13:29:01.568,48.2650,100
48541578607713,13:29:01.578,48.2650,50
49084084634562,13:38:04.084,48.2600,100
49123034332804,13:38:43.034,48.2600,100
49123034391270,13:38:43.034,48.2600,100
49264366567741,13:41:04.366,48.2500,100
49264645921395,13:41:04.645,48.2500,100
49417972675281,13:43:37.972,48.2400,100
49417972903281,13:43:37.972,48.2400,100
49417972903281,13:43:37.972,48.2400,200
49417976025772,13:43:37.976,48.2400,100
49546292179030,13:45:46.292,48.2400,100
49546292179030,13:45:46.292,48.2400,100
49546292179030,13:45:46.292,48.2400,100
49546292383585,13:45:46.292,48.2400,300
50105307902538,13:55:05.307,48.2350,100
50220027780192,13:57:00.027,48.2300,200
50220028467000,13:57:00.028,48.2300,100
50220028882674,13:57:00.028,48.2300,100
50364923604075,13:59:24.923,48.2250,100
50402778130540,14:00:02.778,48.2300,62
50412896700826,14:00:12.896,48.2300,377
50412896700826,14:00:12.896,48.2300,500
50412896700826,14:00:12.896,48.2300,500
50412896700826,14:00:12.896,48.2300,23
50412896819684,14:00:12.896,48.2300,77
50533188232173,14:02:13.188,48.2800,100
50713427894671,14:05:13.427,48.2500,100
50900149740742,14:08:20.149,48.2600,15
50900149780951,14:08:20.149,48.2600,85
50900150030860,14:08:20.150,48.2600,100
50960196414839,14:09:20.196,48.3000,200
51006874950154,14:10:06.874,48.2700,100
51016087500247,14:10:16.087,48.2700,100
51237199118849,14:13:57.199,48.2600,65
51237199210491,14:13:57.199,48.2600,35
51441760141010,14:17:21.760,48.2600,100
51499361567167,14:18:19.361,48.2600,100
51499367778674,14:18:19.367,48.2650,13
51589998569234,14:19:49.998,48.2650,100
51623220020931,14:20:23.220,48.2800,100
51723985617930,14:22:03.985,48.2900,100
51766631181630,14:22:46.631,48.2900,100
51769193684582,14:22:49.193,48.2900,100
51787138450545,14:23:07.138,48.2900,100
51813960085502,14:23:33.960,48.3000,100
51813960693966,14:23:33.960,48.3000,100
51813960695225,14:23:33.960,48.3000,100
51813964796705,14:23:33.964,48.3000,100
51847884694905,14:24:07.884,48.3000,100
51948321604312,14:25:48.321,48.2900,100
52004733942963,14:26:44.733,48.2700,100
52022589187122,14:27:02.589,48.2600,100
52022600587514,14:27:02.600,48.2600,100
52022601257080,14:27:02.601,48.2600,100
52390399272368,14:33:10.399,48.2600,100
52390399272368,14:33:10.399,48.2600,100
52394124062964,14:33:14.124,48.2700,100
52400613647852,14:33:20.613,48.2800,100
52400614160918,14:33:20.614,48.2800,100
52555872147787,14:35:55.872,48.2900,100
52591042363420,14:36:31.042,48.3000,100
52591042863752,14:36:31.042,48.3000,100
52591042983876,14:36:31.042,48.3000,400
52591043815197,14:36:31.043,48.3000,100
52591043815197,14:36:31.043,48.3000,100
52608386053372,14:36:48.386,48.3000,100
52608386053372,14:36:48.386,48.3000,100
52640033248494,14:37:20.033,48.3000,100
52650968972470,14:37:30.968,48.3000,100
52650968973866,14:37:30.968,48.3000,100
52650969067224,14:37:30.969,48.3000,500
52650969136995,14:37:30.969,48.3000,100
52650969137751,14:37:30.969,48.3000,100
52650970646401,14:37:30.970,48.3000,100
52839834691234,14:40:39.834,48.2900,100
52912825488445,14:41:52.825,48.2700,100
52917568823340,14:41:57.568,48.2700,100
52929136397772,14:42:09.136,48.2700,100
52942814288508,14:42:22.814,48.2600,100
52946316122635,14:42:26.316,48.2600,100
52946316122635,14:42:26.316,48.2600,100
52946316122635,14:42:26.316,48.2600,100
52946317547290,14:42:26.317,48.2600,100
52958341499823,14:42:38.341,48.2650,100
52982147646808,14:43:02.147,48.2650,100
52982147646808,14:43:02.147,48.2600,100
52986347426492,14:43:06.347,48.2650,100
53009517816048,14:43:29.517,48.2600,100
53009517816048,14:43:29.517,48.2600,100
53012684199933,14:43:32.684,48.2600,100
53113075399062,14:45:13.075,48.2600,100
53180954297627,14:46:20.954,48.2700,58
53180954297627,14:46:20.954,48.2700,161
53180954399369,14:46:20.954,48.2700,439
53181355661062,14:46:21.355,48.2800,100
53192884729515,14:46:32.884,48.2900,100
53208059245776,14:46:48.059,48.3000,100
53208059287524,14:46:48.059,48.3000,100
53208059335142,14:46:48.059,48.3000,100
53208061746762,14:46:48.061,48.3000,80
53208067517864,14:46:48.067,48.3000,20
53280085490379,14:48:00.085,48.3000,100
53289237568925,14:48:09.237,48.3000,200
53289237568925,14:48:09.237,48.3000,100
53289237568925,14:48:09.237,48.3000,100
53289238238372,14:48:09.238,48.3000,100
53289239156441,14:48:09.239,48.3000,100
53499097581161,14:51:39.097,48.2500,100
53666775159585,14:54:26.775,48.2550,100
53894228124134,14:58:14.228,48.2600,100
53895759627941,14:58:15.759,48.2700,100
53984535396827,14:59:44.535,48.2700,100
54138819435128,15:02:18.819,48.2700,100
54162447810242,15:02:42.447,48.2900,100
54175365535589,15:02:55.365,48.3000,100
54175365535589,15:02:55.365,48.3000,100
54185731861143,15:03:05.731,48.3000,44
54185735879826,15:03:05.735,48.3000,100
54233478244802,15:03:53.478,48.3000,100
54233480643124,15:03:53.480,48.3000,100
54264561015459,15:04:24.561,48.3000,200
54264561455192,15:04:24.561,48.3000,100
54264561455192,15:04:24.561,48.3000,99
54264562026443,15:04:24.562,48.3000,1
54264563256670,15:04:24.563,48.3000,100
54288840752060,15:04:48.840,48.3000,100
54337690057389,15:05:37.690,48.3000,100
54337690057389,15:05:37.690,48.3000,100
54337691129540,15:05:37.691,48.3000,500
54337693037701,15:05:37.693,48.3000,100
54349716853111,15:05:49.716,48.3000,100
54349716853111,15:05:49.716,48.3000,100
54349720049651,15:05:49.720,48.3000,100
54390096580203,15:06:30.096,48.3000,200
54393057183460,15:06:33.057,48.3000,100
54393057183460,15:06:33.057,48.3000,100
54427161725378,15:07:07.161,48.3000,100
54427161725378,15:07:07.161,48.3000,100
54427161917694,15:07:07.161,48.3000,100
54427163686207,15:07:07.163,48.3000,100
54427164117883,15:07:07.164,48.3000,100
54710711435446,15:11:50.711,48.2900,200
54710728737826,15:11:50.728,48.2800,100
54745964746269,15:12:25.964,48.2800,100
54745965962948,15:12:25.965,48.2800,100
54761270853030,15:12:41.270,48.2600,100
54761270853030,15:12:41.270,48.2600,600
54761271314210,15:12:41.271,48.2600,100
54792558638458,15:13:12.558,48.2600,100
54792558638458,15:13:12.558,48.2600,200
54792561168090,15:13:12.561,48.2600,72
55344245994191,15:22:24.245,48.2700,100
55344245994191,15:22:24.245,48.2700,100
55346709924589,15:22:26.709,48.2800,200
55346710346023,15:22:26.710,48.2800,100
55372824864016,15:22:52.824,48.2900,40
55450033025649,15:24:10.033,48.3000,100
55450033372409,15:24:10.033,48.3000,100
55450033512394,15:24:10.033,48.3000,85
55450033517949,15:24:10.033,48.3000,15
55464289070972,15:24:24.289,48.3000,200
55467333992113,15:24:27.333,48.3000,100
55467333992113,15:24:27.333,48.3000,100
55470362496165,15:24:30.362,48.3000,100
55483618097643,15:24:43.618,48.3000,100
55483618097643,15:24:43.618,48.3000,200
55483618097643,15:24:43.618,48.3000,100
55483618097643,15:24:43.618,48.3000,100
55483618196798,15:24:43.618,48.3000,100
55483619011026,15:24:43.619,48.3000,300
55483619642883,15:24:43.619,48.3000,100
55499470955606,15:24:59.470,48.3000,100
55499470955606,15:24:59.470,48.3000,100
55615403579528,15:26:55.403,48.2950,100
55617483320154,15:26:57.483,48.2950,100
55637170044461,15:27:17.170,48.2900,60
55649533735023,15:27:29.533,48.2900,100
55668896798171,15:27:48.896,48.2800,100
55672763349600,15:27:52.763,48.2700,100
55672763355563,15:27:52.763,48.2700,100
55702348527983,15:28:22.348,48.2650,100
55706297099300,15:28:26.297,48.2600,100
55706297595950,15:28:26.297,48.2600,100
55706297843819,15:28:26.297,48.2600,100
55716760344562,15:28:36.760,48.2600,100
55719233796509,15:28:39.233,48.2700,100
55776728748334,15:29:36.728,48.3000,100
55780327882833,15:29:40.327,48.3000,200
55780328547915,15:29:40.328,48.3000,100
55780328554904,15:29:40.328,48.3000,100
55780329084825,15:29:40.329,48.3000,100
55780329084825,15:29:40.329,48.3000,100
55849680996645,15:30:49.680,48.2900,1
55865695455282,15:31:05.695,48.2800,100
55884082436416,15:31:24.082,48.2600,100
55884082437038,15:31:24.082,48.2600,100
55908504374720,15:31:48.504,48.2600,200
55908504374720,15:31:48.504,48.2600,100
55908504374720,15:31:48.504,48.2600,200
55908504784916,15:31:48.504,48.2600,100
55908504784916,15:31:48.504,48.2600,100
55910882278570,15:31:50.882,48.2700,100
55917166519850,15:31:57.166,48.2800,100
55920541938706,15:32:00.541,48.2900,100
55947629250490,15:32:27.629,48.2900,27
56042015602352,15:34:02.015,48.2900,100
56042016177345,15:34:02.016,48.2900,200
56042016177345,15:34:02.016,48.2900,100
56042016177345,15:34:02.016,48.2900,100
56042016261734,15:34:02.016,48.2900,100
56042016977470,15:34:02.016,48.2900,100
56042017780302,15:34:02.017,48.2900,100
56050988001792,15:34:10.988,48.2900,100
56064667404384,15:34:24.667,48.2900,100
56071562339547,15:34:31.562,48.2900,100
56071562339547,15:34:31.562,48.2900,100
56071562422170,15:34:31.562,48.2900,100
56071562509568,15:34:31.562,48.2900,100
56121614566245,15:35:21.614,48.2900,100
56121614575955,15:35:21.614,48.2900,100
56149781158573,15:35:49.781,48.2800,1000
56179592174734,15:36:19.592,48.2600,100
56184720462785,15:36:24.720,48.2700,100
56216620256715,15:36:56.620,48.2800,100
56225207272461,15:37:05.207,48.2800,100
56225207455232,15:37:05.207,48.2800,100
56225207455780,15:37:05.207,48.2800,100
56225208420521,15:37:05.208,48.2800,100
56225209232657,15:37:05.209,48.2800,100
56228582453428,15:37:08.582,48.2750,100
56245420089009,15:37:25.420,48.2800,100
56245420091873,15:37:25.420,48.2800,100
56245422471471,15:37:25.422,48.2800,100
56245422640147,15:37:25.422,48.2800,100
56248447435004,15:37:28.447,48.2750,100
56284886377905,15:38:04.886,48.2800,100
56287124819910,15:38:07.124,48.2800,100
56321986855826,15:38:41.986,48.2800,100
56321986857213,15:38:41.986,48.2800,100
56627103843373,15:43:47.103,48.2650,29
56630433381114,15:43:50.433,48.2650,33
56630665436060,15:43:50.665,48.2650,33
56630756019286,15:43:50.756,48.2650,5
56630756019286,15:43:50.756,48.2650,29
56630883663617,15:43:50.883,48.2650,21
56630883663617,15:43:50.883,48.2650,5
56630889965614,15:43:50.889,48.2650,7
56630973903770,15:43:50.973,48.2650,33
56631069529592,15:43:51.069,48.2650,5
56631069529592,15:43:51.069,48.2650,29
56631166836683,15:43:51.166,48.2650,21
56631166836683,15:43:51.166,48.2650,12
56631259950573,15:43:51.259,48.2650,33
56631352322302,15:43:51.352,48.2650,5
56631352322302,15:43:51.352,48.2650,29
56701823549112,15:45:01.823,48.2600,100
56701824405393,15:45:01.824,48.2600,100
56702214545864,15:45:02.214,48.2600,100
56702280789332,15:45:02.280,48.2600,100
56736147416274,15:45:36.147,48.2600,100
56962604992381,15:49:22.604,48.2650,45
56962672450851,15:49:22.672,48.2650,45
56965005804256,15:49:25.005,48.2650,46
57256552494286,15:54:16.552,48.2600,100
57256552504059,15:54:16.552,48.2600,100
57256553011405,15:54:16.553,48.2600,100
57310213538865,15:55:10.213,48.2600,81
57559152369768,15:59:19.152,48.2600,6
57562152335585,15:59:22.152,48.2600,6
57565153764635,15:59:25.153,48.2600,6
57590001877724,15:59:50.001,48.2500,100
57600352813531,16:00:00.352,0.0000,0
