timestamp,time,price,volume
34200038605589,09:30:00.038,29.4100,100
34200763429588,09:30:00.763,0.0000,0
34201600160716,09:30:01.600,29.4500,400
34201600160716,09:30:01.600,29.4500,100
34422419742951,09:33:42.419,29.3100,100
34422419806800,09:33:42.419,29.3000,100
34422420179098,09:33:42.420,29.3000,16
34422420689204,09:33:42.420,29.2500,400
34422420689204,09:33:42.420,29.2500,100
34422421590563,09:33:42.421,29.3000,100
34422421694875,09:33:42.421,29.2800,18
34422421709862,09:33:42.421,29.2800,44
34422421792912,09:33:42.421,29.2600,100
34422421895485,09:33:42.421,29.2600,65
34422421901714,09:33:42.421,29.2600,35
34422428590133,09:33:42.428,29.3000,100
34422429670929,09:33:42.429,29.3000,18
34422429670929,09:33:42.429,29.3000,44
34422444438881,09:33:42.444,29.3000,100
34422445428741,09:33:42.445,29.3000,100
34422446366280,09:33:42.446,29.2800,50
34422505393938,09:33:42.505,29.3000,50
34423433489928,09:33:43.433,29.2400,100
34423433489928,09:33:43.433,29.2400,100
34449393769853,09:34:09.393,29.2700,200
34449396685691,09:34:09.396,29.2600,100
34449396685691,09:34:09.396,29.2600,100
34462400273571,09:34:22.400,29.2600,47
34462400273571,09:34:22.400,29.2600,153
34462400355389,09:34:22.400,29.2600,47
34462400355389,09:34:22.400,29.2600,6
34462400980267,09:34:22.400,29.2600,100
34462732273128,09:34:22.732,29.3000,100
34462732332780,09:34:22.732,29.3000,100
34462732332780,09:34:22.732,29.3100,100
34462732395301,09:34:22.732,29.3100,100
34462737323653,09:34:22.737,29.3800,100
34756476971192,09:39:16.476,29.2700,100
34890324107803,09:41:30.324,29.4500,200
34890324171340,09:41:30.324,29.4500,100
34890324369450,09:41:30.324,29.4600,100
34890324865903,09:41:30.324,29.4700,200
34890325200563,09:41:30.325,29.4600,14
34890325210106,09:41:30.325,29.4600,16
35078412968983,09:44:38.412,29.4700,100
35078412968983,09:44:38.412,29.4800,200
35078412974847,09:44:38.412,29.4800,64
35078413260222,09:44:38.413,29.4800,36
35078413279119,09:44:38.413,29.4800,100
35122399639190,09:45:22.399,29.4700,200
35122399696581,09:45:22.399,29.4700,100
35401895112803,09:50:01.895,29.4600,100
35431477945936,09:50:31.477,29.4000,200
35431477980057,09:50:31.477,29.4000,200
35431478064898,09:50:31.478,29.4000,126
35431478121298,09:50:31.478,29.4000,74
35431478425220,09:50:31.478,29.4000,200
35431478504654,09:50:31.478,29.4000,100
35431478900870,09:50:31.478,29.4000,74
35552944072915,09:52:32.944,29.2900,100
35552944108519,09:52:32.944,29.2900,100
35552944173002,09:52:32.944,29.2900,100
35552945532078,09:52:32.945,29.3000,46
35552945592202,09:52:32.945,29.3000,48
35552945641972,09:52:32.945,29.3000,6
35553029437811,09:52:33.029,29.3300,100
35553030299933,09:52:33.030,29.3500,100
35553031131903,09:52:33.031,29.3250,100
35643749308784,09:54:03.749,29.2500,100
35643749308784,09:54:03.749,29.2500,100
35643749311029,09:54:03.749,29.2500,100
35643749358707,09:54:03.749,29.2500,200
35643749859624,09:54:03.749,29.2500,100
35643750797370,09:54:03.750,29.2400,15
35643750799819,09:54:03.750,29.2400,15
35643753286712,09:54:03.753,29.2400,85
35643835305126,09:54:03.835,29.2500,100
35643836175593,09:54:03.836,29.2500,100
35643836990294,09:54:03.836,29.2500,100
35643920962690,09:54:03.920,29.2200,100
35659986429683,09:54:19.986,29.2500,100
35681929631672,09:54:41.929,29.2500,100
35681929767104,09:54:41.929,29.2500,100
35738919257562,09:55:38.919,29.2600,100
35941395104133,09:59:01.395,29.1900,100
35941395200006,09:59:01.395,29.1900,100
35941395724929,09:59:01.395,29.1800,58
35941396618794,09:59:01.396,29.1800,142
35941483316770,09:59:01.483,29.2200,100
35941484126617,09:59:01.484,29.2500,100
35941484956293,09:59:01.484,29.2500,100
35963211403313,09:59:23.211,29.1400,100
35963211403313,09:59:23.211,29.1300,100
36002519699119,10:00:02.519,29.1500,100
36168432790818,10:02:48.432,29.1100,243
36168432790818,10:02:48.432,29.1100,57
36168432826837,10:02:48.432,29.1100,143
36168518225938,10:02:48.518,29.1400,100
36168519127231,10:02:48.519,29.1400,100
36168519926036,10:02:48.519,29.1400,100
36168520738886,10:02:48.520,29.1000,42
36168520962532,10:02:48.520,29.1000,358
36372454229627,10:06:12.454,29.0700,17
36477338549159,10:07:57.338,29.0000,40
36580876110933,10:09:40.876,29.0300,56
36580876435795,10:09:40.876,29.0300,44
36580876435795,10:09:40.876,29.0300,100
36580878317872,10:09:40.878,29.0400,100
36633741809928,10:10:33.741,28.9800,100
36681255346611,10:11:21.255,29.0000,100
36681256524228,10:11:21.256,29.0100,100
36681575095288,10:11:21.575,29.0300,55
36681844085553,10:11:21.844,29.0300,45
36708730916224,10:11:48.730,29.0400,100
36709244222388,10:11:49.244,29.0500,100
36792724944723,10:13:12.724,29.0600,100
36804531411108,10:13:24.531,29.0700,100
36825206383655,10:13:45.206,29.0700,1
36841501551021,10:14:01.501,29.0100,100
37410578168545,10:23:30.578,29.0000,30
37410578446995,10:23:30.578,29.0000,70
37520351492745,10:25:20.351,29.0000,106
37546573432392,10:25:46.573,29.0000,100
37563911101003,10:26:03.911,29.0100,100
37580864237182,10:26:20.864,29.0200,100
37580866465083,10:26:20.866,29.0200,100
37714397345614,10:28:34.397,29.0400,66
37892162323479,10:31:32.162,29.0500,100
37892162399788,10:31:32.162,29.0200,63
37892244081413,10:31:32.244,29.0700,59
37892245165464,10:31:32.245,29.0700,41
37892265156127,10:31:32.265,29.1000,200
37892273903931,10:31:32.273,29.1000,100
37892277020915,10:31:32.277,29.1300,100
37932284981944,10:32:12.284,29.1500,100
37932285101656,10:32:12.285,29.1500,100
37941504022774,10:32:21.504,29.1900,100
37974393602533,10:32:54.393,29.1800,100
37974393691765,10:32:54.393,29.1800,100
37974413460612,10:32:54.413,29.2100,100
38050863830972,10:34:10.863,29.2000,86
38231723055238,10:37:11.723,29.2000,14
38231723055238,10:37:11.723,29.2000,100
38235104695087,10:37:15.104,29.1600,2
38235104695087,10:37:15.104,29.1600,14
38257992660118,10:37:37.992,29.1550,100
38349995143860,10:39:09.995,29.1900,100
38349996429786,10:39:09.996,29.2000,100
38384197498109,10:39:44.197,29.2100,100
38414251888355,10:40:14.251,29.3100,100
38414253625860,10:40:14.253,29.3500,164
38414289875185,10:40:14.289,29.3500,36
38414289875185,10:40:14.289,29.3500,64
38521445593719,10:42:01.445,29.3200,100
38649876816479,10:44:09.876,29.3300,1
38720698910703,10:45:20.698,29.3400,4
38768042393816,10:46:08.042,29.3400,96
38768042393816,10:46:08.042,29.3400,1
38768042422118,10:46:08.042,29.3400,97
38910447418151,10:48:30.447,29.3100,2
38950969453598,10:49:10.969,29.2700,100
38950969482564,10:49:10.969,29.2700,3
38950969487134,10:49:10.969,29.2700,3
38974611416290,10:49:34.611,29.3200,100
38974612205860,10:49:34.612,29.3300,100
38974613035750,10:49:34.613,29.3300,100
38974613498798,10:49:34.613,29.3300,100
39022992961775,10:50:22.992,29.4200,1
39034300782694,10:50:34.300,29.3300,54
39034300802057,10:50:34.300,29.3300,4
39035581867900,10:50:35.581,29.3400,100
39035582678525,10:50:35.582,29.3400,100
39035674922749,10:50:35.674,29.3400,100
39035675715157,10:50:35.675,29.3500,100
39035676558683,10:50:35.676,29.3500,100
39051870468713,10:50:51.870,29.3400,100
39051871298816,10:50:51.871,29.3400,100
39051872098313,10:50:51.872,29.3500,100
39051872387152,10:50:51.872,29.3500,100
39051872387152,10:50:51.872,29.3500,100
39051872506800,10:50:51.872,29.3500,200
39051873555915,10:50:51.873,29.3500,100
39061830636135,10:51:01.830,29.3400,100
39061831439431,10:51:01.831,29.3400,100
39075311741916,10:51:15.311,29.3300,100
39075312545192,10:51:15.312,29.3300,100
39075331273430,10:51:15.331,29.3300,100
39076309488902,10:51:16.309,29.3400,100
39079961956085,10:51:19.961,29.3500,100
39079962022799,10:51:19.962,29.3500,100
39079962799192,10:51:19.962,29.3500,100
39079963579524,10:51:19.963,29.3500,100
39082070272263,10:51:22.070,29.3500,100
39102704509577,10:51:42.704,29.3500,100
39156519418045,10:52:36.519,29.3300,100
39156519913563,10:52:36.519,29.3500,7
39156519963552,10:52:36.519,29.3500,67
39160133238822,10:52:40.133,29.3500,26
39160134125575,10:52:40.134,29.3700,74
39160134181442,10:52:40.134,29.3700,26
39160134613482,10:52:40.134,29.3500,74
39207829607777,10:53:27.829,29.3500,100
39219255697791,10:53:39.255,29.3400,100
39223604253582,10:53:43.604,29.2800,31
39223604686175,10:53:43.604,29.2800,65
39223604717038,10:53:43.604,29.2800,4
39297466964176,10:54:57.466,29.3100,100
39297467820417,10:54:57.467,29.3100,100
39297468603861,10:54:57.468,29.3100,100
39473609085943,10:57:53.609,29.2600,3
39473609085943,10:57:53.609,29.2500,2
39473609085943,10:57:53.609,29.2500,95
39504641564419,10:58:24.641,29.3000,100
39504754456637,10:58:24.754,29.3100,100
39504756873824,10:58:24.756,29.3300,100
39582496544052,10:59:42.496,29.3100,100
39601295742230,11:00:01.295,29.3200,100
39687680570402,11:01:27.680,29.3050,54
39687680570402,11:01:27.680,29.3500,46
39687680657143,11:01:27.680,29.3500,54
39722304836583,11:02:02.304,29.3900,100
39928019318107,11:05:28.019,29.4000,84
39928079790266,11:05:28.079,29.4000,3
39935330305856,11:05:35.330,29.3950,100
39939633446124,11:05:39.633,29.3900,26
39939633446124,11:05:39.633,29.3900,100
39939633446124,11:05:39.633,29.3900,4
39939633655086,11:05:39.633,29.3800,100
39939635939271,11:05:39.635,29.3800,16
39939635939271,11:05:39.635,29.3800,100
39939635939271,11:05:39.635,29.3800,100
40028233963393,11:07:08.233,29.3600,100
40042789070071,11:07:22.789,29.3600,100
40048114396324,11:07:28.114,29.3200,10
40232933300713,11:10:32.933,29.2400,14
40253165242037,11:10:53.165,29.2200,100
40253166067488,11:10:53.166,29.2200,100
40278617115044,11:11:18.617,29.2200,100
40278620134958,11:11:18.620,29.2200,100
40307158354991,11:11:47.158,29.2300,100
40307159202170,11:11:47.159,29.2300,100
40307160829160,11:11:47.160,29.2400,100
40362559556385,11:12:42.559,29.2400,100
40366056379898,11:12:46.056,29.2500,100
40366056816454,11:12:46.056,29.2700,20
40366057014136,11:12:46.057,29.2700,80
40366143312144,11:12:46.143,29.2800,100
40366144163765,11:12:46.144,29.2800,100
40366362237489,11:12:46.362,29.2900,100
40495861081955,11:14:55.861,29.3000,5
40495861740591,11:14:55.861,29.2700,20
40495861759553,11:14:55.861,29.2700,80
40495863167777,11:14:55.863,29.2600,1
40575662279666,11:16:15.662,29.2900,100
40575663103937,11:16:15.663,29.2900,100
40576276706611,11:16:16.276,29.2900,100
40819251340734,11:20:19.251,29.3300,48
40819251604469,11:20:19.251,29.3300,52
40896797928022,11:21:36.797,29.3600,6
40941170625132,11:22:21.170,29.3100,100
40941171479281,11:22:21.171,29.3300,100
40941172285090,11:22:21.172,29.3300,100
40941758982663,11:22:21.758,29.3400,100
40941759773949,11:22:21.759,29.3400,100
40941760519403,11:22:21.760,29.3400,100
40943279246888,11:22:23.279,29.3500,100
40943280020367,11:22:23.280,29.3500,100
41170399616481,11:26:10.399,29.3500,70
41257387842816,11:27:37.387,29.3200,1
41257387868062,11:27:37.387,29.3300,100
41325503919814,11:28:45.503,29.3000,100
41329767086436,11:28:49.767,29.3100,100
41329767086436,11:28:49.767,29.3100,100
41329767086436,11:28:49.767,29.3100,100
41329767703784,11:28:49.767,29.3200,100
41700001362157,11:35:00.001,29.3200,100
41700001744459,11:35:00.001,29.3300,100
41930992381741,11:38:50.992,29.3400,1
42180419114399,11:43:00.419,29.3500,100
42180420768491,11:43:00.420,29.3700,70
42180420779839,11:43:00.420,29.3700,30
42402961515083,11:46:42.961,29.4000,100
42402961515083,11:46:42.961,29.4000,52
42407850606860,11:46:47.850,29.4000,36
42407850606860,11:46:47.850,29.4000,6
42416485935111,11:46:56.485,29.3650,100
42790846401266,11:53:10.846,29.3700,100
42835422477875,11:53:55.422,29.3700,100
43143998191691,11:59:03.998,29.4000,1
43228274186720,12:00:28.274,29.3700,100
43359579644356,12:02:39.579,29.3750,100
43365044114953,12:02:45.044,29.4000,93
43365044114953,12:02:45.044,29.4000,100
43365044114953,12:02:45.044,29.4000,100
43365044114953,12:02:45.044,29.4000,100
43365044352457,12:02:45.044,29.4000,100
43365044352457,12:02:45.044,29.4000,300
43446972744964,12:04:06.972,29.3700,4
43446972744964,12:04:06.972,29.3700,2
43446972744964,12:04:06.972,29.3700,15
43446972744964,12:04:06.972,29.3700,5
43446972744964,12:04:06.972,29.3700,15
43446972952112,12:04:06.972,29.3600,4
43446973039933,12:04:06.973,29.3600,65
43446973420990,12:04:06.973,29.3700,5
43453111586284,12:04:13.111,29.3600,100
43460078708656,12:04:20.078,29.3500,100
43460078713708,12:04:20.078,29.3600,89
43460078750088,12:04:20.078,29.3500,33
43534624563329,12:05:34.624,29.3300,1
43534624894753,12:05:34.624,29.3300,99
43534625516332,12:05:34.625,29.3200,10
43534626445228,12:05:34.626,29.3200,20
43537505484610,12:05:37.505,29.3200,80
43537506076460,12:05:37.506,29.3100,20
43549456531906,12:05:49.456,29.3100,100
43971656071766,12:12:51.656,29.3000,1
43971656533319,12:12:51.656,29.2900,3
43971656533319,12:12:51.656,29.2900,3
43971656533319,12:12:51.656,29.2900,94
43971656607195,12:12:51.656,29.2900,6
43971656607195,12:12:51.656,29.2900,10
43971657244641,12:12:51.657,29.2800,20
43971657244641,12:12:51.657,29.2800,4
43971657244641,12:12:51.657,29.2800,76
43971659276106,12:12:51.659,29.2900,2
44128213233254,12:15:28.213,29.2750,100
44144444128061,12:15:44.444,29.2700,1
44144444128061,12:15:44.444,29.2700,21
44144447333592,12:15:44.447,29.2700,3
44144447333592,12:15:44.447,29.2700,97
44144447347813,12:15:44.447,29.2700,3
44171839498758,12:16:11.839,29.2800,100
44171839578775,12:16:11.839,29.2900,100
44201243567967,12:16:41.243,29.2800,1
44201243590385,12:16:41.243,29.2600,2
44201243594695,12:16:41.243,29.2600,98
44201243594695,12:16:41.243,29.2500,2
44201243594695,12:16:41.243,29.2400,10
44201243594695,12:16:41.243,29.2400,10
44201243783415,12:16:41.243,29.2400,20
44282631373302,12:18:02.631,29.2900,100
44282635770979,12:18:02.635,29.3000,100
44282887911445,12:18:02.887,29.3000,100
44653759763691,12:24:13.759,29.3000,80
45142859327434,12:32:22.859,29.2600,100
45142859364330,12:32:22.859,29.2600,3
45142859364330,12:32:22.859,29.2600,100
45142859364330,12:32:22.859,29.2600,100
45142859788983,12:32:22.859,29.2500,3
45142863381881,12:32:22.863,29.2600,2
45376290983332,12:36:16.290,29.2500,1
45376290983332,12:36:16.290,29.2500,100
45376290983332,12:36:16.290,29.2500,99
45376291322748,12:36:16.291,29.2500,1
45376291934344,12:36:16.291,29.2300,2
45858006127462,12:44:18.006,29.2700,2
45858499827619,12:44:18.499,29.2400,100
45858499827619,12:44:18.499,29.2300,39
45858499827619,12:44:18.499,29.2300,100
45858501214606,12:44:18.501,29.2200,20
45858501214606,12:44:18.501,29.2200,2
45858501214606,12:44:18.501,29.2200,100
45858501214606,12:44:18.501,29.2200,100
45858501214606,12:44:18.501,29.2200,100
45858501834612,12:44:18.501,29.2100,10
45858501834612,12:44:18.501,29.2100,1
45858502908961,12:44:18.502,29.2000,100
45858502908961,12:44:18.502,29.2000,100
45858502908961,12:44:18.502,29.2000,20
45858502908961,12:44:18.502,29.2000,100
45858502908961,12:44:18.502,29.2000,85
45858502966393,12:44:18.502,29.2000,15
45858503859906,12:44:18.503,29.2200,1
45858616394030,12:44:18.616,29.1800,20
45858616394030,12:44:18.616,29.1700,2
45858616394030,12:44:18.616,29.1700,18
46082685987913,12:48:02.685,29.2100,2
46082685987913,12:48:02.685,29.2100,100
46082685987913,12:48:02.685,29.2100,57
46082686448549,12:48:02.686,29.2100,19
46082686480354,12:48:02.686,29.2100,24
46082686838534,12:48:02.686,29.2200,100
46146175881499,12:49:06.175,29.2200,1
46733918163435,12:58:53.918,29.2300,1
46934796333276,13:02:14.796,29.2300,2
47046591181414,13:04:06.591,29.2300,3
47145494079598,13:05:45.494,29.2300,94
47145494079598,13:05:45.494,29.2300,98
47145494079598,13:05:45.494,29.2300,100
47187985661885,13:06:27.985,29.2200,100
47292840615651,13:08:12.840,29.2100,3
47292840670086,13:08:12.840,29.2050,100
47292840709791,13:08:12.840,29.2050,100
47292841284070,13:08:12.841,29.1900,100
47293843437259,13:08:13.843,29.1900,100
47638363700926,13:13:58.363,29.2100,72
47638364577252,13:13:58.364,29.2100,28
47638364577252,13:13:58.364,29.2100,100
47639264219781,13:13:59.264,29.2100,23
47639269102718,13:13:59.269,29.2100,79
47654457788446,13:14:14.457,29.2100,21
47739401220846,13:15:39.401,29.2200,2
47850075101189,13:17:30.075,29.2200,3
47938292231757,13:18:58.292,29.2200,3
47938294485654,13:18:58.294,29.2100,3
47938295148418,13:18:58.295,29.2000,3
47938295148418,13:18:58.295,29.2000,50
47938295775824,13:18:58.295,29.2000,100
48369009563185,13:26:09.009,29.2000,23
48369009566797,13:26:09.009,29.2000,71
48369009566797,13:26:09.009,29.2000,100
48369010161915,13:26:09.010,29.2100,100
48611496623720,13:30:11.496,29.2000,100
48611496857216,13:30:11.496,29.2000,100
48843110607707,13:34:03.110,29.2100,100
48844067325023,13:34:04.067,29.2000,100
48844067325023,13:34:04.067,29.2000,100
48844127380507,13:34:04.127,29.2000,1
48984136016324,13:36:24.136,29.2000,2
48994183069923,13:36:34.183,29.2000,97
48994183069923,13:36:34.183,29.2000,100
48994183069923,13:36:34.183,29.2000,3
48994183130433,13:36:34.183,29.2000,97
48994183130433,13:36:34.183,29.2000,3
48994183145921,13:36:34.183,29.2000,95
48994183145921,13:36:34.183,29.2000,2
48994183600186,13:36:34.183,29.2000,98
48998999846212,13:36:38.999,29.2100,100
49086676032550,13:38:06.676,29.2200,3
49086734298205,13:38:06.734,29.2200,3
49128091291482,13:38:48.091,29.2100,10
49499723279633,13:44:59.723,29.2200,2
49501888348424,13:45:01.888,29.2100,3
49501888348424,13:45:01.888,29.2100,6
49501888348424,13:45:01.888,29.2100,50
49501888348424,13:45:01.888,29.2100,41
49501889008150,13:45:01.889,29.2100,59
49501892175441,13:45:01.892,29.2100,2
49513906224037,13:45:13.906,29.1900,1
49513907827688,13:45:13.907,29.1800,1
49576635907749,13:46:16.635,29.2000,100
49576635989966,13:46:16.635,29.2000,45
50242570129645,13:57:22.570,29.1800,100
50242570129645,13:57:22.570,29.1700,1
50242570129645,13:57:22.570,29.1700,100
50242570817469,13:57:22.570,29.1600,1
50249695945342,13:57:29.695,29.1300,2
50249695950420,13:57:29.695,29.1300,91
50249696149403,13:57:29.696,29.1300,7
50249696149403,13:57:29.696,29.1300,100
50249696151124,13:57:29.696,29.1200,5
50249696151124,13:57:29.696,29.1200,15
50249696151124,13:57:29.696,29.1200,52
50249696691829,13:57:29.696,29.1200,28
50252789502467,13:57:32.789,29.1200,100
50252820491531,13:57:32.820,29.1000,20
50252820491531,13:57:32.820,29.1000,80
50252823363744,13:57:32.823,29.1200,100
50261663924441,13:57:41.663,29.1200,163
50261665159736,13:57:41.665,29.1300,100
50261666045619,13:57:41.666,29.1400,100
50261668400710,13:57:41.668,29.1500,100
50264366114203,13:57:44.366,29.1700,1
50264366183227,13:57:44.366,29.1700,99
50266499059792,13:57:46.499,29.1300,100
50266499059792,13:57:46.499,29.1200,100
50348413503984,13:59:08.413,29.0900,100
50348415957861,13:59:08.415,29.0800,1
50348415957861,13:59:08.415,29.0800,4
50402688887885,14:00:02.688,29.0900,1
50402688887885,14:00:02.688,29.0900,99
50402689145312,14:00:02.689,29.0900,1
50402689145312,14:00:02.689,29.0900,100
50402689145312,14:00:02.689,29.0900,100
50402689145312,14:00:02.689,29.0900,100
50402690072719,14:00:02.690,29.0900,100
50402697711192,14:00:02.697,29.0800,1
50402697711192,14:00:02.697,29.0800,1
50402700547044,14:00:02.700,29.0800,40
50402701784023,14:00:02.701,29.0800,22
50402708897406,14:00:02.708,29.0800,1
50405745458254,14:00:05.745,29.1000,100
50409495270100,14:00:09.495,29.1000,33
50409495300492,14:00:09.495,29.1000,67
50414753902271,14:00:14.753,29.1100,100
50418050315535,14:00:18.050,29.1300,100
50418050870690,14:00:18.050,29.1300,100
50618041077987,14:03:38.041,29.2900,116
50618041077987,14:03:38.041,29.3000,84
50618041109756,14:03:38.041,29.3000,16
50618041109756,14:03:38.041,29.3000,58
50651191777390,14:04:11.191,29.3000,42
50651191777390,14:04:11.191,29.3000,58
50651252508392,14:04:11.252,29.3000,1
50651377797726,14:04:11.377,29.3000,41
50651377797726,14:04:11.377,29.3000,100
50651377797726,14:04:11.377,29.3000,59
50651377977593,14:04:11.377,29.3000,52
50651378846637,14:04:11.378,29.3000,48
50651378846637,14:04:11.378,29.3000,41
50652711960731,14:04:12.711,29.2800,12
50704167778572,14:05:04.167,29.3100,21
50704167848163,14:05:04.167,29.3100,79
50740339987042,14:05:40.339,29.3500,100
50747670243283,14:05:47.670,29.3500,100
50747670560381,14:05:47.670,29.3500,200
50755474342516,14:05:55.474,29.3500,100
50755855987553,14:05:55.855,29.3500,70
50774487736992,14:06:14.487,29.3300,17
50774487736992,14:06:14.487,29.3300,100
50774487835098,14:06:14.487,29.3300,100
50856650773772,14:07:36.650,29.2900,10
50856650773772,14:07:36.650,29.2900,2
50886538267784,14:08:06.538,29.2700,2
50886538267784,14:08:06.538,29.2700,1
50886538277224,14:08:06.538,29.2700,17
50886538283120,14:08:06.538,29.2700,40
50886538295864,14:08:06.538,29.2700,41
50886538338151,14:08:06.538,29.2700,1
50886538531606,14:08:06.538,29.2600,1
50886542514974,14:08:06.542,29.2700,100
50886542834340,14:08:06.542,29.2700,1
51091861493581,14:11:31.861,29.3000,1
51091861507515,14:11:31.861,29.3000,2
51091861513129,14:11:31.861,29.3000,2
51091861518342,14:11:31.861,29.3000,96
51091861518342,14:11:31.861,29.3000,4
51212027974368,14:13:32.027,29.3500,30
51212027974368,14:13:32.027,29.3500,200
51212028075495,14:13:32.028,29.3500,100
51212028128604,14:13:32.028,29.3500,40
51212028493405,14:13:32.028,29.3500,60
51300353181013,14:15:00.353,29.3500,100
51300817111773,14:15:00.817,29.3200,100
51385498459229,14:16:25.498,29.3200,100
51400412752499,14:16:40.412,29.3300,2
51400421845884,14:16:40.421,29.3300,98
51504434602188,14:18:24.434,29.3800,100
51504434602188,14:18:24.434,29.4000,100
51548964352411,14:19:08.964,29.4000,93
51660263482985,14:21:00.263,29.4000,7
51660263482985,14:21:00.263,29.4000,33
51660280714231,14:21:00.280,29.4000,100
51660280786167,14:21:00.280,29.4000,67
51660280786167,14:21:00.280,29.4000,33
51732928850660,14:22:12.928,29.4000,40
51732928935240,14:22:12.928,29.4000,127
51732928935240,14:22:12.928,29.4000,73
51732929155344,14:22:12.929,29.4000,100
51732929713990,14:22:12.929,29.4000,100
51747303756437,14:22:27.303,29.4000,28
51748776099664,14:22:28.776,29.4000,172
51803838773169,14:23:23.838,29.4000,100
51803867063402,14:23:23.867,29.4000,100
51803867063402,14:23:23.867,29.4000,100
51803867561324,14:23:23.867,29.4000,1
51823784510019,14:23:43.784,29.3900,3
51823784510019,14:23:43.784,29.3900,78
51823784511582,14:23:43.784,29.3900,22
51823784592049,14:23:43.784,29.3950,100
51823784840300,14:23:43.784,29.3800,4
51823784840300,14:23:43.784,29.3800,96
51823784986708,14:23:43.784,29.3800,4
51823787984725,14:23:43.787,29.4000,100
51823788172462,14:23:43.788,29.4000,99
51823788172462,14:23:43.788,29.4000,1
51971528398124,14:26:11.528,29.3700,1
52042439675412,14:27:22.439,29.3600,100
52172279046681,14:29:32.279,29.3900,100
52180147518177,14:29:40.147,29.3900,100
52180147518177,14:29:40.147,29.3800,5
52180147518177,14:29:40.147,29.3800,100
52180163585511,14:29:40.163,29.3700,100
52180163585511,14:29:40.163,29.3700,100
52180179857081,14:29:40.179,29.3600,30
52180179857081,14:29:40.179,29.3600,100
52180179857081,14:29:40.179,29.3600,100
52313573984765,14:31:53.573,29.3100,100
52313574640052,14:31:53.574,29.3000,100
52394451439615,14:33:14.451,29.3000,100
52995750721469,14:43:15.750,29.3600,100
52995750721469,14:43:15.750,29.3600,8
52995750721469,14:43:15.750,29.3600,92
52995751366069,14:43:15.751,29.3600,100
53106604393479,14:45:06.604,29.4000,250
53106604773554,14:45:06.604,29.4000,50
53106604773554,14:45:06.604,29.4000,50
53106604934586,14:45:06.604,29.4000,50
53106604934586,14:45:06.604,29.4000,100
53106605373723,14:45:06.605,29.4100,26
53106606385229,14:45:06.606,29.4100,174
53226791635942,14:47:06.791,29.4500,100
53226791710891,14:47:06.791,29.4600,100
53226792306902,14:47:06.792,29.4600,3
53226793544451,14:47:06.793,29.4600,11
53226793544451,14:47:06.793,29.4600,89
53226795087815,14:47:06.795,29.4600,31
53226797488056,14:47:06.797,29.4700,200
53226797749817,14:47:06.797,29.4700,100
53226797749817,14:47:06.797,29.4700,100
53226798241148,14:47:06.798,29.4700,100
53226799873053,14:47:06.799,29.4800,100
53226799919259,14:47:06.799,29.4800,100
53226801469042,14:47:06.801,29.4800,100
53460455225006,14:51:00.455,29.5500,6
53505681789717,14:51:45.681,29.5000,2
53532977944756,14:52:12.977,29.5000,100
53532978016215,14:52:12.978,29.5000,100
53532978016215,14:52:12.978,29.5000,100
53629244380470,14:53:49.244,29.5500,1
53671960467501,14:54:31.960,29.5500,139
53671960507485,14:54:31.960,29.5500,23
53671960513126,14:54:31.960,29.5500,24
53671960539244,14:54:31.960,29.5500,74
53671960542817,14:54:31.960,29.5500,23
53671960547544,14:54:31.960,29.5500,17
53671971008891,14:54:31.971,29.5600,24
53671971254847,14:54:31.971,29.5600,176
53671971254847,14:54:31.971,29.5600,24
53673152232438,14:54:33.152,29.5600,100
53701970687480,14:55:01.970,29.5600,100
53715168286166,14:55:15.168,29.5600,100
53715168435386,14:55:15.168,29.5600,100
53715168446282,14:55:15.168,29.5600,100
53716805042419,14:55:16.805,29.5700,13
53716805053258,14:55:16.805,29.5700,47
53716805054798,14:55:16.805,29.5700,24
53716805067497,14:55:16.805,29.5700,16
53716805067497,14:55:16.805,29.5700,47
53716805069286,14:55:16.805,29.5700,16
53716805074598,14:55:16.805,29.5700,31
53716805085125,14:55:16.805,29.5700,6
53716805452028,14:55:16.805,29.5700,15
53716805824443,14:55:16.805,29.5700,15
53716806218936,14:55:16.806,29.5700,15
53716806588196,14:55:16.806,29.5700,13
53716806784380,14:55:16.806,29.5700,2
53716807353570,14:55:16.807,29.5700,1
54248967664261,15:04:08.967,29.5700,4
54248967664261,15:04:08.967,29.5700,100
54248967664261,15:04:08.967,29.5700,10
54248967664261,15:04:08.967,29.5700,86
54248967708629,15:04:08.967,29.5700,14
54248967708629,15:04:08.967,29.5700,39
54248967708629,15:04:08.967,29.5700,100
54248967726030,15:04:08.967,29.5700,84
54248967743701,15:04:08.967,29.5700,16
54248967937896,15:04:08.967,29.5600,4
54248967937896,15:04:08.967,29.5600,70
54248967951429,15:04:08.967,29.5600,30
54251961783208,15:04:11.961,29.4900,20
54251961783208,15:04:11.961,29.4900,100
54251961819050,15:04:11.961,29.4800,20
54251962237014,15:04:11.962,29.4800,20
54251962729907,15:04:11.962,29.4800,80
54251962729907,15:04:11.962,29.4700,20
54251977105859,15:04:11.977,29.5200,100
54251977105859,15:04:11.977,29.5200,200
54251977105859,15:04:11.977,29.5300,20
54252970434331,15:04:12.970,29.4800,20
54253961459600,15:04:13.961,29.4600,1
54253961459600,15:04:13.961,29.4600,99
54290961500155,15:04:50.961,29.4600,1
54292961698200,15:04:52.961,29.4500,18
54292961698200,15:04:52.961,29.4500,2
54292961698200,15:04:52.961,29.4500,80
54307541719217,15:05:07.541,29.4500,20
54307541719217,15:05:07.541,29.4500,1
54368962948400,15:06:08.962,29.4500,100
54402961593826,15:06:42.961,29.4400,20
54402961593826,15:06:42.961,29.4400,6
54643473977901,15:10:43.473,29.4400,1
54643473977901,15:10:43.473,29.4400,147
54643474098102,15:10:43.474,29.4400,11
54643474098970,15:10:43.474,29.4400,25
54643474113840,15:10:43.474,29.4400,4
54643474113840,15:10:43.474,29.4400,7
54643474150591,15:10:43.474,29.4400,74
54643474151151,15:10:43.474,29.4400,4
54643474151821,15:10:43.474,29.4400,15
54643474175785,15:10:43.474,29.4300,8
54643474175785,15:10:43.474,29.4300,2
54643474175785,15:10:43.474,29.4300,1
54643474276366,15:10:43.474,29.4400,109
54643474376166,15:10:43.474,29.4200,5
54643474376166,15:10:43.474,29.4200,10
54643481917681,15:10:43.481,29.4400,91
54643482901286,15:10:43.482,29.4500,100
54643482901286,15:10:43.482,29.4500,100
54643482901286,15:10:43.482,29.4600,100
54643482901286,15:10:43.482,29.4600,44
54643531384154,15:10:43.531,29.4600,56
54643531384154,15:10:43.531,29.4600,44
54643531457547,15:10:43.531,29.4600,56
54643531984357,15:10:43.531,29.4700,100
54643533688614,15:10:43.533,29.4800,100
54643533749942,15:10:43.533,29.4800,100
54643533799051,15:10:43.533,29.4900,100
54643533860920,15:10:43.533,29.4900,100
54643533921499,15:10:43.533,29.4900,100
54665080511188,15:11:05.080,29.5000,100
54665080533512,15:11:05.080,29.5100,200
54665080674642,15:11:05.080,29.5100,100
54665081053510,15:11:05.081,29.5100,100
54665087536279,15:11:05.087,29.5200,100
54665087647638,15:11:05.087,29.5200,100
54665087820316,15:11:05.087,29.5200,100
54665089098193,15:11:05.089,29.5200,100
54675065378414,15:11:15.065,29.5300,100
54730473299456,15:12:10.473,29.5700,100
54735885218421,15:12:15.885,29.5700,100
54735885218421,15:12:15.885,29.5700,42
54740062155254,15:12:20.062,29.5700,58
54767341695660,15:12:47.341,29.5800,100
54767342147438,15:12:47.342,29.5800,100
54767345961257,15:12:47.345,29.5800,100
54768706959618,15:12:48.706,29.5900,100
54831668243747,15:13:51.668,29.5500,4
54831714624616,15:13:51.714,29.5500,2
54978486080050,15:16:18.486,29.5900,100
54978486080050,15:16:18.486,29.5900,80
54978486169640,15:16:18.486,29.5900,120
54980026128424,15:16:20.026,29.6000,97
54980094177892,15:16:20.094,29.6000,2
55237907279700,15:20:37.907,29.6000,100
55237907304865,15:20:37.907,29.6000,126
55237907360119,15:20:37.907,29.6000,74
55237907360119,15:20:37.907,29.6000,26
55237907361886,15:20:37.907,29.6000,74
55237907668480,15:20:37.907,29.6100,100
55237907675677,15:20:37.907,29.6200,70
55237907682178,15:20:37.907,29.6200,30
55257409037006,15:20:57.409,29.6300,2
55257409596321,15:20:57.409,29.6300,70
55328830359431,15:22:08.830,29.5900,6
55328830378956,15:22:08.830,29.5800,70
55328830382704,15:22:08.830,29.5800,30
55328830382704,15:22:08.830,29.5800,6
55328830393563,15:22:08.830,29.5800,1
55328830393563,15:22:08.830,29.5800,73
55328830395912,15:22:08.830,29.5800,117
55328830395912,15:22:08.830,29.5800,92
55328830397892,15:22:08.830,29.5800,8
55328830419310,15:22:08.830,29.5800,120
55328830428258,15:22:08.830,29.5700,32
55328830586553,15:22:08.830,29.5800,80
55328831875440,15:22:08.831,29.5700,39
55328831932568,15:22:08.831,29.5700,29
55328831932568,15:22:08.831,29.5700,20
55328831932568,15:22:08.831,29.5700,51
55328831951680,15:22:08.831,29.5700,49
55328832132842,15:22:08.832,29.5600,25
55328832144886,15:22:08.832,29.5600,130
55328832144886,15:22:08.832,29.5600,70
55328832173597,15:22:08.832,29.5600,30
55328833132747,15:22:08.833,29.5400,10
55328844383123,15:22:08.844,29.5700,4
55328963632871,15:22:08.963,29.5400,13
55328964437283,15:22:08.964,29.5400,70
55328964437283,15:22:08.964,29.5400,15
55328999043497,15:22:08.999,29.5600,1
55347937236758,15:22:27.937,29.5300,10
55359967268118,15:22:39.967,29.5100,10
55359967268118,15:22:39.967,29.5100,100
55359968302292,15:22:39.968,29.5000,1
55359969092539,15:22:39.969,29.4900,19
55433960933013,15:23:53.960,29.3900,100
55454961341005,15:24:14.961,29.3800,3
55454961343677,15:24:14.961,29.3800,3
55454964129042,15:24:14.964,29.3800,97
55460716768013,15:24:20.716,29.4100,100
55460716768013,15:24:20.716,29.4100,100
55460717529152,15:24:20.717,29.4200,100
55491984518558,15:24:51.984,29.3700,100
55609967323936,15:26:49.967,29.3600,100
55609967323936,15:26:49.967,29.3600,1
55609967768469,15:26:49.967,29.3500,100
55609967820666,15:26:49.967,29.3500,100
55609967841745,15:26:49.967,29.3500,100
55609967872028,15:26:49.967,29.3500,100
55609967873255,15:26:49.967,29.3500,1
55609969532005,15:26:49.969,29.3500,5
55612962398686,15:26:52.962,29.3300,21
55612971182569,15:26:52.971,29.3300,29
55621530016636,15:27:01.530,29.3200,2
55621530016636,15:27:01.530,29.3200,100
55621530557899,15:27:01.530,29.3100,100
55621538450600,15:27:01.538,29.3100,1
55621540765722,15:27:01.540,29.3000,26
55621540765722,15:27:01.540,29.3000,100
55673268719179,15:27:53.268,29.3000,95
55673268719179,15:27:53.268,29.3000,5
55673269165146,15:27:53.269,29.3100,95
55673269165642,15:27:53.269,29.3100,5
55673269165642,15:27:53.269,29.3100,95
55673269182136,15:27:53.269,29.3100,5
55673269182136,15:27:53.269,29.3200,68
55673269182885,15:27:53.269,29.3200,132
55673269182885,15:27:53.269,29.3200,12
55673269186263,15:27:53.269,29.3200,74
55673269200274,15:27:53.269,29.3200,14
55673269200274,15:27:53.269,29.3200,100
55673269200274,15:27:53.269,29.3200,86
55673269202365,15:27:53.269,29.3200,14
55673269202365,15:27:53.269,29.3200,100
55673269211312,15:27:53.269,29.3300,167
55673269215875,15:27:53.269,29.3300,33
55673269225584,15:27:53.269,29.3400,40
55673269252971,15:27:53.269,29.3400,60
55673269414300,15:27:53.269,29.3400,60
55673269429853,15:27:53.269,29.3400,40
55673269429853,15:27:53.269,29.3400,100
55673269437918,15:27:53.269,29.3500,52
55673269441419,15:27:53.269,29.3500,8
55673269635450,15:27:53.269,29.3500,100
55673269653266,15:27:53.269,29.3500,40
55762018711649,15:29:22.018,29.2800,2
55762019727062,15:29:22.019,29.2700,100
55762019975861,15:29:22.019,29.2700,3
55762020164771,15:29:22.020,29.2700,3
55764019190113,15:29:24.019,29.2600,1
55781879726876,15:29:41.879,29.2400,3
55781879726876,15:29:41.879,29.2400,97
55781881961991,15:29:41.881,29.2400,1
55781881961991,15:29:41.881,29.2400,3
55790931730787,15:29:50.931,29.2700,1
55799961270406,15:29:59.961,29.2300,1
55799961270406,15:29:59.961,29.2300,70
55799961270406,15:29:59.961,29.2300,29
55799962755078,15:29:59.962,29.2300,71
55799962755078,15:29:59.962,29.2300,29
55799962828016,15:29:59.962,29.2300,71
55799962828016,15:29:59.962,29.2300,29
55799963734935,15:29:59.963,29.2300,1
55799963734935,15:29:59.963,29.2300,71
55804961725877,15:30:04.961,29.2200,100
55804961725877,15:30:04.961,29.2200,1
55804962253362,15:30:04.962,29.2400,100
55804962463864,15:30:04.962,29.2200,2
55823999311627,15:30:23.999,29.2200,98
55823999311627,15:30:23.999,29.2200,2
55823999342799,15:30:23.999,29.2200,59
55823999543535,15:30:23.999,29.2200,39
55823999543535,15:30:23.999,29.2200,1
55823999543535,15:30:23.999,29.2200,20
55824000105177,15:30:24.000,29.2100,1
55824000105177,15:30:24.000,29.2100,99
55824009413234,15:30:24.009,29.2100,1
55829325031157,15:30:29.325,29.2400,100
55839494859620,15:30:39.494,29.2600,100
55839496546663,15:30:39.496,29.2800,100
55980966767965,15:33:00.966,29.2300,100
55980966767965,15:33:00.966,29.2300,100
55980966767965,15:33:00.966,29.2300,103
55980966767965,15:33:00.966,29.2300,100
55980968138061,15:33:00.968,29.2200,100
55980968178789,15:33:00.968,29.2200,90
55980968178789,15:33:00.968,29.2200,10
55980968189513,15:33:00.968,29.2200,90
55980968189513,15:33:00.968,29.2200,10
55980968204464,15:33:00.968,29.2200,90
55980970198321,15:33:00.970,29.2200,100
56023932780721,15:33:43.932,29.2600,100
56023932780721,15:33:43.932,29.2600,74
56023933042113,15:33:43.933,29.2600,26
56023933200163,15:33:43.933,29.2600,100
56023933487593,15:33:43.933,29.2700,100
56023933537693,15:33:43.933,29.2700,100
56023933555088,15:33:43.933,29.2700,100
56023933578353,15:33:43.933,29.2700,100
56023933663243,15:33:43.933,29.2700,7
56023933763297,15:33:43.933,29.2700,93
56023933989189,15:33:43.933,29.2800,100
56023933989189,15:33:43.933,29.2800,98
56023933993313,15:33:43.933,29.2800,2
56111559837585,15:35:11.559,29.2900,100
56111559837585,15:35:11.559,29.2900,200
56111559913061,15:35:11.559,29.2900,11
56111559925541,15:35:11.559,29.2900,89
56111559925541,15:35:11.559,29.2900,11
56111559948745,15:35:11.559,29.2900,89
56111560070013,15:35:11.560,29.3000,79
56111560088841,15:35:11.560,29.3000,121
56111560279485,15:35:11.560,29.3000,97
56111560289181,15:35:11.560,29.3000,3
56111560289181,15:35:11.560,29.3000,97
56111560302529,15:35:11.560,29.3000,3
56111560309488,15:35:11.560,29.3000,3
56111560312187,15:35:11.560,29.3000,3
56126884568415,15:35:26.884,29.2900,100
56126884568415,15:35:26.884,29.2900,100
56126884670922,15:35:26.884,29.2900,6
56126884822827,15:35:26.884,29.3000,24
56126886174016,15:35:26.886,29.3000,76
56126886174016,15:35:26.886,29.3000,94
56128261620515,15:35:28.261,29.3200,100
56128261675695,15:35:28.261,29.3300,100
56163762043123,15:36:03.762,29.3400,200
56201133028354,15:36:41.133,29.3500,3
56201244475779,15:36:41.244,29.3400,100
56201244475779,15:36:41.244,29.3400,100
56201244475779,15:36:41.244,29.3400,100
56201244728642,15:36:41.244,29.3300,2
56201244951526,15:36:41.244,29.3300,1
56201246012065,15:36:41.246,29.3400,100
56336709519263,15:38:56.709,29.3100,100
56336709519263,15:38:56.709,29.3100,1
56336709519263,15:38:56.709,29.3100,99
56336709553519,15:38:56.709,29.3100,23
56336711811365,15:38:56.711,29.3100,1
56337658705123,15:38:57.658,29.3000,100
56401627261618,15:40:01.627,29.2900,100
56401627489460,15:40:01.627,29.2900,100
56401627543580,15:40:01.627,29.2800,2
56401968169270,15:40:01.968,29.2700,100
56401970632576,15:40:01.970,29.2600,100
56401971008722,15:40:01.971,29.2600,100
56401971008722,15:40:01.971,29.2400,20
56401971008722,15:40:01.971,29.2400,80
56403262111243,15:40:03.262,29.2600,100
56403964489068,15:40:03.964,29.2700,100
56403965733534,15:40:03.965,29.2800,100
56403965762255,15:40:03.965,29.2800,98
56403965799747,15:40:03.965,29.2800,2
56403965799747,15:40:03.965,29.2800,98
56403965847957,15:40:03.965,29.2800,2
56403966895835,15:40:03.966,29.2900,100
56403970359243,15:40:03.970,29.3000,100
56459682998789,15:40:59.682,29.3200,4
56459682998789,15:40:59.682,29.3200,45
56459683008761,15:40:59.683,29.3200,49
56459683009989,15:40:59.683,29.3200,6
56459683037603,15:40:59.683,29.3100,44
56459683241895,15:40:59.683,29.3100,6
56459683248230,15:40:59.683,29.3100,49
56459683330321,15:40:59.683,29.3100,1
56483079114351,15:41:23.079,29.2600,100
56576034548986,15:42:56.034,29.3000,100
56576034635801,15:42:56.034,29.3100,56
56576034660965,15:42:56.034,29.3100,44
56576034812019,15:42:56.034,29.3100,44
56576034822986,15:42:56.034,29.3100,44
56576034825567,15:42:56.034,29.3100,6
56576034832140,15:42:56.034,29.3100,6
56576034832140,15:42:56.034,29.3200,31
56649203045570,15:44:09.203,29.2900,100
56663065619417,15:44:23.065,29.3100,100
56663065619417,15:44:23.065,29.3100,100
56663065619417,15:44:23.065,29.3100,25
56663067017836,15:44:23.067,29.3200,46
56663067020174,15:44:23.067,29.3200,100
56663067031245,15:44:23.067,29.3200,54
56663067041411,15:44:23.067,29.3200,150
56663067042007,15:44:23.067,29.3200,150
56663067072382,15:44:23.067,29.3300,50
56663067240874,15:44:23.067,29.3300,50
56663067249875,15:44:23.067,29.3300,49
56663067256162,15:44:23.067,29.3300,51
56663067256162,15:44:23.067,29.3300,99
56663067258030,15:44:23.067,29.3300,101
56663067258030,15:44:23.067,29.3300,60
56663067260869,15:44:23.067,29.3300,13
56663067265121,15:44:23.067,29.3300,27
56663961894421,15:44:23.961,29.3400,100
56663961946640,15:44:23.961,29.3400,100
56663962975482,15:44:23.962,29.3500,49
56663962987062,15:44:23.962,29.3500,50
56663962993810,15:44:23.962,29.3500,1
56663962993810,15:44:23.962,29.3500,1
56663963031800,15:44:23.963,29.3500,51
56663963178599,15:44:23.963,29.3400,100
56664166104710,15:44:24.166,29.3500,48
56681962073127,15:44:41.962,29.3550,100
56740522142439,15:45:40.522,29.3800,4
56751889809053,15:45:51.889,29.3800,96
56751889809053,15:45:51.889,29.3800,100
56752926555064,15:45:52.926,29.3900,200
56755041598882,15:45:55.041,29.3900,100
56755041921129,15:45:55.041,29.3900,100
56755043634204,15:45:55.043,29.3900,100
56768431902864,15:46:08.431,29.4000,100
56768432345045,15:46:08.432,29.4000,100
56768432349464,15:46:08.432,29.4000,41
56768528362617,15:46:08.528,29.4000,38
56768528392776,15:46:08.528,29.4000,21
56829047463793,15:47:09.047,29.4400,25
56829108595923,15:47:09.108,29.4400,1
56840952405260,15:47:20.952,29.4400,100
56850348440921,15:47:30.348,29.4400,74
56850348440921,15:47:30.348,29.4400,26
56870532137897,15:47:50.532,29.4500,100
56965743620240,15:49:25.743,29.4500,100
56965744147902,15:49:25.744,29.4500,100
56965744147902,15:49:25.744,29.4500,24
56973925691730,15:49:33.925,29.4500,100
56981209921477,15:49:41.209,29.4600,100
56981890614673,15:49:41.890,29.4600,100
56990196223174,15:49:50.196,29.4600,100
56990196223174,15:49:50.196,29.4600,100
56994514271252,15:49:54.514,29.4600,100
56999821189754,15:49:59.821,29.4600,68
57001192167804,15:50:01.192,29.4600,32
57001192167804,15:50:01.192,29.4600,68
57005014839093,15:50:05.014,29.4600,100
57005115670873,15:50:05.115,29.4600,32
57006019563695,15:50:06.019,29.4500,121
57006019664572,15:50:06.019,29.4500,29
57006019934895,15:50:06.019,29.4400,26
57006019944217,15:50:06.019,29.4400,74
57006019944217,15:50:06.019,29.4400,100
57006019944217,15:50:06.019,29.4400,100
57006019969657,15:50:06.019,29.4300,66
57006020171457,15:50:06.020,29.4300,34
57006020174008,15:50:06.020,29.4300,12
57006020177726,15:50:06.020,29.4300,22
57006020198118,15:50:06.020,29.4300,11
57006020247219,15:50:06.020,29.4300,49
57006020269909,15:50:06.020,29.4400,10
57006020273458,15:50:06.020,29.4400,5
57006020273458,15:50:06.020,29.4300,6
57006020273458,15:50:06.020,29.4300,19
57006020537006,15:50:06.020,29.4400,85
57036962131652,15:50:36.962,29.4450,100
57066962272005,15:51:06.962,29.4300,90
57066962272005,15:51:06.962,29.4300,8
57066962272005,15:51:06.962,29.4300,2
57066962272005,15:51:06.962,29.4300,100
57066962314260,15:51:06.962,29.4300,18
57066962339087,15:51:06.962,29.4300,100
57066962427217,15:51:06.962,29.4200,4
57066963135754,15:51:06.963,29.4300,100
57066966599071,15:51:06.966,29.4300,2
57068728336349,15:51:08.728,29.4600,178
57068728341614,15:51:08.728,29.4600,22
57068728450670,15:51:08.728,29.4600,100
57076897623337,15:51:16.897,29.4700,100
57076897731342,15:51:16.897,29.4700,100
57076897773103,15:51:16.897,29.4700,100
57076897995600,15:51:16.897,29.4700,100
57076898076384,15:51:16.898,29.4700,100
57076899354389,15:51:16.899,29.4700,100
57159045099290,15:52:39.045,29.4750,100
57159045099290,15:52:39.045,29.4600,1
57159045099290,15:52:39.045,29.4600,99
57159045127383,15:52:39.045,29.4600,1
57159045127383,15:52:39.045,29.4600,100
57159045378411,15:52:39.045,29.4500,195
57159045384825,15:52:39.045,29.4500,5
57159045384825,15:52:39.045,29.4500,2
57159045489026,15:52:39.045,29.4400,11
57159045497313,15:52:39.045,29.4400,5
57159045500480,15:52:39.045,29.4400,42
57159045509653,15:52:39.045,29.4400,42
57159045509653,15:52:39.045,29.4400,4
57159045510418,15:52:39.045,29.4400,50
57159045548836,15:52:39.045,29.4400,46
57159049467963,15:52:39.049,29.4600,2
57159049497378,15:52:39.049,29.4600,22
57159049663450,15:52:39.049,29.4600,2
57159049663918,15:52:39.049,29.4600,2
57159049664450,15:52:39.049,29.4600,2
57159049689893,15:52:39.049,29.4600,72
57159050414741,15:52:39.050,29.4300,49
57159050442838,15:52:39.050,29.4300,9
57159050446912,15:52:39.050,29.4300,50
57159050454303,15:52:39.050,29.4300,50
57159050692512,15:52:39.050,29.4300,42
57195067793009,15:53:15.067,29.4600,50
57195067800027,15:53:15.067,29.4600,50
57228961881288,15:53:48.961,29.4600,100
57246132830624,15:54:06.132,29.4500,1
57246132830624,15:54:06.132,29.4500,60
57246132830624,15:54:06.132,29.4500,39
57246132861049,15:54:06.132,29.4500,61
57246132861049,15:54:06.132,29.4500,100
57246132861049,15:54:06.132,29.4500,100
57246132913205,15:54:06.132,29.4400,47
57246132916977,15:54:06.132,29.4400,50
57246133301176,15:54:06.133,29.4400,3
57246133301176,15:54:06.133,29.4400,2
57246133546038,15:54:06.133,29.4300,53
57246133572252,15:54:06.133,29.4300,8
57246150824905,15:54:06.150,29.4300,39
57246150824905,15:54:06.150,29.4300,7
57246151469966,15:54:06.151,29.4300,73
57246151532432,15:54:06.151,29.4300,20
57260961826055,15:54:20.961,29.4400,1
57260965975966,15:54:20.965,29.4400,100
57268282908671,15:54:28.282,29.4200,65
57287197566342,15:54:47.197,29.4400,100
57287197566342,15:54:47.197,29.4200,35
57287197566342,15:54:47.197,29.4200,2
57297975469508,15:54:57.975,29.4200,100
57310218004505,15:55:10.218,29.4600,100
57323467647224,15:55:23.467,29.4800,7
57339883868334,15:55:39.883,29.4600,100
57354561121508,15:55:54.561,29.4900,200
57354561457486,15:55:54.561,29.4900,100
57354561474530,15:55:54.561,29.4900,99
57354561477190,15:55:54.561,29.4900,1
57354561477190,15:55:54.561,29.4900,41
57354561495140,15:55:54.561,29.4900,50
57354561539518,15:55:54.561,29.4900,1
57354561609970,15:55:54.561,29.4900,8
57354565567932,15:55:54.565,29.5000,49
57354565579165,15:55:54.565,29.5000,23
57354565580915,15:55:54.565,29.5000,49
57354565686315,15:55:54.565,29.5000,79
57354565686315,15:55:54.565,29.5000,21
57354565859934,15:55:54.565,29.5000,50
57354591763515,15:55:54.591,29.5000,29
57354770811462,15:55:54.770,29.5000,100
57354882806468,15:55:54.882,29.5100,40
57354900029643,15:55:54.900,29.5100,60
57375512916667,15:56:15.512,29.5500,100
57387238525992,15:56:27.238,29.5400,100
57391247749879,15:56:31.247,29.5400,100
57391249138295,15:56:31.249,29.5300,42
57391266251684,15:56:31.266,29.5300,49
57391266259526,15:56:31.266,29.5300,50
57391266261367,15:56:31.266,29.5300,1
57391266261367,15:56:31.266,29.5300,49
57391266276611,15:56:31.266,29.5300,51
57391266276611,15:56:31.266,29.5300,3
57391266316295,15:56:31.266,29.5200,100
57391266539412,15:56:31.266,29.5300,54
57391269132586,15:56:31.269,29.5200,1
57391269419458,15:56:31.269,29.5300,1
57405124507445,15:56:45.124,29.5300,100
57434778515282,15:57:14.778,29.5300,8
57434778545500,15:57:14.778,29.5300,92
57452038749192,15:57:32.038,29.5400,100
57452038773701,15:57:32.038,29.5400,100
57452058582306,15:57:32.058,29.5400,100
57452975421834,15:57:32.975,29.5200,1
57452975421834,15:57:32.975,29.5200,32
57471884333890,15:57:51.884,29.5250,100
57481571282464,15:58:01.571,29.5250,100
57482323654574,15:58:02.323,29.5400,5
57502233114503,15:58:22.233,29.5200,53
57502241755130,15:58:22.241,29.5100,1
57502241755130,15:58:22.241,29.5100,400
57502241755130,15:58:22.241,29.5100,100
57502243669619,15:58:22.243,29.4800,10
57502263415801,15:58:22.263,29.4600,10
57519551316158,15:58:39.551,29.4800,3
57519551316158,15:58:39.551,29.4800,97
57519551549976,15:58:39.551,29.4800,3
57519551553346,15:58:39.551,29.4800,3
57519551612664,15:58:39.551,29.4800,14
57520695628445,15:58:40.695,29.4700,51
57520695628445,15:58:40.695,29.4700,9
57525045398292,15:58:45.045,29.4800,91
57551144117865,15:59:11.144,29.4100,100
57583043423436,15:59:43.043,29.4600,100
57600372560478,16:00:00.372,0.0000,0
