timestamp,time,price,volume
34093754765147,09:28:13.754,5.7500,1
34200823557761,09:30:00.823,0.0000,0
34267279491989,09:31:07.279,5.7700,100
34399485959289,09:33:19.485,5.7500,5
34399485959289,09:33:19.485,5.7500,10
34409245063425,09:33:29.245,5.7200,10
34409245122078,09:33:29.245,5.7200,190
34409245122078,09:33:29.245,5.7200,10
34409245138021,09:33:29.245,5.7200,100
34409245202177,09:33:29.245,5.7200,107
34409245202177,09:33:29.245,5.7200,93
34409245405144,09:33:29.245,5.7100,5
34409245405144,09:33:29.245,5.7100,95
34469932504714,09:34:29.932,5.7100,381
34469932607506,09:34:29.932,5.7100,524
34474501646296,09:34:34.501,5.6800,200
34474501646296,09:34:34.501,5.6800,100
34474501646296,09:34:34.501,5.6800,100
34474503854862,09:34:34.503,5.6700,100
34474612332191,09:34:34.612,5.6500,50
34474612332191,09:34:34.612,5.6500,10
34474612332191,09:34:34.612,5.6500,40
34474712236756,09:34:34.712,5.6500,16
34474712236756,09:34:34.712,5.6500,84
34479820400582,09:34:39.820,5.6200,100
34479828887089,09:34:39.828,5.6200,100
34479829697690,09:34:39.829,5.6400,100
34479829697690,09:34:39.829,5.6400,100
34479829697690,09:34:39.829,5.6400,100
34479829697690,09:34:39.829,5.6400,100
34479835106657,09:34:39.835,5.6300,100
34479835111280,09:34:39.835,5.6300,300
34531298452869,09:35:31.298,5.6400,30
34533553660756,09:35:33.553,5.6500,86
34541320860771,09:35:41.320,5.6600,100
34543438124657,09:35:43.438,5.6600,55
34543438138527,09:35:43.438,5.6600,45
34543438138527,09:35:43.438,5.6600,100
34573141418246,09:36:13.141,5.6500,90
34573149421086,09:36:13.149,5.6400,278
34573149477922,09:36:13.149,5.6400,600
34573149636940,09:36:13.149,5.6400,197
34573149643109,09:36:13.149,5.6400,145
34573149705442,09:36:13.149,5.6400,146
34573149979855,09:36:13.149,5.6400,100
34573149989807,09:36:13.149,5.6400,300
34573150000779,09:36:13.150,5.6400,100
34573150058248,09:36:13.150,5.6400,500
34573150822630,09:36:13.150,5.6300,100
34573151182218,09:36:13.151,5.6300,100
34573214382728,09:36:13.214,5.6300,100
34573214389287,09:36:13.214,5.6300,100
34573214442956,09:36:13.214,5.6300,400
34573214663962,09:36:13.214,5.6300,200
34603658837978,09:36:43.658,5.6100,2
34603659263453,09:36:43.659,5.6000,2
34603659436572,09:36:43.659,5.6000,41
34603659436572,09:36:43.659,5.6000,54
34608988968303,09:36:48.988,5.5800,100
34608989019167,09:36:48.989,5.5800,100
34608994802963,09:36:48.994,5.5600,100
34630740562567,09:37:10.740,5.5400,300
34630740562567,09:37:10.740,5.5400,46
34650165697640,09:37:30.165,5.5600,135
34650165697640,09:37:30.165,5.5600,65
34650168308115,09:37:30.168,5.5600,100
34650168308115,09:37:30.168,5.5600,100
34652200409631,09:37:32.200,5.5800,100
34661243047039,09:37:41.243,5.5600,100
34661243047039,09:37:41.243,5.5600,100
34661251418643,09:37:41.251,5.5600,200
34661251418643,09:37:41.251,5.5600,100
34664282221321,09:37:44.282,5.5500,200
34665193691580,09:37:45.193,5.5300,55
34665193691580,09:37:45.193,5.5300,145
34665193749509,09:37:45.193,5.5300,100
34667211133916,09:37:47.211,5.5300,200
34667211184292,09:37:47.211,5.5300,5
34738703966456,09:38:58.703,5.6000,300
34839008908550,09:40:39.008,5.6400,100
34839009540921,09:40:39.009,5.6400,100
34839011031552,09:40:39.011,5.6400,100
34840021060818,09:40:40.021,5.6500,100
34888301814022,09:41:28.301,5.6600,48
34888301814022,09:41:28.301,5.6600,100
34888301814022,09:41:28.301,5.6600,52
34888301869599,09:41:28.301,5.6600,48
34953714322869,09:42:33.714,5.6200,200
34953714375092,09:42:33.714,5.6200,50
34998589187668,09:43:18.589,5.6400,100
35031578687043,09:43:51.578,5.6500,100
35086977697320,09:44:46.977,5.6400,100
35127332286568,09:45:27.332,5.6400,3
35170188391789,09:46:10.188,5.6100,10
35244903471540,09:47:24.903,5.5900,10
35244904075319,09:47:24.904,5.5900,100
35244904075319,09:47:24.904,5.5900,100
35244904075319,09:47:24.904,5.5900,100
35244912123648,09:47:24.912,5.5900,100
35244912123648,09:47:24.912,5.5800,200
35244912282984,09:47:24.912,5.5800,3
35261346489941,09:47:41.346,5.5800,100
35326663445193,09:48:46.663,5.5400,100
35340424335731,09:49:00.424,5.5500,35
35340424335731,09:49:00.424,5.5500,100
35463403964536,09:51:03.403,5.5500,50
35463403964536,09:51:03.403,5.5500,50
35464798385757,09:51:04.798,5.5500,50
35464798385757,09:51:04.798,5.5500,50
35464798394601,09:51:04.798,5.5500,50
35464798394601,09:51:04.798,5.5500,100
35464799136765,09:51:04.799,5.5500,100
35464799139560,09:51:04.799,5.5500,100
35464799303384,09:51:04.799,5.5500,100
35464799303384,09:51:04.799,5.5500,100
35464799303384,09:51:04.799,5.5500,100
35471791583744,09:51:11.791,5.5500,100
35471795651648,09:51:11.795,5.5500,100
35471795651648,09:51:11.795,5.5500,500
35507594405806,09:51:47.594,5.5500,100
35507594405806,09:51:47.594,5.5500,100
35519344654756,09:51:59.344,5.5600,100
35523410940480,09:52:03.410,5.5500,100
35523410940480,09:52:03.410,5.5500,100
35531193213774,09:52:11.193,5.5600,200
35569066614640,09:52:49.066,5.5700,100
35569066652176,09:52:49.066,5.5700,100
35569066717616,09:52:49.066,5.5700,200
35569066757165,09:52:49.066,5.5700,100
35569126207596,09:52:49.126,5.5700,66
35569126261392,09:52:49.126,5.5700,34
35569126311411,09:52:49.126,5.5700,66
35569126357890,09:52:49.126,5.5700,34
35569126357890,09:52:49.126,5.5700,66
35569126395396,09:52:49.126,5.5700,34
35569126441851,09:52:49.126,5.5700,100
35569126526864,09:52:49.126,5.5700,200
35586191802321,09:53:06.191,5.5900,100
35586191802321,09:53:06.191,5.5900,100
35611082142148,09:53:31.082,5.5800,100
35614874401144,09:53:34.874,5.5800,100
35772978618048,09:56:12.978,5.6200,100
35772978618048,09:56:12.978,5.6200,100
35846017089080,09:57:26.017,5.6300,800
35846017317268,09:57:26.017,5.6300,434
35846017331944,09:57:26.017,5.6300,209
35846017538429,09:57:26.017,5.6300,145
35846017556814,09:57:26.017,5.6300,112
35846017556814,09:57:26.017,5.6300,100
35921245928492,09:58:41.245,5.6200,100
35921246123142,09:58:41.246,5.6200,100
35921271462382,09:58:41.271,5.6200,100
36159973277117,10:02:39.973,5.6300,1000
36159973277117,10:02:39.973,5.6300,100
36231452091108,10:03:51.452,5.6500,100
36231452225545,10:03:51.452,5.6500,200
36231453033294,10:03:51.453,5.6500,100
36234600092382,10:03:54.600,5.6400,100
36363475624339,10:06:03.475,5.6200,134
36363475628365,10:06:03.475,5.6200,138
36363475632310,10:06:03.475,5.6200,28
36452331952599,10:07:32.331,5.6400,100
36511388106084,10:08:31.388,5.6800,100
36511389577787,10:08:31.389,5.6800,600
36511389577787,10:08:31.389,5.6800,100
36511389577787,10:08:31.389,5.6800,100
36516829493858,10:08:36.829,5.6500,100
36550011353216,10:09:10.011,5.6250,100
36651789293246,10:10:51.789,5.6300,100
36651789525471,10:10:51.789,5.6300,37
36651789525471,10:10:51.789,5.6300,63
36664426855730,10:11:04.426,5.6400,100
36717783833008,10:11:57.783,5.6300,100
36717784725747,10:11:57.784,5.6400,100
36731806913640,10:12:11.806,5.6500,50
36731806913640,10:12:11.806,5.6500,5
36795588690932,10:13:15.588,5.6700,37
36904880953716,10:15:04.880,5.6700,100
36904880961537,10:15:04.880,5.6700,100
37076093203890,10:17:56.093,5.6200,100
37076093203890,10:17:56.093,5.6200,400
37076094754996,10:17:56.094,5.6100,300
37077142557162,10:17:57.142,5.6000,4
37227015636924,10:20:27.015,5.6400,100
37375209137420,10:22:55.209,5.6800,200
37442113685564,10:24:02.113,5.7000,100
37442114853600,10:24:02.114,5.7100,200
37442114853600,10:24:02.114,5.7100,300
37662362716709,10:27:42.362,5.7400,100
37662362910092,10:27:42.362,5.7400,100
37677522935991,10:27:57.522,5.7800,400
37680185085333,10:28:00.185,5.7700,200
37681567505231,10:28:01.567,5.7600,100
37692372772743,10:28:12.372,5.7600,5
37692372786480,10:28:12.372,5.7600,95
37692372786480,10:28:12.372,5.7600,100
37699179807977,10:28:19.179,5.7700,100
37699180582557,10:28:19.180,5.7700,100
37699180582557,10:28:19.180,5.7700,100
37699180582557,10:28:19.180,5.7700,95
37699180591042,10:28:19.180,5.7700,5
37699185847477,10:28:19.185,5.7600,100
37735256681966,10:28:55.256,5.7800,600
37770387532526,10:29:30.387,5.7700,100
37861203724371,10:31:01.203,5.7900,100
37877281249221,10:31:17.281,5.7900,100
37878394742443,10:31:18.394,5.7900,100
37878394742443,10:31:18.394,5.7900,100
37878397555028,10:31:18.397,5.7900,100
37878398364989,10:31:18.398,5.7900,200
37878958782443,10:31:18.958,5.7900,200
37878958782443,10:31:18.958,5.7900,300
37878958782443,10:31:18.958,5.7900,100
37905742209067,10:31:45.742,5.8000,100
37905742214852,10:31:45.742,5.8000,200
37905742273179,10:31:45.742,5.8000,700
37905742273179,10:31:45.742,5.8000,200
37915026696197,10:31:55.026,5.8100,100
37953134852422,10:32:33.134,5.8300,100
37953134852422,10:32:33.134,5.8300,164
37953134857563,10:32:33.134,5.8300,36
37962408062976,10:32:42.408,5.8400,200
37962408293429,10:32:42.408,5.8400,100
38023874560887,10:33:43.874,5.8600,100
38030611158596,10:33:50.611,5.8700,100
38030611391201,10:33:50.611,5.8700,27
38030611391719,10:33:50.611,5.8700,161
38030611402892,10:33:50.611,5.8700,12
38110225518743,10:35:10.225,5.9000,95
38110225523112,10:35:10.225,5.9000,5
38110225523112,10:35:10.225,5.9000,100
38110225523112,10:35:10.225,5.9000,3
38110225525268,10:35:10.225,5.9000,132
38110225533046,10:35:10.225,5.9000,66
38110225535029,10:35:10.225,5.9000,261
38110225538054,10:35:10.225,5.9000,65
38110225761471,10:35:10.225,5.9000,373
38110225817093,10:35:10.225,5.9000,100
38110225817093,10:35:10.225,5.9000,100
38110225853794,10:35:10.225,5.9000,800
38110225950214,10:35:10.225,5.9000,100
38110225950214,10:35:10.225,5.9000,100
38110225959111,10:35:10.225,5.9000,800
38110225977213,10:35:10.225,5.9000,200
38110226959793,10:35:10.226,5.9000,100
38110226959793,10:35:10.226,5.9000,500
38110226959793,10:35:10.226,5.9000,200
38110229364543,10:35:10.229,5.9000,100
38110229867589,10:35:10.229,5.9000,100
38118309814031,10:35:18.309,5.9000,100
38118309814031,10:35:18.309,5.9000,200
38118311510193,10:35:18.311,5.9000,100
38118368542939,10:35:18.368,5.8900,200
38150825044178,10:35:50.825,5.9000,100
38156307136418,10:35:56.307,5.9000,900
38184146695491,10:36:24.146,5.9200,55
38231693782914,10:37:11.693,5.9200,100
38231861956831,10:37:11.861,5.9000,100
38231862186141,10:37:11.862,5.9000,131
38234341674864,10:37:14.341,5.8900,2
38290162437139,10:38:10.162,5.9000,32
38290162437139,10:38:10.162,5.9000,100
38290162437139,10:38:10.162,5.9000,68
38290162491099,10:38:10.162,5.9000,32
38404660265142,10:40:04.660,5.8900,262
38404660278086,10:40:04.660,5.8900,65
38404660279862,10:40:04.660,5.8900,261
38404660280354,10:40:04.660,5.8900,95
38408400340720,10:40:08.400,5.8900,117
38408400795133,10:40:08.400,5.9000,100
38408400795133,10:40:08.400,5.9000,17
38472384932219,10:41:12.384,5.8700,100
38487984108843,10:41:27.984,5.8600,100
38487984108843,10:41:27.984,5.8600,100
38547510738757,10:42:27.510,5.8600,100
38558932931562,10:42:38.932,5.8700,100
38558932931562,10:42:38.932,5.8700,100
38574671392449,10:42:54.671,5.8700,100
38574671392449,10:42:54.671,5.8700,100
38617413462011,10:43:37.413,5.8600,100
38617413535753,10:43:37.413,5.8600,100
38617413535753,10:43:37.413,5.8600,100
38617433249860,10:43:37.433,5.8400,200
38617433475414,10:43:37.433,5.8400,200
38617438499168,10:43:37.438,5.8300,161
38617438505886,10:43:37.438,5.8300,131
38617438513517,10:43:37.438,5.8300,108
38645341441985,10:44:05.341,5.8300,37
38645341445161,10:44:05.341,5.8300,263
38647685021070,10:44:07.685,5.8400,300
38676049734834,10:44:36.049,5.8600,25
38676049746697,10:44:36.049,5.8600,75
38683907172278,10:44:43.907,5.8700,100
38793753962354,10:46:33.753,5.8500,100
38850562281708,10:47:30.562,5.8400,100
38850562281708,10:47:30.562,5.8400,100
38850562343301,10:47:30.562,5.8400,100
38850562524325,10:47:30.562,5.8400,100
38850578089301,10:47:30.578,5.8600,100
38850578314725,10:47:30.578,5.8600,241
38850578321954,10:47:30.578,5.8600,59
38896585577473,10:48:16.585,5.8500,100
38896585577473,10:48:16.585,5.8500,92
38896585589639,10:48:16.585,5.8500,8
38950480960812,10:49:10.480,5.8300,5
39088648873082,10:51:28.648,5.8300,100
39089622907788,10:51:29.622,5.8500,127
39089622919452,10:51:29.622,5.8500,42
39089668807575,10:51:29.668,5.8500,331
39093009692841,10:51:33.009,5.8400,100
39156619305910,10:52:36.619,5.8400,300
39229805606168,10:53:49.805,5.8600,100
39229805840744,10:53:49.805,5.8600,69
39229805856445,10:53:49.805,5.8600,31
39229805856445,10:53:49.805,5.8600,35
39229805862245,10:53:49.805,5.8600,65
39230020737464,10:53:50.020,5.8700,100
39230020922440,10:53:50.020,5.8700,100
39230026357110,10:53:50.026,5.8700,100
39230026357110,10:53:50.026,5.8700,100
39230327719056,10:53:50.327,5.8700,100
39230327808125,10:53:50.327,5.8800,200
39230335021599,10:53:50.335,5.8700,428
39234132715758,10:53:54.132,5.8700,100
39238433193663,10:53:58.433,5.8700,100
39238434145872,10:53:58.434,5.8700,100
39253120199684,10:54:13.120,5.8800,100
39272789900789,10:54:32.789,5.8800,100
39272789900789,10:54:32.789,5.8800,100
39274304330129,10:54:34.304,5.8900,100
39274304366328,10:54:34.304,5.8900,900
39298790988050,10:54:58.790,5.8800,100
39332719504092,10:55:32.719,5.9000,100
39513470130764,10:58:33.470,5.9100,100
39513470130764,10:58:33.470,5.9100,100
39513472256073,10:58:33.472,5.9000,400
39513472256073,10:58:33.472,5.9000,100
39513472256073,10:58:33.472,5.9000,100
39513480787451,10:58:33.480,5.8900,100
39513480936374,10:58:33.480,5.8900,200
39513481014528,10:58:33.481,5.8900,100
39513507286589,10:58:33.507,5.8900,100
39513507286589,10:58:33.507,5.8900,300
39672791708710,11:01:12.791,5.8900,100
39672791708710,11:01:12.791,5.8900,100
39727338927009,11:02:07.338,5.9200,100
39727349464947,11:02:07.349,5.9200,100
39765997009980,11:02:45.997,5.9300,100
39776638937995,11:02:56.638,5.9300,100
39790300279646,11:03:10.300,5.9200,100
39790300279646,11:03:10.300,5.9200,81
39790300288256,11:03:10.300,5.9200,19
39790300288256,11:03:10.300,5.9200,100
39797630034069,11:03:17.630,5.9100,100
40140169159084,11:09:00.169,5.9100,74
40140169163590,11:09:00.169,5.9100,6
40140169169057,11:09:00.169,5.9100,20
40172179548862,11:09:32.179,5.9000,100
40238978847578,11:10:38.978,5.9100,300
40238978847578,11:10:38.978,5.9100,100
40238978847578,11:10:38.978,5.9100,100
40281493465679,11:11:21.493,5.9000,100
40288254262506,11:11:28.254,5.9000,200
40288254317339,11:11:28.254,5.9000,23
40511236310371,11:15:11.236,5.8900,500
40511236310371,11:15:11.236,5.8900,200
40536658600546,11:15:36.658,5.8900,100
40536670792171,11:15:36.670,5.8900,100
40536670792171,11:15:36.670,5.8900,100
40632638381030,11:17:12.638,5.8600,100
40632638439652,11:17:12.638,5.8600,100
40688022716162,11:18:08.022,5.8200,100
40688022813533,11:18:08.022,5.8200,100
40688022813533,11:18:08.022,5.8200,25
40688022814287,11:18:08.022,5.8200,127
40688023713254,11:18:08.023,5.8200,48
40818533887002,11:20:18.533,5.8200,100
40818548697688,11:20:18.548,5.8200,100
40818548697688,11:20:18.548,5.8200,100
40818548697688,11:20:18.548,5.8200,100
40863339501360,11:21:03.339,5.8100,100
40863350984691,11:21:03.350,5.8000,62
40863359278402,11:21:03.359,5.8000,100
40863361381907,11:21:03.361,5.8000,38
40951046609236,11:22:31.046,5.7900,100
40951060913836,11:22:31.060,5.7900,100
41040014509772,11:24:00.014,5.7600,100
41040014522425,11:24:00.014,5.7600,100
41040015084087,11:24:00.015,5.7500,25
41040015084087,11:24:00.015,5.7500,73
41040152144148,11:24:00.152,5.7500,27
41040195430607,11:24:00.195,5.7400,100
41040211093419,11:24:00.211,5.7400,200
41040298384473,11:24:00.298,5.7400,100
41044576747624,11:24:04.576,5.7500,100
41044577035451,11:24:04.577,5.7500,100
41064993055319,11:24:24.993,5.7400,100
41064993055319,11:24:24.993,5.7400,100
41065000283108,11:24:25.000,5.7400,100
41065000283108,11:24:25.000,5.7400,100
41065002439787,11:24:25.002,5.7300,300
41065002439787,11:24:25.002,5.7300,100
41065496365836,11:24:25.496,5.7300,100
41065503157756,11:24:25.503,5.7300,100
41065503157756,11:24:25.503,5.7300,100
41065503157756,11:24:25.503,5.7300,100
41065503157756,11:24:25.503,5.7300,100
41065503157756,11:24:25.503,5.7300,100
41066496482781,11:24:26.496,5.7300,156
41066496497858,11:24:26.496,5.7300,44
41066503883782,11:24:26.503,5.7300,100
41066503883782,11:24:26.503,5.7300,100
41076554612593,11:24:36.554,5.7200,100
41076555443619,11:24:36.555,5.7200,100
41176803518765,11:26:16.803,5.7300,97
41176803527182,11:26:16.803,5.7300,3
41176803527182,11:26:16.803,5.7300,100
41255950661697,11:27:35.950,5.7800,100
41274659857348,11:27:54.659,5.7700,100
41274659857348,11:27:54.659,5.7700,10
41274659872145,11:27:54.659,5.7700,90
41274659872145,11:27:54.659,5.7700,100
41388948362435,11:29:48.948,5.7900,62
41388948367922,11:29:48.948,5.7900,38
41409251133125,11:30:09.251,5.8000,100
41513788855661,11:31:53.788,5.8000,29
41513788859463,11:31:53.788,5.8000,100
41513789371572,11:31:53.789,5.8100,100
41513789371572,11:31:53.789,5.8100,71
41513789570541,11:31:53.789,5.8100,100
41513789585050,11:31:53.789,5.8100,129
41513789585050,11:31:53.789,5.8100,100
41513789585050,11:31:53.789,5.8100,71
41513789676050,11:31:53.789,5.8100,100
41554491225964,11:32:34.491,5.8200,100
41554491225964,11:32:34.491,5.8200,100
41606378072496,11:33:26.378,5.8000,4
41606378072496,11:33:26.378,5.8000,96
41606378074454,11:33:26.378,5.8000,4
41633300018120,11:33:53.300,5.7850,100
41655436182456,11:34:15.436,5.7800,116
41655436194063,11:34:15.436,5.7800,284
41655436194063,11:34:15.436,5.7800,66
41655436198202,11:34:15.436,5.7800,188
41655436202373,11:34:15.436,5.7800,117
41655436422817,11:34:15.436,5.7800,29
41659646711488,11:34:19.646,5.7900,200
41659646745987,11:34:19.646,5.7900,100
41659646772180,11:34:19.646,5.7900,100
41659646802267,11:34:19.646,5.7900,34
41793339100770,11:36:33.339,5.8000,100
41868030565140,11:37:48.030,5.7900,100
42051385125389,11:40:51.385,5.8000,100
42168395232128,11:42:48.395,5.8000,100
42214756209389,11:43:34.756,5.7900,100
42214757131484,11:43:34.757,5.7900,100
42214758162990,11:43:34.758,5.7800,100
42214865414141,11:43:34.865,5.7700,100
42645785264937,11:50:45.785,5.7700,100
42645785264937,11:50:45.785,5.7700,100
42645786126369,11:50:45.786,5.7600,300
42645786165879,11:50:45.786,5.7600,605
42645786165879,11:50:45.786,5.7600,400
42645786165879,11:50:45.786,5.7600,100
42685053060439,11:51:25.053,5.7500,2
42685053060439,11:51:25.053,5.7500,98
42685053289442,11:51:25.053,5.7500,23
42685053293588,11:51:25.053,5.7500,79
42797266599432,11:53:17.266,5.7600,200
42797266831952,11:53:17.266,5.7600,100
42797312626080,11:53:17.312,5.7500,100
42854647750807,11:54:14.647,5.7400,200
42887449999035,11:54:47.449,5.7300,135
42887450011617,11:54:47.450,5.7300,65
42991879401377,11:56:31.879,5.7300,200
42991879401377,11:56:31.879,5.7300,100
43030862136001,11:57:10.862,5.7300,175
43030862149824,11:57:10.862,5.7300,25
43214897927805,12:00:14.897,5.7400,50
43214897930915,12:00:14.897,5.7400,111
43214897938193,12:00:14.897,5.7400,39
43214897938193,12:00:14.897,5.7400,12
43214897957156,12:00:14.897,5.7400,38
43426468459723,12:03:46.468,5.7600,200
43534602536553,12:05:34.602,5.7400,100
43557316511175,12:05:57.316,5.7300,200
43625877407835,12:07:05.877,5.7400,55
43625877407835,12:07:05.877,5.7400,200
43625886116666,12:07:05.886,5.7400,100
43625886116666,12:07:05.886,5.7400,100
43625886116666,12:07:05.886,5.7400,100
43625886116666,12:07:05.886,5.7400,100
43638780063441,12:07:18.780,5.7400,100
43638780063441,12:07:18.780,5.7400,100
43678119564472,12:07:58.119,5.7400,100
43678119564472,12:07:58.119,5.7400,200
43865359148153,12:11:05.359,5.7600,100
43865359378691,12:11:05.359,5.7600,100
43897920370469,12:11:37.920,5.7700,200
43989599197903,12:13:09.599,5.7900,5
43989604627508,12:13:09.604,5.8000,50
43996435326905,12:13:16.435,5.7900,100
44030522051815,12:13:50.522,5.7900,200
44458209066130,12:20:58.209,5.8000,51
44458209074479,12:20:58.209,5.8000,110
44458209075039,12:20:58.209,5.8000,111
44458209079378,12:20:58.209,5.8000,28
44549093591421,12:22:29.093,5.8000,100
44549093618712,12:22:29.093,5.8000,100
44549093909593,12:22:29.093,5.8000,100
44658991548905,12:24:18.991,5.8100,100
44658991781003,12:24:18.991,5.8100,100
44884377792341,12:28:04.377,5.7900,300
45082026938665,12:31:22.026,5.7900,100
45144870044161,12:32:24.870,5.7900,100
45391234977774,12:36:31.234,5.7700,100
45391235016922,12:36:31.235,5.7700,100
45476982754789,12:37:56.982,5.7600,200
45585829102435,12:39:45.829,5.7700,100
45710909201383,12:41:50.909,5.7700,100
45710909201383,12:41:50.909,5.7700,100
45710909201383,12:41:50.909,5.7700,74
45880195902073,12:44:40.195,5.7600,100
45929418726523,12:45:29.418,5.7600,100
46121248794082,12:48:41.248,5.7700,100
46121248794082,12:48:41.248,5.7700,100
46189937939527,12:49:49.937,5.7600,100
46189937939527,12:49:49.937,5.7600,90
46272808805830,12:51:12.808,5.7600,300
46554193284734,12:55:54.193,5.7500,100
46554193284734,12:55:54.193,5.7500,100
46717238618045,12:58:37.238,5.7500,200
46893680758859,13:01:33.680,5.7600,200
47004884948347,13:03:24.884,5.7700,100
47004926980891,13:03:24.926,5.7500,100
47024077380746,13:03:44.077,5.7500,100
47143776467314,13:05:43.776,5.7500,5
47352415758210,13:09:12.415,5.7600,100
47352415758210,13:09:12.415,5.7600,100
47473599438129,13:11:13.599,5.7700,100
48040950928677,13:20:40.950,5.7700,100
48196557424322,13:23:16.557,5.7500,100
48197058015669,13:23:17.058,5.7400,132
48249436551274,13:24:09.436,5.7300,100
48249437941619,13:24:09.437,5.7200,100
48249445310179,13:24:09.445,5.7200,100
48470921087850,13:27:50.921,5.7300,100
48470921092431,13:27:50.921,5.7300,100
48470921092431,13:27:50.921,5.7300,100
48586096557994,13:29:46.096,5.7400,300
48936050944789,13:35:36.050,5.7500,100
49073673696173,13:37:53.673,5.7500,30
49073673696173,13:37:53.673,5.7500,70
49073701171703,13:37:53.701,5.7500,18
49361485078146,13:42:41.485,5.7500,36
49361485078146,13:42:41.485,5.7500,200
49994427124887,13:53:14.427,5.7600,200
49994427238369,13:53:14.427,5.7600,152
49994427250899,13:53:14.427,5.7600,48
49994427252485,13:53:14.427,5.7600,45
50271693293661,13:57:51.693,5.7600,100
50271693293661,13:57:51.693,5.7600,100
50409760011615,14:00:09.760,5.7700,100
50411559590121,14:00:11.559,5.7700,200
50411559590121,14:00:11.559,5.7700,100
50411643730284,14:00:11.643,5.7700,100
50413054303755,14:00:13.054,5.7700,125
50413054324031,14:00:13.054,5.7700,75
50418542085037,14:00:18.542,5.7700,100
50681779241279,14:04:41.779,5.7800,100
50681779471372,14:04:41.779,5.7800,18
50681779473741,14:04:41.779,5.7800,400
50681779474345,14:04:41.779,5.7800,256
50681779475772,14:04:41.779,5.7800,82
50681779482765,14:04:41.779,5.7800,6
50681779651384,14:04:41.779,5.7800,43
50681779651384,14:04:41.779,5.7800,80
50682200416596,14:04:42.200,5.7800,200
50682200416596,14:04:42.200,5.7800,97
50682200909251,14:04:42.200,5.7700,3
50682201279332,14:04:42.201,5.7700,97
50682201279332,14:04:42.201,5.7700,8
50682274197368,14:04:42.274,5.7800,100
50721348240915,14:05:21.348,5.7800,300
50721370625424,14:05:21.370,5.7900,200
50721390904159,14:05:21.390,5.8000,300
50721472466861,14:05:21.472,5.8000,600
50721472466861,14:05:21.472,5.8100,400
50721476988285,14:05:21.476,5.8100,300
50721483743787,14:05:21.483,5.8100,10
50721483830817,14:05:21.483,5.8100,100
50721484290163,14:05:21.484,5.8100,90
50722777048511,14:05:22.777,5.8100,10
50722777048511,14:05:22.777,5.8100,45
50722777048511,14:05:22.777,5.8100,400
50722777048511,14:05:22.777,5.8100,35
50722777048511,14:05:22.777,5.8100,10
50734452903910,14:05:34.452,5.8000,100
50832872153462,14:07:12.872,5.7900,17
50967795957162,14:09:27.795,5.7900,100
50976589121988,14:09:36.589,5.7800,100
50983761956969,14:09:43.761,5.7700,82
50983761957525,14:09:43.761,5.7700,18
50983761957525,14:09:43.761,5.7700,294
50983761964252,14:09:43.761,5.7700,6
50983761964252,14:09:43.761,5.7700,58
50983761966848,14:09:43.761,5.7700,63
50983761968259,14:09:43.761,5.7700,79
51041608054751,14:10:41.608,5.7500,300
51083199806838,14:11:23.199,5.7700,200
51083200090814,14:11:23.200,5.7700,79
51083200092085,14:11:23.200,5.7700,5
51083200102208,14:11:23.200,5.7700,16
51340040312561,14:15:40.040,5.7800,94
51340040377736,14:15:40.040,5.7800,6
51340040377736,14:15:40.040,5.7800,100
51340041525686,14:15:40.041,5.7800,100
51340058693179,14:15:40.058,5.7700,500
51340060296449,14:15:40.060,5.7700,100
51340089333019,14:15:40.089,5.7600,300
51340089333019,14:15:40.089,5.7600,100
51382473781377,14:16:22.473,5.7700,500
51644068844418,14:20:44.068,5.7600,200
51717051570757,14:21:57.051,5.7700,100
51949850173926,14:25:49.850,5.7600,100
52115725092222,14:28:35.725,5.7500,100
52406232756016,14:33:26.232,5.7600,100
52406232865312,14:33:26.232,5.7600,300
52406232865312,14:33:26.232,5.7600,76
52406232865312,14:33:26.232,5.7600,100
52406232984302,14:33:26.232,5.7600,54
52406232999043,14:33:26.232,5.7600,46
52406233049345,14:33:26.233,5.7600,100
52454620164083,14:34:14.620,5.7600,100
52454994993748,14:34:14.994,5.7600,200
52454994993748,14:34:14.994,5.7600,100
52532514117935,14:35:32.514,5.7400,700
52532514117935,14:35:32.514,5.7400,100
52532514117935,14:35:32.514,5.7400,100
52532514117935,14:35:32.514,5.7400,100
52537523807913,14:35:37.523,5.7300,1000
52537523807913,14:35:37.523,5.7300,100
52537523807913,14:35:37.523,5.7300,100
52537523807913,14:35:37.523,5.7300,100
52537531228997,14:35:37.531,5.7200,200
52537531228997,14:35:37.531,5.7200,100
52537532513461,14:35:37.532,5.7200,100
52556061150724,14:35:56.061,5.7100,200
52608801931664,14:36:48.801,5.7000,200
52610545166230,14:36:50.545,5.7000,300
52641954153129,14:37:21.954,5.7000,300
52728237571408,14:38:48.237,5.7100,100
52728237691397,14:38:48.237,5.7100,200
52728237691397,14:38:48.237,5.7100,50
52728237715397,14:38:48.237,5.7100,24
52728237741602,14:38:48.237,5.7100,26
52745432382817,14:39:05.432,5.7200,100
52761603053827,14:39:21.603,5.7100,100
52860218566847,14:41:00.218,5.7200,300
52860218566847,14:41:00.218,5.7200,100
53091857411321,14:44:51.857,5.7300,100
53096039757251,14:44:56.039,5.7200,22
53096039770789,14:44:56.039,5.7200,75
53096039776613,14:44:56.039,5.7200,85
53096039790492,14:44:56.039,5.7200,18
53096040393584,14:44:56.040,5.7200,100
53122769580770,14:45:22.769,5.7000,200
53164970581444,14:46:04.970,5.7000,300
53216241682988,14:46:56.241,5.7200,200
53216241917945,14:46:56.241,5.7200,100
53216247165747,14:46:56.247,5.7200,100
53217828354154,14:46:57.828,5.7200,100
53388260959171,14:49:48.260,5.7000,100
53438331721519,14:50:38.331,5.7000,2
53438331721519,14:50:38.331,5.7000,98
53438331844389,14:50:38.331,5.7000,2
53479745875935,14:51:19.745,5.6950,100
53479746375943,14:51:19.746,5.6950,178
53529053344478,14:52:09.053,5.7000,300
53529054632891,14:52:09.054,5.7000,100
53529054632891,14:52:09.054,5.7000,100
53529054632891,14:52:09.054,5.7000,200
53602051412383,14:53:22.051,5.7000,200
53602051412383,14:53:22.051,5.7000,300
53602052162976,14:53:22.052,5.7000,100
53675072048692,14:54:35.072,5.7000,100
53675072048692,14:54:35.072,5.7000,100
53751494748769,14:55:51.494,5.7000,100
53751496034250,14:55:51.496,5.7000,600
53751496034250,14:55:51.496,5.7000,100
53752158351327,14:55:52.158,5.7000,600
53752158351327,14:55:52.158,5.7000,200
53756049010817,14:55:56.049,5.7000,200
53816124440155,14:56:56.124,5.6900,300
53816124484513,14:56:56.124,5.6900,200
53816124484513,14:56:56.124,5.6900,100
53816125750172,14:56:56.125,5.6800,100
53821233533981,14:57:01.233,5.6700,300
53857079144335,14:57:37.079,5.6700,100
53857079144335,14:57:37.079,5.6700,100
53857080673524,14:57:37.080,5.6700,200
53973330143723,14:59:33.330,5.6900,23
53987726653612,14:59:47.726,5.6800,100
53987727412899,14:59:47.727,5.6800,500
53987727412899,14:59:47.727,5.6800,100
53987727412899,14:59:47.727,5.6800,100
53987727412899,14:59:47.727,5.6800,100
53987727412899,14:59:47.727,5.6800,800
53987727412899,14:59:47.727,5.6800,100
53987727412899,14:59:47.727,5.6800,200
53987727412899,14:59:47.727,5.6800,100
53987727491088,14:59:47.727,5.6800,100
54161889414196,15:02:41.889,5.6850,2
54209374726755,15:03:29.374,5.6800,200
54209374726755,15:03:29.374,5.6800,135
54222292403124,15:03:42.292,5.6700,100
54222292403124,15:03:42.292,5.6700,100
54222843028712,15:03:42.843,5.6650,100
54223343037613,15:03:43.343,5.6650,100
54223844043506,15:03:43.844,5.6650,100
54230638293066,15:03:50.638,5.6600,400
54230638293066,15:03:50.638,5.6600,2
54230638293066,15:03:50.638,5.6600,98
54230639200274,15:03:50.639,5.6700,300
54230639249908,15:03:50.639,5.6700,100
54230639505007,15:03:50.639,5.6600,171
54254097560633,15:04:14.097,5.6500,100
54254099561484,15:04:14.099,5.6400,300
54254099561484,15:04:14.099,5.6400,100
54254100710845,15:04:14.100,5.6400,100
54254106842168,15:04:14.106,5.6400,100
54254126524479,15:04:14.126,5.6400,100
54254126524479,15:04:14.126,5.6400,300
54254126524479,15:04:14.126,5.6400,100
54277228100762,15:04:37.228,5.6400,100
54277228411038,15:04:37.228,5.6400,300
54385894132731,15:06:25.894,5.6400,100
54385894132731,15:06:25.894,5.6400,50
54511365357562,15:08:31.365,5.6100,100
54511365357562,15:08:31.365,5.6100,2
54511365357562,15:08:31.365,5.6100,98
54511365422781,15:08:31.365,5.6100,2
54531549605314,15:08:51.549,5.6200,100
54698864279438,15:11:38.864,5.6300,20
54735664871579,15:12:15.664,5.6200,100
54771398464592,15:12:51.398,5.6300,80
54771398464592,15:12:51.398,5.6300,20
54771398473713,15:12:51.398,5.6300,100
54771398557512,15:12:51.398,5.6300,80
54822103502383,15:13:42.103,5.6300,100
54822103502383,15:13:42.103,5.6300,100
54822103502383,15:13:42.103,5.6300,100
54936435055061,15:15:36.435,5.6300,100
55066265891882,15:17:46.265,5.6300,100
55108634711465,15:18:28.634,5.6300,300
55330156726477,15:22:10.156,5.6300,100
55330156726477,15:22:10.156,5.6300,100
55385455257149,15:23:05.455,5.6300,58
55524153975921,15:25:24.153,5.6200,100
55524239608858,15:25:24.239,5.6200,100
55817738698334,15:30:17.738,5.6200,1000
55817738698334,15:30:17.738,5.6200,100
55817738698334,15:30:17.738,5.6200,200
55817738698334,15:30:17.738,5.6200,100
55817738698334,15:30:17.738,5.6200,75
55817738698334,15:30:17.738,5.6200,425
55817738933437,15:30:17.738,5.6200,51
55817738939004,15:30:17.738,5.6200,24
55817738939004,15:30:17.738,5.6200,51
55817738942264,15:30:17.738,5.6200,49
55817738942264,15:30:17.738,5.6200,26
55817738948057,15:30:17.738,5.6200,24
55817738994410,15:30:17.738,5.6200,50
55817739145569,15:30:17.739,5.6200,50
55817739145569,15:30:17.739,5.6200,25
55817739786103,15:30:17.739,5.6200,100
55817739786103,15:30:17.739,5.6200,100
55897265258594,15:31:37.265,5.6100,100
55897265258594,15:31:37.265,5.6100,100
55898252113570,15:31:38.252,5.6100,69
55898252113570,15:31:38.252,5.6100,200
55898252113570,15:31:38.252,5.6100,500
55901469715071,15:31:41.469,5.6150,100
56092882394591,15:34:52.882,5.6100,100
56093850471964,15:34:53.850,5.6100,400
56093850471964,15:34:53.850,5.6100,100
56093850471964,15:34:53.850,5.6100,100
56093850541271,15:34:53.850,5.6100,100
56114713999974,15:35:14.713,5.6050,400
56114713999974,15:35:14.713,5.6000,500
56114713999974,15:35:14.713,5.6000,2100
56114713999974,15:35:14.713,5.6000,60
56114713999974,15:35:14.713,5.6000,100
56121461276762,15:35:21.461,5.6000,400
56137516370137,15:35:37.516,5.5950,100
56234593932090,15:37:14.593,5.5900,18
56234593932090,15:37:14.593,5.5900,300
56234765403849,15:37:14.765,5.5800,1
56234765403849,15:37:14.765,5.5800,99
56234776280759,15:37:14.776,5.5800,700
56234776280759,15:37:14.776,5.5800,300
56234776280759,15:37:14.776,5.5800,700
56234776280759,15:37:14.776,5.5800,100
56234776370037,15:37:14.776,5.5800,100
56353954502559,15:39:13.954,5.5900,100
56353954502559,15:39:13.954,5.5900,600
56353954581120,15:39:13.954,5.5900,100
56353954581120,15:39:13.954,5.5900,100
56353954581120,15:39:13.954,5.5900,100
56396947861659,15:39:56.947,5.6000,500
56418069694896,15:40:18.069,5.6000,100
56435197923997,15:40:35.197,5.6000,100
56435197923997,15:40:35.197,5.6000,400
56483123825133,15:41:23.123,5.6000,700
56483124058493,15:41:23.124,5.6000,50
56483124071203,15:41:23.124,5.6000,50
56491127024693,15:41:31.127,5.6000,900
56491152086909,15:41:31.152,5.5900,500
56491821587530,15:41:31.821,5.5900,5
56495623432813,15:41:35.623,5.5900,95
56495623432813,15:41:35.623,5.5900,100
56495623432813,15:41:35.623,5.5900,100
56495623432813,15:41:35.623,5.5900,505
56593911766540,15:43:13.911,5.5900,100
56593911766540,15:43:13.911,5.5900,100
56593911766540,15:43:13.911,5.5900,100
56681571898174,15:44:41.571,5.5800,100
56681572133548,15:44:41.572,5.5800,98
56681936849946,15:44:41.936,5.5800,3
56701730575371,15:45:01.730,5.5800,100
56701730624332,15:45:01.730,5.5800,100
56701730624332,15:45:01.730,5.5800,100
56713457485023,15:45:13.457,5.5800,8
56713457485023,15:45:13.457,5.5800,92
56773393610283,15:46:13.393,5.5800,100
56773533038141,15:46:13.533,5.5700,100
56778718882890,15:46:18.718,5.5700,400
56809135453260,15:46:49.135,5.5700,100
56809135453260,15:46:49.135,5.5700,100
56987644132356,15:49:47.644,5.5800,100
56987644132356,15:49:47.644,5.5800,100
56987644132356,15:49:47.644,5.5800,100
56987644364598,15:49:47.644,5.5800,49
56987644391353,15:49:47.644,5.5800,50
56987644392595,15:49:47.644,5.5800,1
56987644392595,15:49:47.644,5.5800,48
56987644673281,15:49:47.644,5.5800,50
56987644936597,15:49:47.644,5.5800,2
56987644936597,15:49:47.644,5.5800,100
57095169611614,15:51:35.169,5.5900,100
57095169611614,15:51:35.169,5.5900,100
57095169611614,15:51:35.169,5.5900,600
57095169611614,15:51:35.169,5.5900,100
57095169611614,15:51:35.169,5.5900,100
57173288171057,15:52:53.288,5.5800,100
57184099268925,15:53:04.099,5.5800,600
57184099268925,15:53:04.099,5.5800,100
57184099268925,15:53:04.099,5.5800,100
57184099268925,15:53:04.099,5.5800,100
57184099268925,15:53:04.099,5.5800,100
57184099268925,15:53:04.099,5.5800,100
57184100045583,15:53:04.100,5.5800,100
57184100519488,15:53:04.100,5.5800,33
57270734061618,15:54:30.734,5.5800,100
57270734294076,15:54:30.734,5.5800,100
57270734294621,15:54:30.734,5.5800,100
57270734294621,15:54:30.734,5.5800,49
57270734295318,15:54:30.734,5.5800,28
57270734302736,15:54:30.734,5.5800,23
57301244205817,15:55:01.244,5.5800,100
57317430817965,15:55:17.430,5.5850,400
57317430817965,15:55:17.430,5.5800,300
57317462505837,15:55:17.462,5.5800,600
57317462505837,15:55:17.462,5.5800,200
57317462505837,15:55:17.462,5.5800,300
57324012061767,15:55:24.012,5.5850,100
57346154307543,15:55:46.154,5.5850,100
57375075524561,15:56:15.075,5.5900,200
57390786590113,15:56:30.786,5.5850,100
57390786590113,15:56:30.786,5.5850,100
57409138253816,15:56:49.138,5.5900,400
57409138253816,15:56:49.138,5.5900,100
57409138253816,15:56:49.138,5.5900,100
57409138253816,15:56:49.138,5.5900,100
57409138253816,15:56:49.138,5.5900,100
57409138253816,15:56:49.138,5.5900,100
57409138253816,15:56:49.138,5.5900,100
57409138253816,15:56:49.138,5.5900,300
57450771214883,15:57:30.771,5.6000,200
57508410784596,15:58:28.410,5.6000,100
57508410784596,15:58:28.410,5.6000,100
57513601417221,15:58:33.601,5.6000,300
57513601417221,15:58:33.601,5.6000,100
57523917379795,15:58:43.917,5.6050,100
57530273603374,15:58:50.273,5.6050,100
57530273603374,15:58:50.273,5.6100,134
57550106979649,15:59:10.106,5.6100,166
57550106979649,15:59:10.106,5.6100,100
57550106979649,15:59:10.106,5.6100,100
57550106979649,15:59:10.106,5.6100,100
57550123347415,15:59:10.123,5.6100,100
57550482637192,15:59:10.482,5.6100,200
57554873724795,15:59:14.873,5.6150,100
57554873724795,15:59:14.873,5.6100,160
57566682977750,15:59:26.682,5.6150,100
57567437022888,15:59:27.437,5.6150,100
57567446474592,15:59:27.446,5.6100,500
57567446474592,15:59:27.446,5.6100,400
57567446474592,15:59:27.446,5.6100,200
57575762104315,15:59:35.762,5.6100,26
57582222815936,15:59:42.222,5.6050,100
57583483451238,15:59:43.483,5.6100,74
57583483451238,15:59:43.483,5.6100,26
57583537758206,15:59:43.537,5.6100,12
57600561325007,16:00:00.561,0.0000,0
58296616880170,16:11:36.616,5.6000,3
58296616880170,16:11:36.616,5.6000,2
58348553368200,16:12:28.553,5.6000,25
58568078918193,16:16:08.078,5.6000,75
58568082356745,16:16:08.082,5.5600,1
63235044997328,17:33:55.044,5.6400,100
64466475890443,17:54:26.475,5.6400,10
65827402375979,18:17:07.402,5.6500,65
