timestamp,time,price,volume
31897981909716,08:51:37.981,7.1100,29
31897981909716,08:51:37.981,7.1200,100
34200728358136,09:30:00.728,7.0000,13403
34202843226095,09:30:02.843,7.0000,300
34214617692250,09:30:14.617,7.0000,100
34260554061514,09:31:00.554,7.0000,100
34260554842998,09:31:00.554,7.0000,200
34260554842998,09:31:00.554,7.0000,500
34260554842998,09:31:00.554,6.9900,100
34260554842998,09:31:00.554,6.9900,100
34261554972025,09:31:01.554,6.9800,100
34261554972025,09:31:01.554,6.9800,100
34261554972025,09:31:01.554,6.9800,100
34261558241171,09:31:01.558,6.9800,100
34261558241171,09:31:01.558,6.9800,300
34263750484768,09:31:03.750,6.9800,100
34263754258428,09:31:03.754,6.9800,100
34265601807159,09:31:05.601,6.9600,30
34265601807159,09:31:05.601,6.9600,70
34283187825095,09:31:23.187,6.9600,100
34284158005094,09:31:24.158,6.9600,130
34284158005094,09:31:24.158,6.9600,70
34291962293728,09:31:31.962,6.9800,100
34295102725098,09:31:35.102,6.9600,300
34326115497257,09:32:06.115,6.9600,630
34326116303019,09:32:06.116,6.9500,596
34326116303019,09:32:06.116,6.9500,100
34330052644271,09:32:10.052,6.9400,100
34371222142718,09:32:51.222,6.9500,100
34371222142718,09:32:51.222,6.9500,100
34410279437421,09:33:30.279,6.9600,100
34410279437421,09:33:30.279,6.9600,100
34410279437421,09:33:30.279,6.9600,200
34410279437421,09:33:30.279,6.9600,100
34414967734966,09:33:34.967,6.9600,100
34417913265834,09:33:37.913,6.9600,100
34417913265834,09:33:37.913,6.9600,100
34417913265834,09:33:37.913,6.9600,100
34426791820621,09:33:46.791,6.9600,200
34426791820621,09:33:46.791,6.9600,100
34426791820621,09:33:46.791,6.9600,100
34445592036785,09:34:05.592,6.9700,100
34445592036785,09:34:05.592,6.9700,100
34445592036785,09:34:05.592,6.9700,100
34484173800712,09:34:44.173,6.9600,100
34484173800712,09:34:44.173,6.9600,100
34484173800712,09:34:44.173,6.9600,100
34484173800712,09:34:44.173,6.9600,100
34484173800712,09:34:44.173,6.9600,463
34484173800712,09:34:44.173,6.9600,100
34485906240126,09:34:45.906,6.9500,397
34485906269084,09:34:45.906,6.9500,303
34485906269084,09:34:45.906,6.9500,42
34485906647791,09:34:45.906,6.9500,58
34485906647791,09:34:45.906,6.9500,200
34485906647791,09:34:45.906,6.9500,100
34489211285047,09:34:49.211,6.9450,100
34489211285047,09:34:49.211,6.9400,200
34502438542458,09:35:02.438,6.9500,100
34502438542458,09:35:02.438,6.9500,400
34502438631680,09:35:02.438,6.9500,500
34502438631680,09:35:02.438,6.9500,900
34502471072418,09:35:02.471,6.9500,100
34502472310905,09:35:02.472,6.9500,200
34526540270121,09:35:26.540,6.9400,100
34550931221294,09:35:50.931,6.9400,100
34578525503966,09:36:18.525,6.9400,100
34601048482539,09:36:41.048,6.9500,300
34601048482539,09:36:41.048,6.9500,200
34601048577257,09:36:41.048,6.9600,500
34601048577257,09:36:41.048,6.9600,100
34616311275645,09:36:56.311,6.9600,100
34616311275645,09:36:56.311,6.9600,500
34616311275645,09:36:56.311,6.9600,100
34616311275645,09:36:56.311,6.9600,100
34730439184418,09:38:50.439,6.9700,300
34826761115058,09:40:26.761,6.9600,100
34826761115058,09:40:26.761,6.9600,100
34826761115058,09:40:26.761,6.9600,100
34826761115058,09:40:26.761,6.9600,100
34826761115058,09:40:26.761,6.9600,100
34826761115058,09:40:26.761,6.9600,100
34826761533415,09:40:26.761,6.9500,472
34830106420956,09:40:30.106,6.9500,100
34860118314120,09:41:00.118,6.9500,100
34874116001325,09:41:14.116,6.9500,100
34936130073996,09:42:16.130,6.9500,100
34940071050814,09:42:20.071,6.9500,100
34969841395037,09:42:49.841,6.9500,100
34977744068865,09:42:57.744,6.9500,100
34977744068865,09:42:57.744,6.9500,100
34977744068865,09:42:57.744,6.9500,100
34977744068865,09:42:57.744,6.9500,312
34977744068865,09:42:57.744,6.9500,88
34977744109032,09:42:57.744,6.9500,12
34998099209432,09:43:18.099,6.9450,100
35015691334182,09:43:35.691,6.9450,200
35015691334182,09:43:35.691,6.9500,100
35015691334182,09:43:35.691,6.9500,100
35015691781078,09:43:35.691,6.9500,110
35015691781078,09:43:35.691,6.9500,100
35015702474130,09:43:35.702,6.9500,100
35015702474130,09:43:35.702,6.9500,100
35128389234617,09:45:28.389,6.9400,75
35138214177122,09:45:38.214,6.9400,100
35195278415762,09:46:35.278,6.9400,525
35195278415762,09:46:35.278,6.9400,100
35195278415762,09:46:35.278,6.9400,100
35195278415762,09:46:35.278,6.9400,100
35195278415762,09:46:35.278,6.9400,75
35195278618603,09:46:35.278,6.9400,25
35195278618603,09:46:35.278,6.9400,100
35195279112262,09:46:35.279,6.9400,100
35195279687450,09:46:35.279,6.9400,16
35195279774641,09:46:35.279,6.9400,84
35195279774641,09:46:35.279,6.9400,16
35195279894380,09:46:35.279,6.9400,84
35195279894380,09:46:35.279,6.9400,16
35195279938769,09:46:35.279,6.9400,84
35196556494053,09:46:36.556,6.9300,100
35196556518528,09:46:36.556,6.9300,2
35199554388444,09:46:39.554,6.9300,98
35199554388444,09:46:39.554,6.9300,2
35199567868257,09:46:39.567,6.9300,300
35207976666261,09:46:47.976,6.9200,2
35207984434267,09:46:47.984,6.9200,200
35208008238321,09:46:48.008,6.9200,100
35208499154800,09:46:48.499,6.9200,100
35208499189981,09:46:48.499,6.9200,598
35208499189981,09:46:48.499,6.9200,100
35208499189981,09:46:48.499,6.9200,100
35212795570816,09:46:52.795,6.9200,100
35212795570816,09:46:52.795,6.9200,100
35212795570816,09:46:52.795,6.9200,100
35216536436565,09:46:56.536,6.9200,100
35216536436565,09:46:56.536,6.9200,100
35217103645203,09:46:57.103,6.9200,100
35220566807777,09:47:00.566,6.9250,100
35220568302359,09:47:00.568,6.9300,100
35220568302359,09:47:00.568,6.9300,100
35220568302359,09:47:00.568,6.9300,500
35220568302359,09:47:00.568,6.9300,200
35220568302359,09:47:00.568,6.9300,600
35220569183605,09:47:00.569,6.9400,100
35220569183605,09:47:00.569,6.9400,100
35220569601978,09:47:00.569,6.9400,100
35266441684816,09:47:46.441,6.9300,100
35266441684816,09:47:46.441,6.9300,100
35266441684816,09:47:46.441,6.9300,600
35266441684816,09:47:46.441,6.9300,200
35266441684816,09:47:46.441,6.9300,100
35268972986798,09:47:48.972,6.9200,100
35287406574917,09:48:07.406,6.9200,100
35287593530334,09:48:07.593,6.9200,100
35300717760045,09:48:20.717,6.9250,100
35375791726006,09:49:35.791,6.9200,100
35451586275656,09:50:51.586,6.9200,100
35451586275656,09:50:51.586,6.9200,100
35494102200310,09:51:34.102,6.9200,100
35535697033346,09:52:15.697,6.9200,100
35578175522594,09:52:58.175,6.9200,87
35578175522594,09:52:58.175,6.9200,13
35678518276563,09:54:38.518,6.9200,100
35678518276563,09:54:38.518,6.9200,100
35678518276563,09:54:38.518,6.9200,100
35678518276563,09:54:38.518,6.9200,200
35678518276563,09:54:38.518,6.9200,100
35678518276563,09:54:38.518,6.9200,100
35678518276563,09:54:38.518,6.9200,100
35678518276563,09:54:38.518,6.9200,100
35678518276563,09:54:38.518,6.9200,100
35678518533866,09:54:38.518,6.9200,100
35682895759623,09:54:42.895,6.9100,100
35756948527843,09:55:56.948,6.9100,100
35756948527843,09:55:56.948,6.9100,100
35756948527843,09:55:56.948,6.9100,100
35756948527843,09:55:56.948,6.9100,1000
35756948527843,09:55:56.948,6.9100,100
35756948527843,09:55:56.948,6.9100,100
35756948527843,09:55:56.948,6.9100,200
35756948676355,09:55:56.948,6.9100,800
35756949126652,09:55:56.949,6.9100,100
35756966731313,09:55:56.966,6.9100,300
35757019802926,09:55:57.019,6.9100,100
35757019802926,09:55:57.019,6.9100,100
35757019802926,09:55:57.019,6.9100,100
35757019802926,09:55:57.019,6.9100,200
35757019802926,09:55:57.019,6.9100,600
35757020139625,09:55:57.020,6.9100,200
35757046447468,09:55:57.046,6.9100,800
35757046447468,09:55:57.046,6.9100,200
35757053031460,09:55:57.053,6.9100,200
35757053031460,09:55:57.053,6.9100,100
35757053031460,09:55:57.053,6.9100,100
35757053031460,09:55:57.053,6.9100,600
35757053031460,09:55:57.053,6.9100,100
35757056127795,09:55:57.056,6.9000,200
35757069843873,09:55:57.069,6.9000,1800
35757069843873,09:55:57.069,6.9000,50
35757069843873,09:55:57.069,6.9000,100
35757069843873,09:55:57.069,6.9000,400
35757069843873,09:55:57.069,6.9000,100
35757069843873,09:55:57.069,6.9000,100
35757069843873,09:55:57.069,6.9000,900
35757069843873,09:55:57.069,6.9000,50
35757071043631,09:55:57.071,6.9000,50
35757071043631,09:55:57.071,6.9000,100
35757071043631,09:55:57.071,6.9000,150
35757071043631,09:55:57.071,6.9000,100
35757071043631,09:55:57.071,6.9000,200
35757071043631,09:55:57.071,6.9000,100
35757071043631,09:55:57.071,6.9000,100
35757071147251,09:55:57.071,6.9000,100
35757071147251,09:55:57.071,6.9000,100
35757071171735,09:55:57.071,6.9000,100
35757073006166,09:55:57.073,6.9000,200
35757073241555,09:55:57.073,6.9000,200
35757073241555,09:55:57.073,6.9000,100
35757073241555,09:55:57.073,6.9000,200
35757073241555,09:55:57.073,6.9000,100
35757073241555,09:55:57.073,6.9000,500
35757629055769,09:55:57.629,6.9000,100
35757629055769,09:55:57.629,6.9000,200
35757629055769,09:55:57.629,6.9000,100
35757629055769,09:55:57.629,6.9000,500
35757629055769,09:55:57.629,6.9000,100
35757629055769,09:55:57.629,6.9000,1000
35757680311363,09:55:57.680,6.9000,1000
35757680311363,09:55:57.680,6.9000,713
35802008599028,09:56:42.008,6.9100,46
35804365748525,09:56:44.365,6.9100,154
35804365748525,09:56:44.365,6.9100,100
35804365748525,09:56:44.365,6.9100,100
35804365748525,09:56:44.365,6.9100,100
35804365748525,09:56:44.365,6.9100,201
35804365748525,09:56:44.365,6.9100,400
35804365748525,09:56:44.365,6.9100,500
35804365748525,09:56:44.365,6.9100,145
35925999975956,09:58:45.999,6.9100,55
35925999975956,09:58:45.999,6.9100,100
35925999975956,09:58:45.999,6.9100,200
35925999975956,09:58:45.999,6.9100,500
35925999975956,09:58:45.999,6.9100,200
35925999975956,09:58:45.999,6.9100,100
35926000126213,09:58:46.000,6.9100,1000
35926000126213,09:58:46.000,6.9100,500
35926000126213,09:58:46.000,6.9100,800
35926000126213,09:58:46.000,6.9100,100
35926000126213,09:58:46.000,6.9100,600
35926003107500,09:58:46.003,6.9100,100
35926007394594,09:58:46.007,6.9100,100
35926107452360,09:58:46.107,6.9100,100
35926107452360,09:58:46.107,6.9100,500
35926107452360,09:58:46.107,6.9100,100
35941527450899,09:59:01.527,6.9000,100
35941527450899,09:59:01.527,6.9000,1000
35941527450899,09:59:01.527,6.9000,100
35941527450899,09:59:01.527,6.9000,100
35941527450899,09:59:01.527,6.9000,700
35941527450899,09:59:01.527,6.9000,200
35941527450899,09:59:01.527,6.9000,100
35941527450899,09:59:01.527,6.9000,287
35941527450899,09:59:01.527,6.9000,100
35941527450899,09:59:01.527,6.9000,100
35941527450899,09:59:01.527,6.9000,100
35941527450899,09:59:01.527,6.9000,13
35941527565353,09:59:01.527,6.9000,182
35941527654554,09:59:01.527,6.9000,105
35941527654554,09:59:01.527,6.9000,100
35941527654554,09:59:01.527,6.9000,100
35941527903159,09:59:01.527,6.9000,100
35941527917649,09:59:01.527,6.9000,100
35941528183027,09:59:01.528,6.9000,400
35948119960666,09:59:08.119,6.8950,200
35948122399759,09:59:08.122,6.8950,260
35948133705219,09:59:08.133,6.8900,100
35948133705219,09:59:08.133,6.8900,100
35948133705219,09:59:08.133,6.8900,100
35948133705219,09:59:08.133,6.8900,300
35948133705219,09:59:08.133,6.8900,200
35948133705219,09:59:08.133,6.8900,400
35948133705219,09:59:08.133,6.8900,680
35948133776525,09:59:08.133,6.8900,289
35948133912928,09:59:08.133,6.8900,31
35948898166583,09:59:08.898,6.8900,100
35963643456960,09:59:23.643,6.8850,100
35988234964219,09:59:48.234,6.8850,240
35988234964219,09:59:48.234,6.8850,160
35988234964219,09:59:48.234,6.8800,353
36150889039895,10:02:30.889,6.8900,100
36150889039895,10:02:30.889,6.8900,100
36150889039895,10:02:30.889,6.8900,100
36150889039895,10:02:30.889,6.8900,406
36150889039895,10:02:30.889,6.8900,100
36150889039895,10:02:30.889,6.8900,600
36150889039895,10:02:30.889,6.8900,100
36150889039895,10:02:30.889,6.8900,100
36150889039895,10:02:30.889,6.8900,100
36150889039895,10:02:30.889,6.8900,100
36319372358214,10:05:19.372,6.9000,100
36319372358214,10:05:19.372,6.9000,100
36319372358214,10:05:19.372,6.9000,200
36319372358214,10:05:19.372,6.9000,100
36319372358214,10:05:19.372,6.9000,200
36319372358214,10:05:19.372,6.9000,100
36319372358214,10:05:19.372,6.9000,100
36319372358214,10:05:19.372,6.9000,100
36319372481924,10:05:19.372,6.9000,900
36319401160137,10:05:19.401,6.9000,1100
36319401160137,10:05:19.401,6.9000,700
36319401160137,10:05:19.401,6.9000,1000
36319401160137,10:05:19.401,6.9000,100
36319401160137,10:05:19.401,6.9000,100
36319401160137,10:05:19.401,6.9000,200
36319401160137,10:05:19.401,6.9000,100
36324452994431,10:05:24.452,6.9000,100
36324453646493,10:05:24.453,6.9000,100
36470413003279,10:07:50.413,6.9050,100
36470989000584,10:07:50.989,6.9050,100
36563914469392,10:09:23.914,6.9000,200
36563914469392,10:09:23.914,6.9000,100
36563914469392,10:09:23.914,6.9000,500
36563914469392,10:09:23.914,6.9000,100
36563914469392,10:09:23.914,6.9000,100
36563914469392,10:09:23.914,6.9000,100
36563914469392,10:09:23.914,6.9000,400
36563914469392,10:09:23.914,6.9000,100
36563914469392,10:09:23.914,6.9000,600
36563914695776,10:09:23.914,6.9000,100
36563914798668,10:09:23.914,6.9000,100
36563914798668,10:09:23.914,6.9000,900
36610105322020,10:10:10.105,6.8900,200
36610105322020,10:10:10.105,6.8900,8500
36610105322020,10:10:10.105,6.8900,100
36610105322020,10:10:10.105,6.8900,100
36610105322020,10:10:10.105,6.8900,100
36610105322020,10:10:10.105,6.8900,1200
36610105624361,10:10:10.105,6.8900,100
36610105624361,10:10:10.105,6.8900,100
36610105732382,10:10:10.105,6.8900,200
36610105756966,10:10:10.105,6.8900,179
36610105803733,10:10:10.105,6.8900,100
36610119668440,10:10:10.119,6.8800,2647
36610119668440,10:10:10.119,6.8800,278
36610119668440,10:10:10.119,6.8800,100
36610119668440,10:10:10.119,6.8800,300
36610119668440,10:10:10.119,6.8800,449
36610119726090,10:10:10.119,6.8800,5
36610119741056,10:10:10.119,6.8800,683
36610119795248,10:10:10.119,6.8800,3
36610119801436,10:10:10.119,6.8800,360
36610119801436,10:10:10.119,6.8800,100
36610119801436,10:10:10.119,6.8800,100
36610119801436,10:10:10.119,6.8800,100
36610119801436,10:10:10.119,6.8800,3
36610119897478,10:10:10.119,6.8800,97
36610122706105,10:10:10.122,6.8750,100
36610122706105,10:10:10.122,6.8800,100
36610122706105,10:10:10.122,6.8800,200
36610122706105,10:10:10.122,6.8800,100
36610122706105,10:10:10.122,6.8800,1700
36610122706105,10:10:10.122,6.8800,100
36610122706105,10:10:10.122,6.8800,1000
36610122706105,10:10:10.122,6.8800,625
36610148211627,10:10:10.148,6.8800,375
36610148211627,10:10:10.148,6.8800,200
36610148211627,10:10:10.148,6.8800,100
36610148211627,10:10:10.148,6.8800,100
36610148211627,10:10:10.148,6.8800,400
36610148211627,10:10:10.148,6.8800,100
36610148211627,10:10:10.148,6.8800,125
36610149317402,10:10:10.149,6.8800,75
36610149317402,10:10:10.149,6.8800,100
36610155052980,10:10:10.155,6.8800,57
36610155052980,10:10:10.155,6.8800,100
36610918802966,10:10:10.918,6.8900,100
36698979257227,10:11:38.979,6.8850,100
36900405906436,10:15:00.405,6.8800,700
36900416714833,10:15:00.416,6.8800,100
36900416714833,10:15:00.416,6.8800,100
36900416714833,10:15:00.416,6.8800,100
36900416714833,10:15:00.416,6.8800,300
36900416805596,10:15:00.416,6.8800,1
36900888570394,10:15:00.888,6.8800,100
36900888570394,10:15:00.888,6.8800,200
36907558837351,10:15:07.558,6.8800,10
36907558837351,10:15:07.558,6.8800,100
36907558837351,10:15:07.558,6.8800,100
36907558837351,10:15:07.558,6.8800,100
36907560022147,10:15:07.560,6.8750,295
36907562271863,10:15:07.562,6.8750,300
36907563527302,10:15:07.563,6.8800,800
36908215878778,10:15:08.215,6.8800,100
36909701200904,10:15:09.701,6.8850,100
36919504119722,10:15:19.504,6.8850,200
36925312354289,10:15:25.312,6.8800,200
36925312354289,10:15:25.312,6.8800,200
36925312354289,10:15:25.312,6.8800,200
36925312354289,10:15:25.312,6.8800,100
36925312354289,10:15:25.312,6.8800,300
36925312354289,10:15:25.312,6.8800,100
36925312354289,10:15:25.312,6.8800,200
36925312550506,10:15:25.312,6.8800,500
36925348292187,10:15:25.348,6.8800,100
36950481375260,10:15:50.481,6.8750,100
36954166239373,10:15:54.166,6.8800,100
36954166736117,10:15:54.166,6.8800,300
36977583272465,10:16:17.583,6.8900,200
36977583272465,10:16:17.583,6.8900,100
36977583272465,10:16:17.583,6.8900,100
36977583272465,10:16:17.583,6.8900,100
36977583272465,10:16:17.583,6.8900,3000
36977583396720,10:16:17.583,6.8900,100
36977583396720,10:16:17.583,6.8900,174
36977583402332,10:16:17.583,6.8900,526
36977583402332,10:16:17.583,6.8900,274
36977593569731,10:16:17.593,6.8900,100
36977593698390,10:16:17.593,6.8900,60
36977657780605,10:16:17.657,6.8900,100
36977657780605,10:16:17.657,6.8900,200
36977661825232,10:16:17.661,6.8900,200
36977661825232,10:16:17.661,6.8900,100
36977661825232,10:16:17.661,6.8900,400
36978381376603,10:16:18.381,6.8900,100
36978381376603,10:16:18.381,6.8900,200
36978381376603,10:16:18.381,6.8900,24
36978381713506,10:16:18.381,6.8900,100
36978381751497,10:16:18.381,6.8900,100
36978382006973,10:16:18.382,6.8900,100
36978382127469,10:16:18.382,6.8900,100
36978436986876,10:16:18.436,6.8900,200
36978459661844,10:16:18.459,6.8900,400
36978459735849,10:16:18.459,6.8900,400
36978459795724,10:16:18.459,6.8900,200
36978459828569,10:16:18.459,6.8900,200
36978460211036,10:16:18.460,6.8900,100
36978460211036,10:16:18.460,6.8900,100
37150986315042,10:19:10.986,6.8900,200
37150986315042,10:19:10.986,6.8900,100
37150986315042,10:19:10.986,6.8900,100
37151005173089,10:19:11.005,6.9000,100
37151005173089,10:19:11.005,6.9000,100
37151005173089,10:19:11.005,6.9000,200
37151005173089,10:19:11.005,6.9000,250
37151133166484,10:19:11.133,6.9050,300
37151135495183,10:19:11.135,6.9000,200
37151135495183,10:19:11.135,6.9000,100
37151135495183,10:19:11.135,6.9000,100
37151135495183,10:19:11.135,6.9000,100
37209469835005,10:20:09.469,6.9000,100
37209469835005,10:20:09.469,6.9000,100
37209469835005,10:20:09.469,6.9000,300
37209469835005,10:20:09.469,6.9000,100
37212544616019,10:20:12.544,6.9100,200
37212544616019,10:20:12.544,6.9100,100
37212544616019,10:20:12.544,6.9100,100
37212544616019,10:20:12.544,6.9100,100
37212544616019,10:20:12.544,6.9100,100
37217030165206,10:20:17.030,6.9200,100
37217030165206,10:20:17.030,6.9200,100
37217030165206,10:20:17.030,6.9200,200
37217030165206,10:20:17.030,6.9200,400
37217030165206,10:20:17.030,6.9200,100
37217030231519,10:20:17.030,6.9200,200
37217535071156,10:20:17.535,6.9250,100
37262643537131,10:21:02.643,6.9200,1000
37262643990430,10:21:02.643,6.9200,32
37262644282597,10:21:02.644,6.9200,68
37263219742122,10:21:03.219,6.9100,100
37266869071563,10:21:06.869,6.9100,200
37301306066074,10:21:41.306,6.9000,1100
37301306066074,10:21:41.306,6.9000,100
37301306066074,10:21:41.306,6.9000,200
37301306066074,10:21:41.306,6.9000,100
37301341496218,10:21:41.341,6.9000,200
37301341496218,10:21:41.341,6.9000,700
37301341496218,10:21:41.341,6.9000,300
37301341496218,10:21:41.341,6.9000,100
37381198426745,10:23:01.198,6.9000,200
37381198426745,10:23:01.198,6.9000,100
37381198426745,10:23:01.198,6.9000,100
37381198426745,10:23:01.198,6.9000,100
37381198426745,10:23:01.198,6.9000,100
37381198426745,10:23:01.198,6.9000,100
37381198426745,10:23:01.198,6.9000,1100
37381198584725,10:23:01.198,6.9000,700
37381198584725,10:23:01.198,6.9000,100
37381198584725,10:23:01.198,6.9000,1000
37381198584725,10:23:01.198,6.9000,200
37381198584725,10:23:01.198,6.9000,100
37381198584725,10:23:01.198,6.9000,100
37381198584725,10:23:01.198,6.9000,1000
37381198584725,10:23:01.198,6.9000,1000
37381198584725,10:23:01.198,6.9000,300
37381198833162,10:23:01.198,6.9000,1000
37381198833162,10:23:01.198,6.9000,400
37381198833162,10:23:01.198,6.9000,100
37381199208668,10:23:01.199,6.9000,319
37407506590407,10:23:27.506,6.9000,100
37407506590407,10:23:27.506,6.9000,200
37407506590407,10:23:27.506,6.9000,100
37408499730847,10:23:28.499,6.9000,100
37408499730847,10:23:28.499,6.9000,200
37408499730847,10:23:28.499,6.9000,100
37501413713098,10:25:01.413,6.8900,100
37573136315532,10:26:13.136,6.8900,100
37573136315532,10:26:13.136,6.8900,100
37573136315532,10:26:13.136,6.8900,100
37573136315532,10:26:13.136,6.8900,500
37573136315532,10:26:13.136,6.8900,100
37573136315532,10:26:13.136,6.8900,100
37573136315532,10:26:13.136,6.8900,200
37573136315532,10:26:13.136,6.8900,500
37604291105066,10:26:44.291,6.8900,100
37604291105066,10:26:44.291,6.8900,100
37604291105066,10:26:44.291,6.8900,100
37604291105066,10:26:44.291,6.8900,500
37604291105066,10:26:44.291,6.8900,100
37604291105066,10:26:44.291,6.8900,200
37604291105066,10:26:44.291,6.8900,600
37618175841855,10:26:58.175,6.8900,100
37638858997608,10:27:18.858,6.8900,200
37638858997608,10:27:18.858,6.8900,100
37638858997608,10:27:18.858,6.8900,100
37638858997608,10:27:18.858,6.8900,300
37638858997608,10:27:18.858,6.8900,900
37638858997608,10:27:18.858,6.8900,300
37639176971079,10:27:19.176,6.8950,100
37639176971079,10:27:19.176,6.8950,240
37639176971079,10:27:19.176,6.9000,60
37686305890180,10:28:06.305,6.8900,100
37687191734823,10:28:07.191,6.8950,100
37704632855575,10:28:24.632,6.8900,100
37704632855575,10:28:24.632,6.8900,100
37704632855575,10:28:24.632,6.8900,100
37704632855575,10:28:24.632,6.8900,100
37705135299302,10:28:25.135,6.8900,100
37705135299302,10:28:25.135,6.8900,200
37708507720842,10:28:28.507,6.8900,900
37708507720842,10:28:28.507,6.8900,100
37708507720842,10:28:28.507,6.8900,400
37708507720842,10:28:28.507,6.8900,200
37708507720842,10:28:28.507,6.8900,100
37708507720842,10:28:28.507,6.8900,200
37708507720842,10:28:28.507,6.8900,300
37708507720842,10:28:28.507,6.8900,100
37708507720842,10:28:28.507,6.8900,100
37709192912752,10:28:29.192,6.8950,100
37709192912752,10:28:29.192,6.9000,300
37807190484864,10:30:07.190,6.8950,300
37812238073199,10:30:12.238,6.8950,100
37847161973680,10:30:47.161,6.8950,100
37847163126200,10:30:47.163,6.8950,100
37915240426002,10:31:55.240,6.8900,100
37915240426002,10:31:55.240,6.8900,100
37915240426002,10:31:55.240,6.8900,100
37915240426002,10:31:55.240,6.8900,100
37915240426002,10:31:55.240,6.8900,200
37915240426002,10:31:55.240,6.8900,100
37915240426002,10:31:55.240,6.8900,100
37945192043437,10:32:25.192,6.8900,100
37945192043437,10:32:25.192,6.8900,100
37945192043437,10:32:25.192,6.8900,100
38116351411917,10:35:16.351,6.8850,100
38125172167661,10:35:25.172,6.8900,100
38125172167661,10:35:25.172,6.8900,100
38125172167661,10:35:25.172,6.8900,300
38125172167661,10:35:25.172,6.8900,100
38125172167661,10:35:25.172,6.8900,100
38125172167661,10:35:25.172,6.8900,400
38125172555878,10:35:25.172,6.8900,200
38125172555878,10:35:25.172,6.8900,900
38185190918144,10:36:25.190,6.8950,400
38333191025248,10:38:53.191,6.8950,300
38334242888432,10:38:54.242,6.8900,100
38335247161323,10:38:55.247,6.8900,100
38336242939524,10:38:56.242,6.8900,200
38337816046253,10:38:57.816,6.8900,100
38337816046253,10:38:57.816,6.8900,300
38337816046253,10:38:57.816,6.8900,300
38337816046253,10:38:57.816,6.8900,100
38337816046253,10:38:57.816,6.8900,100
38337816046253,10:38:57.816,6.8900,100
38337816046253,10:38:57.816,6.8900,100
38337816046253,10:38:57.816,6.8900,100
38337816046253,10:38:57.816,6.8900,100
38337816046253,10:38:57.816,6.8900,100
38337826751953,10:38:57.826,6.8900,200
38337826751953,10:38:57.826,6.8900,200
38337826751953,10:38:57.826,6.8900,100
38338190593268,10:38:58.190,6.8950,500
38338240986329,10:38:58.240,6.8900,100
38338240986329,10:38:58.240,6.8900,600
38338240986329,10:38:58.240,6.8900,100
38338246485117,10:38:58.246,6.8900,389
38338346114525,10:38:58.346,6.8900,11
38338346114525,10:38:58.346,6.8900,189
38338491873203,10:38:58.491,6.8900,200
38338873781886,10:38:58.873,6.8900,100
38339190627774,10:38:59.190,6.8950,320
38339190627774,10:38:59.190,6.8950,180
38339241888882,10:38:59.241,6.8900,100
38339241888882,10:38:59.241,6.8900,200
38339241888882,10:38:59.241,6.8900,300
38339241888882,10:38:59.241,6.8900,200
38339747868672,10:38:59.747,6.8900,200
38339747868672,10:38:59.747,6.8900,200
38339747868672,10:38:59.747,6.8900,100
38340243893038,10:39:00.243,6.8900,200
38340243893038,10:39:00.243,6.8900,200
38340735636772,10:39:00.735,6.8900,200
38340735636772,10:39:00.735,6.8900,100
38341596578185,10:39:01.596,6.8900,200
38468507335246,10:41:08.507,6.8800,200
38468507335246,10:41:08.507,6.8800,100
38468507335246,10:41:08.507,6.8800,86
38468507369290,10:41:08.507,6.8800,14
38468507369290,10:41:08.507,6.8800,100
38468507369290,10:41:08.507,6.8800,500
38468507369290,10:41:08.507,6.8800,146
38468508418118,10:41:08.508,6.8700,100
38468508418118,10:41:08.508,6.8700,100
38468508418118,10:41:08.508,6.8700,100
38468508555964,10:41:08.508,6.8700,1000
38468508555964,10:41:08.508,6.8700,200
38468508555964,10:41:08.508,6.8700,100
38468508555964,10:41:08.508,6.8700,100
38468508555964,10:41:08.508,6.8700,700
38468508665845,10:41:08.508,6.8700,100
38484642709661,10:41:24.642,6.8750,100
38551239908117,10:42:31.239,6.8800,100
38551239908117,10:42:31.239,6.8800,200
38551239908117,10:42:31.239,6.8800,100
38551239908117,10:42:31.239,6.8800,300
38551239908117,10:42:31.239,6.8800,100
38551239908117,10:42:31.239,6.8800,600
38616177915027,10:43:36.177,6.8800,100
38616177915027,10:43:36.177,6.8800,100
38616177915027,10:43:36.177,6.8800,200
38616177915027,10:43:36.177,6.8800,300
38616177915027,10:43:36.177,6.8800,100
38616177915027,10:43:36.177,6.8800,3
38616177915027,10:43:36.177,6.8800,200
38616177915027,10:43:36.177,6.8800,300
38690788844316,10:44:50.788,6.8800,100
38690788844316,10:44:50.788,6.8800,100
38690788844316,10:44:50.788,6.8800,100
38690788844316,10:44:50.788,6.8800,100
38690788844316,10:44:50.788,6.8800,100
38690788844316,10:44:50.788,6.8800,200
38690789860817,10:44:50.789,6.8800,100
38690789860817,10:44:50.789,6.8800,100
38790473046898,10:46:30.473,6.8800,900
38790473046898,10:46:30.473,6.8800,200
38790473046898,10:46:30.473,6.8800,100
38790473046898,10:46:30.473,6.8800,100
38790473046898,10:46:30.473,6.8800,100
38790473046898,10:46:30.473,6.8800,600
38790473046898,10:46:30.473,6.8800,100
38790473046898,10:46:30.473,6.8800,100
38790473046898,10:46:30.473,6.8800,200
38790473046898,10:46:30.473,6.8800,100
38790473401394,10:46:30.473,6.8800,100
38790473401394,10:46:30.473,6.8800,100
38828732429271,10:47:08.732,6.8800,100
38859693146686,10:47:39.693,6.8800,100
38859693146686,10:47:39.693,6.8800,100
38859693146686,10:47:39.693,6.8800,300
38995298439846,10:49:55.298,6.8800,100
38995298439846,10:49:55.298,6.8800,100
38995298439846,10:49:55.298,6.8800,100
38995298439846,10:49:55.298,6.8800,500
38995298439846,10:49:55.298,6.8800,100
38995315191180,10:49:55.315,6.8800,300
39121041472700,10:52:01.041,6.8800,300
39121042162253,10:52:01.042,6.8800,100
39121042162253,10:52:01.042,6.8800,100
39121042162253,10:52:01.042,6.8800,100
39121042162253,10:52:01.042,6.8800,300
39121042162253,10:52:01.042,6.8800,100
39121042162253,10:52:01.042,6.8800,100
39121042162253,10:52:01.042,6.8800,100
39121042162253,10:52:01.042,6.8800,100
39146262429633,10:52:26.262,6.8800,1000
39146262429633,10:52:26.262,6.8800,100
39146262429633,10:52:26.262,6.8800,200
39146262429633,10:52:26.262,6.8800,100
39146262429633,10:52:26.262,6.8800,200
39146262429633,10:52:26.262,6.8800,300
39146262429633,10:52:26.262,6.8800,100
39146262429633,10:52:26.262,6.8800,100
39225266252631,10:53:45.266,6.8800,200
39225266252631,10:53:45.266,6.8800,100
39225266252631,10:53:45.266,6.8800,100
39232088846288,10:53:52.088,6.8800,400
39232088846288,10:53:52.088,6.8800,100
39232088846288,10:53:52.088,6.8800,100
39232088846288,10:53:52.088,6.8800,100
39233125428935,10:53:53.125,6.8800,100
39264518243071,10:54:24.518,6.8700,200
39264518243071,10:54:24.518,6.8700,100
39264518243071,10:54:24.518,6.8700,100
39264518243071,10:54:24.518,6.8700,100
39264518243071,10:54:24.518,6.8700,100
39264987738553,10:54:24.987,6.8700,600
39264987738553,10:54:24.987,6.8700,100
39264987738553,10:54:24.987,6.8700,100
39299442893370,10:54:59.442,6.8700,100
39299442893370,10:54:59.442,6.8700,100
39299442893370,10:54:59.442,6.8700,100
39299442893370,10:54:59.442,6.8700,300
39315122157385,10:55:15.122,6.8700,100
39339049148186,10:55:39.049,6.8800,200
39339049148186,10:55:39.049,6.8800,100
39400464868445,10:56:40.464,6.8800,100
39400464868445,10:56:40.464,6.8800,100
39400464868445,10:56:40.464,6.8800,100
39400464868445,10:56:40.464,6.8800,900
39400511014850,10:56:40.511,6.8800,200
39400511014850,10:56:40.511,6.8800,400
39427224875669,10:57:07.224,6.8800,100
39427224875669,10:57:07.224,6.8800,100
39429221822726,10:57:09.221,6.8800,100
39429221822726,10:57:09.221,6.8800,100
39430222774061,10:57:10.222,6.8800,200
39431036005788,10:57:11.036,6.8800,100
39431586004129,10:57:11.586,6.8750,600
39638850955145,11:00:38.850,6.8700,300
39639647196953,11:00:39.647,6.8700,100
39639647196953,11:00:39.647,6.8700,100
39639647196953,11:00:39.647,6.8700,100
39639647902449,11:00:39.647,6.8700,4500
39639647951505,11:00:39.647,6.8700,100
39639647951505,11:00:39.647,6.8700,100
39663392954796,11:01:03.392,6.8700,100
39663392954796,11:01:03.392,6.8700,100
39663392954796,11:01:03.392,6.8700,3
39672896388719,11:01:12.896,6.8700,100
39672896388719,11:01:12.896,6.8700,100
39672896388719,11:01:12.896,6.8700,100
39672896388719,11:01:12.896,6.8700,600
39672896388719,11:01:12.896,6.8700,400
39672896388719,11:01:12.896,6.8700,100
39672896388719,11:01:12.896,6.8700,700
39672896533186,11:01:12.896,6.8700,800
39672896533186,11:01:12.896,6.8700,400
39672896533186,11:01:12.896,6.8700,1000
39672896533186,11:01:12.896,6.8700,200
39672896533186,11:01:12.896,6.8700,100
39672896533186,11:01:12.896,6.8700,200
39718839096642,11:01:58.839,6.8700,200
39720089453548,11:02:00.089,6.8700,200
39721020824592,11:02:01.020,6.8700,300
39721920287591,11:02:01.920,6.8700,300
39722686085872,11:02:02.686,6.8700,100
39722686085872,11:02:02.686,6.8700,200
39723130679205,11:02:03.130,6.8700,200
39723130679205,11:02:03.130,6.8700,100
39723855978297,11:02:03.855,6.8700,100
39723855978297,11:02:03.855,6.8700,100
39724366715677,11:02:04.366,6.8700,200
39724366715677,11:02:04.366,6.8700,100
39724366715677,11:02:04.366,6.8700,200
39724366715677,11:02:04.366,6.8700,100
39724859632687,11:02:04.859,6.8700,200
39724859632687,11:02:04.859,6.8700,100
39725537927546,11:02:05.537,6.8700,300
39726059196424,11:02:06.059,6.8700,100
39726059196424,11:02:06.059,6.8700,200
39726550579849,11:02:06.550,6.8700,200
39726550579849,11:02:06.550,6.8700,100
39727037763996,11:02:07.037,6.8700,100
39727534973665,11:02:07.534,6.8700,100
39727534973665,11:02:07.534,6.8700,200
39728030485267,11:02:08.030,6.8700,300
39740058599640,11:02:20.058,6.8700,400
39740058599640,11:02:20.058,6.8700,200
39740058599640,11:02:20.058,6.8700,200
39740058599640,11:02:20.058,6.8700,100
39740058599640,11:02:20.058,6.8700,100
39740058599640,11:02:20.058,6.8700,200
39740058599640,11:02:20.058,6.8700,100
39743344760572,11:02:23.344,6.8700,500
39743344760572,11:02:23.344,6.8700,200
39743344760572,11:02:23.344,6.8700,100
39743344760572,11:02:23.344,6.8700,100
39743344760572,11:02:23.344,6.8700,200
39743344760572,11:02:23.344,6.8700,200
39749609760823,11:02:29.609,6.8700,100
39749609760823,11:02:29.609,6.8700,100
39749609760823,11:02:29.609,6.8700,100
39749610107490,11:02:29.610,6.8700,100
39844327276474,11:04:04.327,6.8700,100
39844327276474,11:04:04.327,6.8700,100
39844327276474,11:04:04.327,6.8700,200
39844327276474,11:04:04.327,6.8700,100
39844327276474,11:04:04.327,6.8700,200
39846399851697,11:04:06.399,6.8700,200
39846399851697,11:04:06.399,6.8700,100
39846400231037,11:04:06.400,6.8700,100
39848426471480,11:04:08.426,6.8800,100
39848426471480,11:04:08.426,6.8800,100
39848426471480,11:04:08.426,6.8800,100
39941319220586,11:05:41.319,6.8800,300
39941319220586,11:05:41.319,6.8800,5000
39941319220586,11:05:41.319,6.8800,600
39941319220586,11:05:41.319,6.8800,100
39941319816019,11:05:41.319,6.8800,100
39941319816019,11:05:41.319,6.8800,100
39941319816019,11:05:41.319,6.8800,100
39941319816019,11:05:41.319,6.8800,26
39941319816019,11:05:41.319,6.8800,1374
39941319816019,11:05:41.319,6.8800,300
39941319816019,11:05:41.319,6.8800,200
39941319816019,11:05:41.319,6.8800,100
39941320136957,11:05:41.320,6.8800,100
39941320189632,11:05:41.320,6.8800,100
39941320226948,11:05:41.320,6.8800,100
39941320625096,11:05:41.320,6.8800,100
39945414697858,11:05:45.414,6.8900,100
39945414697858,11:05:45.414,6.8900,100
39945414697858,11:05:45.414,6.8900,100
39945414697858,11:05:45.414,6.8900,100
39945414697858,11:05:45.414,6.8900,300
39945414697858,11:05:45.414,6.8900,200
39945414697858,11:05:45.414,6.8900,600
39948456698490,11:05:48.456,6.8900,100
39948456698490,11:05:48.456,6.8900,100
39948456698490,11:05:48.456,6.8900,300
39948456821759,11:05:48.456,6.8900,100
39948465717883,11:05:48.465,6.8900,100
39948465717883,11:05:48.465,6.8900,100
39948465717883,11:05:48.465,6.8900,100
39948637404414,11:05:48.637,6.8900,100
39948875549880,11:05:48.875,6.9000,200
39950515003306,11:05:50.515,6.9100,100
39950515003306,11:05:50.515,6.9100,200
39950515387555,11:05:50.515,6.9100,200
39951394644055,11:05:51.394,6.9200,200
39951394644055,11:05:51.394,6.9200,100
39951394644055,11:05:51.394,6.9200,100
39951394644055,11:05:51.394,6.9200,100
39953403270739,11:05:53.403,6.9200,100
39954474558815,11:05:54.474,6.9200,100
39954474558815,11:05:54.474,6.9200,100
39957722143034,11:05:57.722,6.9300,57
39957971285102,11:05:57.971,6.9400,100
39957971285102,11:05:57.971,6.9400,100
39957971285102,11:05:57.971,6.9400,100
39958639241952,11:05:58.639,6.9400,100
39965014850863,11:06:05.014,6.9400,100
39965014850863,11:06:05.014,6.9400,100
39965014850863,11:06:05.014,6.9400,100
39965611645945,11:06:05.611,6.9350,100
39965611645945,11:06:05.611,6.9350,200
39965612072943,11:06:05.612,6.9300,100
39965612072943,11:06:05.612,6.9300,100
39965612072943,11:06:05.612,6.9300,100
39965612072943,11:06:05.612,6.9300,100
39965612390043,11:06:05.612,6.9300,100
39965612390043,11:06:05.612,6.9300,100
39965612390043,11:06:05.612,6.9300,552
39965612401827,11:06:05.612,6.9300,448
39965612560519,11:06:05.612,6.9300,200
39965612560519,11:06:05.612,6.9300,100
39965612560519,11:06:05.612,6.9300,700
39965612560519,11:06:05.612,6.9300,1000
39965612560519,11:06:05.612,6.9300,200
39985547495783,11:06:25.547,6.9200,20
39985547495783,11:06:25.547,6.9200,100
39985547495783,11:06:25.547,6.9200,200
39986304461358,11:06:26.304,6.9200,200
39986304461358,11:06:26.304,6.9200,500
39986304461358,11:06:26.304,6.9200,100
39986304461358,11:06:26.304,6.9200,100
39986304461358,11:06:26.304,6.9200,100
39999470934660,11:06:39.470,6.9100,200
39999470934660,11:06:39.470,6.9100,100
39999470934660,11:06:39.470,6.9100,200
39999471019546,11:06:39.471,6.9100,100
39999471019546,11:06:39.471,6.9100,100
39999471021447,11:06:39.471,6.9100,219
39999471078836,11:06:39.471,6.9100,100
39999471815896,11:06:39.471,6.9100,600
39999471815896,11:06:39.471,6.9100,100
39999471815896,11:06:39.471,6.9100,1000
39999471815896,11:06:39.471,6.9100,200
39999471815896,11:06:39.471,6.9100,100
39999471815896,11:06:39.471,6.9100,100
39999471815896,11:06:39.471,6.9100,100
40024315800739,11:07:04.315,6.9100,1100
40024315800739,11:07:04.315,6.9100,100
40024315800739,11:07:04.315,6.9100,100
40024315800739,11:07:04.315,6.9100,200
40024315800739,11:07:04.315,6.9100,100
40024315800739,11:07:04.315,6.9100,100
40116935859248,11:08:36.935,6.9000,100
40116935859248,11:08:36.935,6.9000,200
40116935859248,11:08:36.935,6.9000,100
40116936298758,11:08:36.936,6.9000,100
40118486185274,11:08:38.486,6.9000,200
40118486185274,11:08:38.486,6.9000,100
40121436772974,11:08:41.436,6.8950,196
40130121021838,11:08:50.121,6.9000,100
40130121021838,11:08:50.121,6.9000,400
40146397695894,11:09:06.397,6.9000,100
40146397695894,11:09:06.397,6.9000,100
40146397695894,11:09:06.397,6.9000,200
40146397695894,11:09:06.397,6.9000,700
40146397695894,11:09:06.397,6.9000,1700
40298943622394,11:11:38.943,6.9000,100
40308871473711,11:11:48.871,6.9000,100
40308871473711,11:11:48.871,6.9000,300
40310008455580,11:11:50.008,6.9000,500
40310009148756,11:11:50.009,6.9000,100
40310009148756,11:11:50.009,6.9000,100
40310009148756,11:11:50.009,6.9000,100
40583758324181,11:16:23.758,6.9000,200
40583758324181,11:16:23.758,6.9000,100
40583758324181,11:16:23.758,6.9000,100
40583758324181,11:16:23.758,6.9000,100
40583758324181,11:16:23.758,6.9000,100
40583758324181,11:16:23.758,6.9000,3
40583758324181,11:16:23.758,6.9000,100
40583758324181,11:16:23.758,6.9000,300
40583758324181,11:16:23.758,6.9000,100
40583758324181,11:16:23.758,6.9000,100
40619970011443,11:16:59.970,6.9100,100
40619970011443,11:16:59.970,6.9100,100
40619970011443,11:16:59.970,6.9100,100
40684467248195,11:18:04.467,6.9200,100
40686993808245,11:18:06.993,6.9200,200
40686993832897,11:18:06.993,6.9200,100
40686993832897,11:18:06.993,6.9200,100
40771656980479,11:19:31.656,6.9250,200
40771656980479,11:19:31.656,6.9200,200
40771656980479,11:19:31.656,6.9200,100
40771656980479,11:19:31.656,6.9200,14
40915444356208,11:21:55.444,6.9300,100
40915444356208,11:21:55.444,6.9300,200
40915444356208,11:21:55.444,6.9300,100
40915444356208,11:21:55.444,6.9300,200
40976876732311,11:22:56.876,6.9400,100
40976876732311,11:22:56.876,6.9400,100
40976876732311,11:22:56.876,6.9400,100
40976876732311,11:22:56.876,6.9400,200
40976876732311,11:22:56.876,6.9400,200
40976876732311,11:22:56.876,6.9400,400
40980654848193,11:23:00.654,6.9400,567
40981479263687,11:23:01.479,6.9400,100
40981479263687,11:23:01.479,6.9400,200
40981479263687,11:23:01.479,6.9400,100
40981479263687,11:23:01.479,6.9400,400
41001879292434,11:23:21.879,6.9500,100
41001930375165,11:23:21.930,6.9600,113
41001930377936,11:23:21.930,6.9600,387
41001930377936,11:23:21.930,6.9600,100
41096420023524,11:24:56.420,6.9600,700
41096420023524,11:24:56.420,6.9600,100
41096420023524,11:24:56.420,6.9600,100
41096476774355,11:24:56.476,6.9550,100
41247220658387,11:27:27.220,6.9500,100
41247220658387,11:27:27.220,6.9500,100
41247220658387,11:27:27.220,6.9500,300
41247477714827,11:27:27.477,6.9500,100
41247477714827,11:27:27.477,6.9500,100
41247477714827,11:27:27.477,6.9500,100
41247477714827,11:27:27.477,6.9500,100
41247477714827,11:27:27.477,6.9500,100
41248221399563,11:27:28.221,6.9500,100
41248221407695,11:27:28.221,6.9500,100
41252517282405,11:27:32.517,6.9500,100
41477069263927,11:31:17.069,6.9400,100
41477069263927,11:31:17.069,6.9400,100
41477076552977,11:31:17.076,6.9400,300
41477076552977,11:31:17.076,6.9400,100
41477076552977,11:31:17.076,6.9400,100
41477076552977,11:31:17.076,6.9400,100
41477076552977,11:31:17.076,6.9400,100
41477076704200,11:31:17.076,6.9400,100
41477076760475,11:31:17.076,6.9400,400
41516538296460,11:31:56.538,6.9400,700
41516538296460,11:31:56.538,6.9400,200
41516538296460,11:31:56.538,6.9400,100
41516538296460,11:31:56.538,6.9400,100
41516538296460,11:31:56.538,6.9400,400
41540816410207,11:32:20.816,6.9400,100
41541971365211,11:32:21.971,6.9400,300
41542479259020,11:32:22.479,6.9400,700
41550618431466,11:32:30.618,6.9400,200
41550618431466,11:32:30.618,6.9400,1000
41581185475559,11:33:01.185,6.9400,1000
41581185475559,11:33:01.185,6.9400,100
41581185475559,11:33:01.185,6.9400,100
41581185475559,11:33:01.185,6.9400,200
41581185475559,11:33:01.185,6.9400,400
41581185655939,11:33:01.185,6.9400,100
41581185677429,11:33:01.185,6.9400,100
41612976625032,11:33:32.976,6.9400,200
41612976625032,11:33:32.976,6.9400,100
41612976625032,11:33:32.976,6.9400,100
41614008416665,11:33:34.008,6.9400,400
41615879197475,11:33:35.879,6.9400,100
41617068865926,11:33:37.068,6.9400,400
41618126252665,11:33:38.126,6.9400,100
41618126252665,11:33:38.126,6.9400,73
41618126252665,11:33:38.126,6.9400,100
41618126252665,11:33:38.126,6.9400,100
41618126252665,11:33:38.126,6.9400,100
41618126252665,11:33:38.126,6.9400,127
41618144591670,11:33:38.144,6.9400,100
41618928016771,11:33:38.928,6.9400,100
41618928016771,11:33:38.928,6.9400,100
41618928016771,11:33:38.928,6.9400,100
41618928016771,11:33:38.928,6.9400,100
41618928016771,11:33:38.928,6.9400,100
41629485272235,11:33:49.485,6.9300,200
41629485272235,11:33:49.485,6.9300,100
41629485272235,11:33:49.485,6.9300,100
41629485272235,11:33:49.485,6.9300,300
41630050589330,11:33:50.050,6.9300,300
41633638318207,11:33:53.638,6.9300,800
41634787543051,11:33:54.787,6.9300,700
41634787543051,11:33:54.787,6.9300,200
41634787543051,11:33:54.787,6.9300,300
41635480975535,11:33:55.480,6.9300,100
41635480975535,11:33:55.480,6.9300,100
41635480975535,11:33:55.480,6.9300,100
41635480975535,11:33:55.480,6.9300,100
41635796823963,11:33:55.796,6.9300,100
41635796823963,11:33:55.796,6.9300,100
41635796823963,11:33:55.796,6.9300,100
41635796823963,11:33:55.796,6.9300,100
41635796823963,11:33:55.796,6.9300,100
41635796823963,11:33:55.796,6.9300,100
41682274775287,11:34:42.274,6.9300,100
41682274775287,11:34:42.274,6.9300,100
41682274775287,11:34:42.274,6.9300,3
41701581435691,11:35:01.581,6.9400,500
42271864978833,11:44:31.864,6.9400,900
42271864978833,11:44:31.864,6.9400,100
42271864978833,11:44:31.864,6.9400,200
42271864978833,11:44:31.864,6.9400,400
42271864978833,11:44:31.864,6.9400,100
42271864978833,11:44:31.864,6.9400,100
42271864978833,11:44:31.864,6.9400,100
42271864978833,11:44:31.864,6.9400,300
42271864978833,11:44:31.864,6.9400,100
42271864978833,11:44:31.864,6.9400,100
42271864978833,11:44:31.864,6.9400,600
42271866235152,11:44:31.866,6.9400,100
42271866235152,11:44:31.866,6.9400,100
42271869750020,11:44:31.869,6.9400,100
42271869750020,11:44:31.869,6.9400,100
42271869750020,11:44:31.869,6.9400,200
42271869750020,11:44:31.869,6.9400,90
42271910321079,11:44:31.910,6.9400,10
42271910321079,11:44:31.910,6.9400,400
42271910321079,11:44:31.910,6.9400,390
42271913251465,11:44:31.913,6.9400,10
42271933921104,11:44:31.933,6.9300,100
42271933921104,11:44:31.933,6.9300,200
42271933935949,11:44:31.933,6.9300,1600
42271934058286,11:44:31.934,6.9300,900
42271934058286,11:44:31.934,6.9300,200
42271934058286,11:44:31.934,6.9300,100
42271934058286,11:44:31.934,6.9300,1000
42272154384056,11:44:32.154,6.9300,100
42272154384056,11:44:32.154,6.9300,1000
42272154384056,11:44:32.154,6.9300,555
42272154384056,11:44:32.154,6.9300,100
42272154384056,11:44:32.154,6.9300,100
42272154384056,11:44:32.154,6.9300,600
42272154384056,11:44:32.154,6.9300,100
42272154384056,11:44:32.154,6.9300,500
42272154384056,11:44:32.154,6.9300,345
42272156350714,11:44:32.156,6.9300,55
42272156350714,11:44:32.156,6.9300,200
42272156350714,11:44:32.156,6.9300,100
42272156350714,11:44:32.156,6.9300,245
42272199104750,11:44:32.199,6.9300,100
42272199104750,11:44:32.199,6.9300,200
42272199104750,11:44:32.199,6.9300,200
42272199104750,11:44:32.199,6.9300,200
42272199104750,11:44:32.199,6.9300,100
42272199232523,11:44:32.199,6.9300,900
42272223384262,11:44:32.223,6.9300,100
42272223384262,11:44:32.223,6.9300,100
42272223384262,11:44:32.223,6.9300,600
42272223384262,11:44:32.223,6.9300,100
42272223384262,11:44:32.223,6.9300,100
42272223384262,11:44:32.223,6.9300,200
42272223934347,11:44:32.223,6.9300,100
42272227898099,11:44:32.227,6.9300,200
42272227898099,11:44:32.227,6.9300,100
42272227898099,11:44:32.227,6.9300,100
42272484977638,11:44:32.484,6.9300,200
42272484977638,11:44:32.484,6.9300,100
42272484977638,11:44:32.484,6.9300,100
42272484977638,11:44:32.484,6.9300,200
42272484977638,11:44:32.484,6.9300,400
42315128735656,11:45:15.128,6.9400,200
42315128735656,11:45:15.128,6.9400,100
42315128735656,11:45:15.128,6.9400,100
42315128735656,11:45:15.128,6.9400,100
42315128735656,11:45:15.128,6.9400,1
42315128735656,11:45:15.128,6.9400,341
42315128748620,11:45:15.128,6.9400,59
42315128748620,11:45:15.128,6.9400,100
42315128748620,11:45:15.128,6.9400,300
42315128748620,11:45:15.128,6.9400,100
42347798577293,11:45:47.798,6.9400,500
42352710475703,11:45:52.710,6.9400,100
42352710475703,11:45:52.710,6.9400,200
42352710475703,11:45:52.710,6.9400,100
42352710475703,11:45:52.710,6.9400,100
42352710475703,11:45:52.710,6.9400,200
42902927285985,11:55:02.927,6.9300,100
42902927285985,11:55:02.927,6.9300,200
42903480085459,11:55:03.480,6.9300,500
42903480428423,11:55:03.480,6.9300,300
42903480428423,11:55:03.480,6.9300,100
42903480428423,11:55:03.480,6.9300,800
42903480428423,11:55:03.480,6.9300,200
42903480562182,11:55:03.480,6.9300,1100
42903480562182,11:55:03.480,6.9300,1000
42903480562182,11:55:03.480,6.9300,600
42903480562182,11:55:03.480,6.9300,100
42903480562182,11:55:03.480,6.9300,200
42903480562182,11:55:03.480,6.9300,1000
42903480562182,11:55:03.480,6.9300,100
42903480562182,11:55:03.480,6.9300,300
42903480562182,11:55:03.480,6.9300,1000
42903480940717,11:55:03.480,6.9300,100
42903480940717,11:55:03.480,6.9300,200
42904486419158,11:55:04.486,6.9300,1000
42904486419158,11:55:04.486,6.9300,200
42922100467826,11:55:22.100,6.9300,200
42922100467826,11:55:22.100,6.9300,200
42922100467826,11:55:22.100,6.9300,300
42922100467826,11:55:22.100,6.9300,200
42922100467826,11:55:22.100,6.9300,200
42922100624697,11:55:22.100,6.9300,100
42922100624697,11:55:22.100,6.9300,100
42922100624697,11:55:22.100,6.9300,1000
42922100624697,11:55:22.100,6.9300,200
42922100624697,11:55:22.100,6.9300,646
42939586696342,11:55:39.586,6.9300,1000
42940870533036,11:55:40.870,6.9300,200
42940870533036,11:55:40.870,6.9300,100
42940870533036,11:55:40.870,6.9300,100
42940870533036,11:55:40.870,6.9300,100
42940870533036,11:55:40.870,6.9300,200
42940870533036,11:55:40.870,6.9300,400
42940870533036,11:55:40.870,6.9300,100
42940870533036,11:55:40.870,6.9300,200
42940870533036,11:55:40.870,6.9300,200
42941031361718,11:55:41.031,6.9300,200
42941487356695,11:55:41.487,6.9200,200
42941487356695,11:55:41.487,6.9200,100
42941487356695,11:55:41.487,6.9200,100
42983023144219,11:56:23.023,6.9300,100
42983023144219,11:56:23.023,6.9300,1
42983023144219,11:56:23.023,6.9300,400
42983023144219,11:56:23.023,6.9300,300
42988478442435,11:56:28.478,6.9400,100
42988478442435,11:56:28.478,6.9400,200
42988478442435,11:56:28.478,6.9400,100
42988478442435,11:56:28.478,6.9400,400
42988478442435,11:56:28.478,6.9400,400
43042043951360,11:57:22.043,6.9400,100
43089053209152,11:58:09.053,6.9400,200
43089053209152,11:58:09.053,6.9400,100
43089053209152,11:58:09.053,6.9400,100
43089053209152,11:58:09.053,6.9400,200
43089053209152,11:58:09.053,6.9400,1000
43091589184696,11:58:11.589,6.9400,100
43091589184696,11:58:11.589,6.9400,200
43091589184696,11:58:11.589,6.9400,100
43091589184696,11:58:11.589,6.9400,200
43091589184696,11:58:11.589,6.9400,1100
43091589443599,11:58:11.589,6.9400,100
43091589443599,11:58:11.589,6.9400,200
43091589443599,11:58:11.589,6.9400,100
43091589443599,11:58:11.589,6.9400,200
43091589443599,11:58:11.589,6.9400,100
43091589443599,11:58:11.589,6.9400,100
43091589443599,11:58:11.589,6.9400,100
43091589443599,11:58:11.589,6.9400,100
43091589553165,11:58:11.589,6.9400,200
43215309327244,12:00:15.309,6.9400,100
43215309327244,12:00:15.309,6.9400,100
43215752324019,12:00:15.752,6.9400,100
43219099202836,12:00:19.099,6.9300,100
43219099202836,12:00:19.099,6.9300,200
43220046702159,12:00:20.046,6.9300,100
43220046702159,12:00:20.046,6.9300,300
43221010654546,12:00:21.010,6.9300,200
43221010654546,12:00:21.010,6.9300,200
43221906843171,12:00:21.906,6.9300,100
43221906843171,12:00:21.906,6.9300,200
43252726634936,12:00:52.726,6.9300,100
43252726634936,12:00:52.726,6.9300,200
43252726634936,12:00:52.726,6.9300,100
43252726634936,12:00:52.726,6.9300,200
43252726787629,12:00:52.726,6.9300,101
43252726948355,12:00:52.726,6.9300,99
43252726948355,12:00:52.726,6.9300,100
43252726948355,12:00:52.726,6.9300,100
43252726948355,12:00:52.726,6.9300,37
43252726969688,12:00:52.726,6.9300,63
43252726969688,12:00:52.726,6.9300,100
43256034713226,12:00:56.034,6.9400,100
43256034713226,12:00:56.034,6.9400,200
43256034713226,12:00:56.034,6.9400,100
43256034713226,12:00:56.034,6.9400,100
43256034713226,12:00:56.034,6.9400,500
43256095177690,12:00:56.095,6.9400,100
43256095177690,12:00:56.095,6.9400,100
43256492326196,12:00:56.492,6.9400,600
43279539404525,12:01:19.539,6.9400,200
43279540597816,12:01:19.540,6.9400,100
43279540597816,12:01:19.540,6.9400,100
43279540597816,12:01:19.540,6.9400,100
43280513168762,12:01:20.513,6.9400,100
43280513168762,12:01:20.513,6.9400,591
43280513242495,12:01:20.513,6.9400,100
43286328332282,12:01:26.328,6.9400,1000
43286328332282,12:01:26.328,6.9400,100
43290034996028,12:01:30.034,6.9350,554
43290034996028,12:01:30.034,6.9400,1000
43290034996028,12:01:30.034,6.9400,100
43290034996028,12:01:30.034,6.9400,200
43290034996028,12:01:30.034,6.9400,100
43290034996028,12:01:30.034,6.9400,900
43290034996028,12:01:30.034,6.9400,1300
43290034996028,12:01:30.034,6.9400,500
43290125630861,12:01:30.125,6.9400,100
43290125630861,12:01:30.125,6.9400,100
43290495344707,12:01:30.495,6.9400,100
43313106200425,12:01:53.106,6.9400,100
43314285561730,12:01:54.285,6.9400,100
43314285561730,12:01:54.285,6.9400,200
43314285561730,12:01:54.285,6.9400,100
43335032749632,12:02:15.032,6.9400,3
43343308673357,12:02:23.308,6.9400,100
43348489897917,12:02:28.489,6.9400,1700
43348489897917,12:02:28.489,6.9400,200
43348489897917,12:02:28.489,6.9400,100
43357390761343,12:02:37.390,6.9450,100
43357390761343,12:02:37.390,6.9500,100
43357390761343,12:02:37.390,6.9500,200
43357390761343,12:02:37.390,6.9500,600
43357390761343,12:02:37.390,6.9500,100
43357390761343,12:02:37.390,6.9500,800
43365524781876,12:02:45.524,6.9500,200
43365524781876,12:02:45.524,6.9500,100
43365524781876,12:02:45.524,6.9500,5
43381007001007,12:03:01.007,6.9500,100
43381007001007,12:03:01.007,6.9500,100
43381007001007,12:03:01.007,6.9500,100
43381007001007,12:03:01.007,6.9500,100
43381007001007,12:03:01.007,6.9500,200
43381007001007,12:03:01.007,6.9500,100
43381007001007,12:03:01.007,6.9500,600
43381007158515,12:03:01.007,6.9500,12
43381110009279,12:03:01.110,6.9500,100
43527298898055,12:05:27.298,6.9500,88
43527298898055,12:05:27.298,6.9500,12
44456239279200,12:20:56.239,6.9500,88
44456239279200,12:20:56.239,6.9500,1100
44456239279200,12:20:56.239,6.9500,100
44456239279200,12:20:56.239,6.9500,100
44456239279200,12:20:56.239,6.9500,100
44456239279200,12:20:56.239,6.9500,200
44456239279200,12:20:56.239,6.9500,100
44456239279200,12:20:56.239,6.9500,100
44456239279200,12:20:56.239,6.9500,100
44456239279200,12:20:56.239,6.9500,300
44456239279200,12:20:56.239,6.9500,100
44456239279200,12:20:56.239,6.9500,100
44456239279200,12:20:56.239,6.9500,100
44456239279200,12:20:56.239,6.9500,100
44456239279200,12:20:56.239,6.9500,100
44456239279200,12:20:56.239,6.9500,100
44456239279200,12:20:56.239,6.9500,200
44456239397808,12:20:56.239,6.9500,200
44456239397808,12:20:56.239,6.9500,100
44456239482388,12:20:56.239,6.9500,100
44456239482388,12:20:56.239,6.9500,100
44456392634339,12:20:56.392,6.9500,100
44456392634339,12:20:56.392,6.9500,100
44456392634339,12:20:56.392,6.9500,100
44456392634339,12:20:56.392,6.9500,100
44456392634339,12:20:56.392,6.9500,1400
44456392856183,12:20:56.392,6.9500,1000
44456392856183,12:20:56.392,6.9500,800
44456392856183,12:20:56.392,6.9500,1000
44456392856183,12:20:56.392,6.9500,1100
44456392856183,12:20:56.392,6.9500,400
44456392856183,12:20:56.392,6.9500,1000
44456392856183,12:20:56.392,6.9500,200
44456392856183,12:20:56.392,6.9500,800
44456392856183,12:20:56.392,6.9500,1500
44456392856183,12:20:56.392,6.9500,100
44456392856183,12:20:56.392,6.9500,20
44456392856183,12:20:56.392,6.9500,100
44456392856183,12:20:56.392,6.9500,555
44456392856183,12:20:56.392,6.9500,100
44456392856183,12:20:56.392,6.9500,100
44456392856183,12:20:56.392,6.9500,100
44456392856183,12:20:56.392,6.9500,100
44456393090347,12:20:56.393,6.9500,800
44456393132335,12:20:56.393,6.9500,800
44456393132335,12:20:56.393,6.9500,100
44456393132335,12:20:56.393,6.9500,400
44456393132335,12:20:56.393,6.9500,100
44456393132335,12:20:56.393,6.9500,100
44456393239358,12:20:56.393,6.9500,100
44456393855323,12:20:56.393,6.9500,200
44456393855323,12:20:56.393,6.9500,100
44456393855323,12:20:56.393,6.9500,1100
44456393855323,12:20:56.393,6.9500,200
44456393855323,12:20:56.393,6.9500,100
44456393855323,12:20:56.393,6.9500,100
44456393855323,12:20:56.393,6.9500,100
44456393855323,12:20:56.393,6.9500,1500
44456394817160,12:20:56.394,6.9500,100
44456394817160,12:20:56.394,6.9500,200
44508007463550,12:21:48.007,6.9500,100
44514212155652,12:21:54.212,6.9500,100
44514212155652,12:21:54.212,6.9500,100
44667354739614,12:24:27.354,6.9500,100
44667354739614,12:24:27.354,6.9500,100
44667354739614,12:24:27.354,6.9500,100
44667354739614,12:24:27.354,6.9500,200
44667354739614,12:24:27.354,6.9500,100
44667354739614,12:24:27.354,6.9500,100
44667354739614,12:24:27.354,6.9500,100
44667354739614,12:24:27.354,6.9500,200
44667354739614,12:24:27.354,6.9500,400
44667355284890,12:24:27.355,6.9500,100
44667355284890,12:24:27.355,6.9500,100
44667355284890,12:24:27.355,6.9500,100
44667355284890,12:24:27.355,6.9500,300
44667355284890,12:24:27.355,6.9500,200
44667355284890,12:24:27.355,6.9500,100
44667355284890,12:24:27.355,6.9500,100
44667355835213,12:24:27.355,6.9500,400
44667355835213,12:24:27.355,6.9500,100
44667355835213,12:24:27.355,6.9500,200
44667356022418,12:24:27.356,6.9500,300
44667357982312,12:24:27.357,6.9500,1600
44667357982312,12:24:27.357,6.9500,300
44671570889433,12:24:31.570,6.9500,100
44671570889433,12:24:31.570,6.9500,200
44671570889433,12:24:31.570,6.9500,100
44671570889433,12:24:31.570,6.9500,300
44671570889433,12:24:31.570,6.9500,100
44671570889433,12:24:31.570,6.9500,300
44671570889433,12:24:31.570,6.9500,100
44672751051058,12:24:32.751,6.9500,100
44682647809359,12:24:42.647,6.9500,100
44682647809359,12:24:42.647,6.9500,100
44682647809359,12:24:42.647,6.9500,100
44682647809359,12:24:42.647,6.9500,200
44682647809359,12:24:42.647,6.9500,100
44682647809359,12:24:42.647,6.9500,100
44682647809359,12:24:42.647,6.9500,100
44687152581433,12:24:47.152,6.9500,100
44687152581433,12:24:47.152,6.9500,100
44687152581433,12:24:47.152,6.9500,100
44687152581433,12:24:47.152,6.9500,100
44687152581433,12:24:47.152,6.9500,200
44687750436764,12:24:47.750,6.9500,100
44704914283016,12:25:04.914,6.9450,100
44704914283016,12:25:04.914,6.9450,240
44704914283016,12:25:04.914,6.9450,160
44704914283016,12:25:04.914,6.9400,100
44704914283016,12:25:04.914,6.9400,200
44704914283016,12:25:04.914,6.9400,100
44704914283016,12:25:04.914,6.9400,500
44704914283016,12:25:04.914,6.9400,100
44704914283016,12:25:04.914,6.9400,100
44704914283016,12:25:04.914,6.9400,100
44704914283016,12:25:04.914,6.9400,700
44704914283016,12:25:04.914,6.9400,2
44704914283016,12:25:04.914,6.9400,98
44704915763133,12:25:04.915,6.9400,2
44704915763133,12:25:04.915,6.9400,100
44704915763133,12:25:04.915,6.9400,18
44704915815987,12:25:04.915,6.9400,82
44940001697071,12:29:00.001,6.9300,200
44940001697071,12:29:00.001,6.9300,100
44940001697071,12:29:00.001,6.9300,100
44940001697071,12:29:00.001,6.9300,400
45174853065747,12:32:54.853,6.9200,200
45174853065747,12:32:54.853,6.9200,400
45174853065747,12:32:54.853,6.9200,600
45174853065747,12:32:54.853,6.9200,2000
45174853065747,12:32:54.853,6.9200,100
45174853065747,12:32:54.853,6.9200,100
45174853065747,12:32:54.853,6.9200,100
45174853269187,12:32:54.853,6.9200,178
45174853293669,12:32:54.853,6.9200,522
45174853671346,12:32:54.853,6.9200,1000
45174853689221,12:32:54.853,6.9200,178
45174853753235,12:32:54.853,6.9200,22
45174853753235,12:32:54.853,6.9200,100
45388255714129,12:36:28.255,6.9100,200
45388255714129,12:36:28.255,6.9100,130
45388255714129,12:36:28.255,6.9100,100
45623616935403,12:40:23.616,6.9000,100
45623616935403,12:40:23.616,6.9000,100
45623616935403,12:40:23.616,6.9000,600
45623616935403,12:40:23.616,6.9000,800
45624425304985,12:40:24.425,6.8900,300
45641847407138,12:40:41.847,6.9000,400
45641847407138,12:40:41.847,6.9000,100
45641847407138,12:40:41.847,6.9000,100
45641847407138,12:40:41.847,6.9000,100
45641847407138,12:40:41.847,6.9000,100
45641847407138,12:40:41.847,6.9000,1225
45644750591858,12:40:44.750,6.9100,3
45644750591858,12:40:44.750,6.9100,100
46139203052542,12:48:59.203,6.9000,100
46307816537964,12:51:47.816,6.9000,100
46307816537964,12:51:47.816,6.9000,100
46307816537964,12:51:47.816,6.9000,200
46437234509628,12:53:57.234,6.9000,100
46873195442339,13:01:13.195,6.9000,100
47178066248491,13:06:18.066,6.9000,100
47188351117871,13:06:28.351,6.9000,100
47340420138850,13:09:00.420,6.9000,86
47343810463914,13:09:03.810,6.9000,100
47668753491387,13:14:28.753,6.9000,14
47668753491387,13:14:28.753,6.9000,86
47915587146735,13:18:35.587,6.9000,14
47915587146735,13:18:35.587,6.9000,86
48352010695578,13:25:52.010,6.9000,100
49513116495201,13:45:13.116,6.9050,501
49513116495201,13:45:13.116,6.9100,100
49513116495201,13:45:13.116,6.9100,200
49513116495201,13:45:13.116,6.9100,100
49513116495201,13:45:13.116,6.9100,100
49513116495201,13:45:13.116,6.9100,400
49513116495201,13:45:13.116,6.9100,100
49513116495201,13:45:13.116,6.9100,100
49513116495201,13:45:13.116,6.9100,100
49513116495201,13:45:13.116,6.9100,100
49513116495201,13:45:13.116,6.9100,100
49513116495201,13:45:13.116,6.9100,100
49513116495201,13:45:13.116,6.9100,22
49513116495201,13:45:13.116,6.9100,100
49513116495201,13:45:13.116,6.9100,100
49513116495201,13:45:13.116,6.9100,2
49513116536177,13:45:13.116,6.9100,98
49513116536177,13:45:13.116,6.9100,3
49513116536177,13:45:13.116,6.9100,100
49513116536177,13:45:13.116,6.9100,100
49513116536177,13:45:13.116,6.9100,200
49513116536177,13:45:13.116,6.9100,100
49513125817439,13:45:13.125,6.9100,100
49513125817439,13:45:13.125,6.9100,100
49513125817439,13:45:13.125,6.9100,100
49513125817439,13:45:13.125,6.9100,800
49513131680632,13:45:13.131,6.9100,500
49513154441202,13:45:13.154,6.9100,200
49513183103316,13:45:13.183,6.9100,500
49513183103316,13:45:13.183,6.9100,100
49513183103316,13:45:13.183,6.9100,100
49854078408043,13:50:54.078,6.9200,200
49854078408043,13:50:54.078,6.9200,100
49854078408043,13:50:54.078,6.9200,2000
49854078408043,13:50:54.078,6.9200,100
49854078408043,13:50:54.078,6.9200,100
49854100792890,13:50:54.100,6.9300,200
49854100792890,13:50:54.100,6.9300,600
49854100792890,13:50:54.100,6.9300,100
49854100792890,13:50:54.100,6.9300,1300
49862956183786,13:51:02.956,6.9300,100
49979373396175,13:52:59.373,6.9250,400
49979373396175,13:52:59.373,6.9200,1000
49979373396175,13:52:59.373,6.9200,200
49979373396175,13:52:59.373,6.9200,200
49979373396175,13:52:59.373,6.9200,100
49979373396175,13:52:59.373,6.9200,100
49979373396175,13:52:59.373,6.9200,200
49979373396175,13:52:59.373,6.9200,100
49979373396175,13:52:59.373,6.9200,100
49979373396175,13:52:59.373,6.9200,100
49979373396175,13:52:59.373,6.9200,1000
49979373396175,13:52:59.373,6.9200,100
49979373396175,13:52:59.373,6.9200,100
49979373396175,13:52:59.373,6.9200,100
49979373396175,13:52:59.373,6.9200,900
49979373610116,13:52:59.373,6.9200,400
49979373662175,13:52:59.373,6.9200,200
49979373744054,13:52:59.373,6.9200,100
49979373792593,13:52:59.373,6.9200,100
49979374332651,13:52:59.374,6.9200,100
49979374382021,13:52:59.374,6.9200,100
49979374423128,13:52:59.374,6.9200,100
49979374462890,13:52:59.374,6.9200,100
49979374813218,13:52:59.374,6.9200,100
49979374813218,13:52:59.374,6.9200,100
49979374813218,13:52:59.374,6.9200,100
49979374813218,13:52:59.374,6.9200,100
49979375110808,13:52:59.375,6.9200,100
49979375193743,13:52:59.375,6.9200,100
49979375308852,13:52:59.375,6.9200,100
49979375353279,13:52:59.375,6.9200,100
49980374224966,13:53:00.374,6.9200,200
49980374224966,13:53:00.374,6.9200,100
49980374234420,13:53:00.374,6.9200,200
50413031893108,14:00:13.031,6.9200,1319
50413032214441,14:00:13.032,6.9200,281
50413032214441,14:00:13.032,6.9200,100
50413032214441,14:00:13.032,6.9200,200
50413032214441,14:00:13.032,6.9200,100
50413032214441,14:00:13.032,6.9200,100
50413032214441,14:00:13.032,6.9200,100
50413032214441,14:00:13.032,6.9200,100
50413032214441,14:00:13.032,6.9200,100
50413032214441,14:00:13.032,6.9200,100
50413032214441,14:00:13.032,6.9200,100
50413037682118,14:00:13.037,6.9200,1200
50413037682118,14:00:13.037,6.9200,590
50821200694594,14:07:01.200,6.9300,300
50821200694594,14:07:01.200,6.9300,100
50821200694594,14:07:01.200,6.9300,100
50821200694594,14:07:01.200,6.9300,100
50821200694594,14:07:01.200,6.9300,100
50821200694594,14:07:01.200,6.9300,200
50821200694594,14:07:01.200,6.9300,100
50821200694594,14:07:01.200,6.9300,100
50821247086822,14:07:01.247,6.9300,300
50987754024855,14:09:47.754,6.9200,100
50987754024855,14:09:47.754,6.9200,200
50987754024855,14:09:47.754,6.9200,100
50987754024855,14:09:47.754,6.9200,100
50987754054267,14:09:47.754,6.9200,400
50987756999329,14:09:47.756,6.9150,100
50989019147872,14:09:49.019,6.9100,100
51842337226467,14:24:02.337,6.9100,100
51842337226467,14:24:02.337,6.9100,100
51842337226467,14:24:02.337,6.9100,100
51842337226467,14:24:02.337,6.9100,100
51842337226467,14:24:02.337,6.9100,100
51842337226467,14:24:02.337,6.9100,100
51842337226467,14:24:02.337,6.9100,200
51842337226467,14:24:02.337,6.9100,100
51842337226467,14:24:02.337,6.9100,100
51842409616467,14:24:02.409,6.9100,400
51842409616467,14:24:02.409,6.9100,100
51842409616467,14:24:02.409,6.9100,100
51842409616467,14:24:02.409,6.9100,100
51842753353484,14:24:02.753,6.9100,100
51895923333632,14:24:55.923,6.9100,400
51895923333632,14:24:55.923,6.9100,100
51895923333632,14:24:55.923,6.9100,100
51895923333632,14:24:55.923,6.9100,200
51895923333632,14:24:55.923,6.9100,200
51895923333632,14:24:55.923,6.9100,800
51895923333632,14:24:55.923,6.9100,300
51895923333632,14:24:55.923,6.9100,200
51895923333632,14:24:55.923,6.9100,100
51895923333632,14:24:55.923,6.9100,200
51895923816098,14:24:55.923,6.9100,100
51895923816098,14:24:55.923,6.9100,200
51895923816098,14:24:55.923,6.9100,100
51895923816098,14:24:55.923,6.9100,100
51895923824571,14:24:55.923,6.9100,100
51895941626047,14:24:55.941,6.9100,100
51895941626047,14:24:55.941,6.9100,100
51897947011153,14:24:57.947,6.9100,200
51923124154107,14:25:23.124,6.9100,100
51923124154107,14:25:23.124,6.9100,100
51923124154107,14:25:23.124,6.9100,200
51923124154107,14:25:23.124,6.9100,100
51923124154107,14:25:23.124,6.9100,100
51923124154107,14:25:23.124,6.9100,100
51923124154107,14:25:23.124,6.9100,800
51929032344356,14:25:29.032,6.9100,100
51929032344356,14:25:29.032,6.9100,100
51929032344356,14:25:29.032,6.9100,100
51929032344356,14:25:29.032,6.9100,800
51929032344356,14:25:29.032,6.9100,20
51929032344356,14:25:29.032,6.9100,400
51929032344356,14:25:29.032,6.9100,700
51931290336466,14:25:31.290,6.9100,200
52046564320644,14:27:26.564,6.9000,100
52118265860312,14:28:38.265,6.9000,100
52132930176384,14:28:52.930,6.9000,200
52132930203238,14:28:52.930,6.9000,100
52132930203238,14:28:52.930,6.9000,200
52132930203238,14:28:52.930,6.9000,800
52132930203238,14:28:52.930,6.9000,3100
52132930203238,14:28:52.930,6.9000,500
52132930203238,14:28:52.930,6.9000,600
52132930203238,14:28:52.930,6.9000,900
52132930203238,14:28:52.930,6.9000,100
52317932345191,14:31:57.932,6.8900,100
52317932345191,14:31:57.932,6.8900,100
52317932345191,14:31:57.932,6.8900,100
52317932345191,14:31:57.932,6.8900,200
52383928740532,14:33:03.928,6.8900,400
52383928740532,14:33:03.928,6.8900,100
52383928740532,14:33:03.928,6.8900,300
52441930802875,14:34:01.930,6.8900,100
52441930802875,14:34:01.930,6.8900,100
52441930802875,14:34:01.930,6.8900,100
52441930802875,14:34:01.930,6.8900,100
52496930923348,14:34:56.930,6.8950,100
52683932518577,14:38:03.932,6.8900,11
52683932518577,14:38:03.932,6.8900,100
52683932518577,14:38:03.932,6.8900,89
52713772191371,14:38:33.772,6.8900,100
52744930404234,14:39:04.930,6.8900,11
52744930404234,14:39:04.930,6.8900,100
52744930404234,14:39:04.930,6.8900,300
52744930404234,14:39:04.930,6.8900,100
52744930404234,14:39:04.930,6.8900,100
52744930404234,14:39:04.930,6.8900,89
52804930861078,14:40:04.930,6.8900,11
52804930861078,14:40:04.930,6.8900,100
52804930861078,14:40:04.930,6.8900,100
52804930861078,14:40:04.930,6.8900,100
52804930861078,14:40:04.930,6.8900,89
52845031339983,14:40:45.031,6.8900,100
52865317898065,14:41:05.317,6.8900,100
53041936783313,14:44:01.936,6.8900,11
53041936783313,14:44:01.936,6.8900,100
53041936783313,14:44:01.936,6.8900,100
53041936783313,14:44:01.936,6.8900,489
53103173090928,14:45:03.173,6.8900,11
53103173090928,14:45:03.173,6.8900,89
53109655853782,14:45:09.655,6.8900,11
53109655853782,14:45:09.655,6.8900,89
53121326068368,14:45:21.326,6.8900,11
53121326068368,14:45:21.326,6.8900,89
53136885892254,14:45:36.885,6.8900,100
53190957610647,14:46:30.957,6.9000,100
53190957610647,14:46:30.957,6.9000,400
53190957610647,14:46:30.957,6.9000,200
53190957610647,14:46:30.957,6.9000,100
53190957610647,14:46:30.957,6.9000,100
53190957610647,14:46:30.957,6.9000,100
53190957610647,14:46:30.957,6.9000,100
53190957610647,14:46:30.957,6.9000,100
53190957610647,14:46:30.957,6.9000,100
53190957610647,14:46:30.957,6.9000,3
53190957610647,14:46:30.957,6.9000,100
53190957610647,14:46:30.957,6.9000,100
53190957610647,14:46:30.957,6.9000,100
53190957610647,14:46:30.957,6.9000,2200
53190957610647,14:46:30.957,6.9000,260
53190957610647,14:46:30.957,6.9000,100
53190957610647,14:46:30.957,6.9000,100
53190957610647,14:46:30.957,6.9000,100
53190957699657,14:46:30.957,6.9000,1100
53190957699657,14:46:30.957,6.9000,1100
53190958144523,14:46:30.958,6.9000,100
53190960067864,14:46:30.960,6.9100,2
53190961893545,14:46:30.961,6.9050,100
53190963321250,14:46:30.963,6.9000,900
53190963321250,14:46:30.963,6.9000,200
53190963321250,14:46:30.963,6.9000,1000
53190963321250,14:46:30.963,6.9000,400
53190963321250,14:46:30.963,6.9000,200
53190963321250,14:46:30.963,6.9000,100
53190963321250,14:46:30.963,6.9000,500
53190963321250,14:46:30.963,6.9000,100
53190963321250,14:46:30.963,6.9000,700
53190963321250,14:46:30.963,6.9000,1000
53190963321250,14:46:30.963,6.9000,100
53190963321250,14:46:30.963,6.9000,100
53190963321250,14:46:30.963,6.9000,100
53190965340859,14:46:30.965,6.9000,200
53190965340859,14:46:30.965,6.9000,100
53190965340859,14:46:30.965,6.9000,100
53191337813477,14:46:31.337,6.8900,100
53191337813477,14:46:31.337,6.8900,100
53191337813477,14:46:31.337,6.8900,100
53191337813477,14:46:31.337,6.8900,100
53191337813477,14:46:31.337,6.8900,100
53191337813477,14:46:31.337,6.8900,100
53191337813477,14:46:31.337,6.8900,200
53191337813477,14:46:31.337,6.8900,100
53191337813477,14:46:31.337,6.8900,100
53191337813477,14:46:31.337,6.8900,100
53191337813477,14:46:31.337,6.8900,100
53193871743162,14:46:33.871,6.8900,200
53251944586325,14:47:31.944,6.8900,100
53251944586325,14:47:31.944,6.8900,100
53251944586325,14:47:31.944,6.8900,100
53277922163327,14:47:57.922,6.8900,100
53308943133579,14:48:28.943,6.8900,100
53308943133579,14:48:28.943,6.8900,300
53370943062000,14:49:30.943,6.8900,300
53371342227234,14:49:31.342,6.8900,200
53428943560156,14:50:28.943,6.8900,300
53485966520557,14:51:25.966,6.8900,600
53485966593517,14:51:25.966,6.8900,600
53485966593517,14:51:25.966,6.8900,300
53485966593517,14:51:25.966,6.8900,200
53485966593517,14:51:25.966,6.8900,100
53486967630359,14:51:26.967,6.8900,100
53825979018316,14:57:05.979,6.8850,1
53825979018316,14:57:05.979,6.8850,1
53825979018316,14:57:05.979,6.8850,2
53825979018316,14:57:05.979,6.8850,2
53825979018316,14:57:05.979,6.8850,7
53825979018316,14:57:05.979,6.8850,6
53825979018316,14:57:05.979,6.8850,7
53825979018316,14:57:05.979,6.8850,1
53825979018316,14:57:05.979,6.8850,1
53825979018316,14:57:05.979,6.8850,2
53825979018316,14:57:05.979,6.8850,2
53825979018316,14:57:05.979,6.8850,4
53825979018316,14:57:05.979,6.8850,7
53825979018316,14:57:05.979,6.8800,157
53913836056200,14:58:33.836,6.8850,100
53995984386124,14:59:55.984,6.8850,6
53995984386124,14:59:55.984,6.8850,5
53995984386124,14:59:55.984,6.8850,6
53995984386124,14:59:55.984,6.8850,5
53995984386124,14:59:55.984,6.8800,100
53995984386124,14:59:55.984,6.8800,100
53995984386124,14:59:55.984,6.8800,78
54053984838379,15:00:53.984,6.8800,322
54053984838379,15:00:53.984,6.8800,78
54224468614839,15:03:44.468,6.8850,100
54232984379978,15:03:52.984,6.8800,22
54232984379978,15:03:52.984,6.8800,100
54232984379978,15:03:52.984,6.8800,100
54232984379978,15:03:52.984,6.8800,78
54245913200572,15:04:05.913,6.8800,100
54289985110923,15:04:49.985,6.8800,22
54289985110923,15:04:49.985,6.8800,200
54289985110923,15:04:49.985,6.8800,100
54289985110923,15:04:49.985,6.8800,100
54289985110923,15:04:49.985,6.8800,78
54338984798819,15:05:38.984,6.8850,100
54338984798819,15:05:38.984,6.8800,22
54338984798819,15:05:38.984,6.8800,100
54338984798819,15:05:38.984,6.8800,78
54351630004969,15:05:51.630,6.8800,22
54351630004969,15:05:51.630,6.8800,78
54362400956277,15:06:02.400,6.8800,100
54385337517317,15:06:25.337,6.8800,100
54443360933199,15:07:23.360,6.8850,100
54443360933199,15:07:23.360,6.8800,100
54443360933199,15:07:23.360,6.8800,100
54443360933199,15:07:23.360,6.8800,83
54443360933199,15:07:23.360,6.8800,100
54443360933199,15:07:23.360,6.8800,100
54443360933199,15:07:23.360,6.8800,100
54443360933199,15:07:23.360,6.8800,17
54443360999764,15:07:23.360,6.8800,83
54443360999764,15:07:23.360,6.8800,52
54445287232762,15:07:25.287,6.8800,48
54445287232762,15:07:25.287,6.8800,200
54445287232762,15:07:25.287,6.8800,31
54445287232762,15:07:25.287,6.8800,100
54445287232762,15:07:25.287,6.8800,292
54445287862436,15:07:25.287,6.8800,8
54445359221005,15:07:25.359,6.8700,100
54445359246212,15:07:25.359,6.8700,15
54512989780162,15:08:32.989,6.8700,300
54512989780162,15:08:32.989,6.8700,100
54538247643005,15:08:58.247,6.8700,50
54538247643005,15:08:58.247,6.8700,100
54538247643005,15:08:58.247,6.8700,100
54538247643005,15:08:58.247,6.8700,100
54538247643005,15:08:58.247,6.8700,100
54538247643005,15:08:58.247,6.8700,200
54538247643005,15:08:58.247,6.8700,100
54538247643005,15:08:58.247,6.8700,100
54538247643005,15:08:58.247,6.8700,300
54538247643005,15:08:58.247,6.8700,1900
54538247643005,15:08:58.247,6.8700,100
54538247643005,15:08:58.247,6.8700,500
54538247643005,15:08:58.247,6.8700,200
54538247643005,15:08:58.247,6.8700,100
54538247643005,15:08:58.247,6.8700,800
54546277819784,15:09:06.277,6.8600,100
54561743339363,15:09:21.743,6.8600,100
54561743339363,15:09:21.743,6.8600,100
54561743339363,15:09:21.743,6.8600,200
54561743339363,15:09:21.743,6.8600,100
54561743339363,15:09:21.743,6.8600,100
54561743339363,15:09:21.743,6.8600,500
54562256457569,15:09:22.256,6.8600,100
54562360728413,15:09:22.360,6.8500,500
54565345988316,15:09:25.345,6.8500,100
54583689617829,15:09:43.689,6.8500,400
54583689617829,15:09:43.689,6.8500,600
54583689617829,15:09:43.689,6.8500,5
54583689617829,15:09:43.689,6.8500,250
54583689617829,15:09:43.689,6.8500,10
54583689617829,15:09:43.689,6.8500,600
54583689617829,15:09:43.689,6.8500,100
54583689617829,15:09:43.689,6.8500,100
54583689617829,15:09:43.689,6.8500,100
54583689617829,15:09:43.689,6.8500,100
54583689617829,15:09:43.689,6.8500,200
54583689617829,15:09:43.689,6.8500,135
54583689802290,15:09:43.689,6.8500,100
54583689802290,15:09:43.689,6.8500,100
54583689985641,15:09:43.689,6.8500,100
54583690067066,15:09:43.690,6.8500,163
54583690067066,15:09:43.690,6.8500,100
54583690140552,15:09:43.690,6.8500,100
54583690213170,15:09:43.690,6.8500,3
54583690322990,15:09:43.690,6.8500,462
54600635354501,15:10:00.635,6.8450,100
54601357260156,15:10:01.357,6.8400,100
54601357260156,15:10:01.357,6.8400,100
54601357260156,15:10:01.357,6.8400,100
54601357260156,15:10:01.357,6.8400,100
54601357260156,15:10:01.357,6.8400,200
54601357260156,15:10:01.357,6.8400,300
54610057524816,15:10:10.057,6.8400,500
54610057524816,15:10:10.057,6.8400,400
54610057524816,15:10:10.057,6.8400,100
54610057524816,15:10:10.057,6.8400,200
54610057524816,15:10:10.057,6.8400,43
54670281152703,15:11:10.281,6.8500,200
54670281152703,15:11:10.281,6.8500,900
54670281152703,15:11:10.281,6.8500,100
54670281152703,15:11:10.281,6.8500,100
54670281152703,15:11:10.281,6.8500,800
54670281152703,15:11:10.281,6.8500,400
54670281152703,15:11:10.281,6.8500,200
54670281152703,15:11:10.281,6.8500,700
54670281152703,15:11:10.281,6.8500,100
54670281152703,15:11:10.281,6.8500,100
54670281827744,15:11:10.281,6.8500,100
54670281827744,15:11:10.281,6.8500,100
54670281827744,15:11:10.281,6.8500,100
54670281910147,15:11:10.281,6.8500,100
54670357887134,15:11:10.357,6.8500,200
54670357887134,15:11:10.357,6.8500,300
54670357887134,15:11:10.357,6.8500,200
54670357887134,15:11:10.357,6.8500,200
54670357887134,15:11:10.357,6.8500,100
54670357887134,15:11:10.357,6.8450,100
54670357887134,15:11:10.357,6.8450,100
54705463478918,15:11:45.463,6.8500,73
54782002675715,15:13:02.002,6.8450,100
54782002675715,15:13:02.002,6.8500,27
54782002675715,15:13:02.002,6.8500,100
54782002675715,15:13:02.002,6.8500,200
54782002675715,15:13:02.002,6.8500,300
54782002675715,15:13:02.002,6.8500,100
54782002675715,15:13:02.002,6.8500,200
54782002675715,15:13:02.002,6.8500,200
54782002675715,15:13:02.002,6.8500,173
54849817294946,15:14:09.817,6.8500,27
54849817294946,15:14:09.817,6.8500,100
54849817294946,15:14:09.817,6.8500,100
54849817294946,15:14:09.817,6.8500,200
54849817294946,15:14:09.817,6.8500,100
54849817294946,15:14:09.817,6.8500,400
54849817294946,15:14:09.817,6.8500,100
54849817294946,15:14:09.817,6.8500,373
54849817436555,15:14:09.817,6.8500,200
54849818713146,15:14:09.818,6.8600,1
54849818713728,15:14:09.818,6.8600,2
54849818715602,15:14:09.818,6.8600,2
54849818717458,15:14:09.818,6.8600,3
54849818719156,15:14:09.818,6.8600,2
54849818730908,15:14:09.818,6.8600,2
54849818736177,15:14:09.818,6.8600,4
54849818741477,15:14:09.818,6.8600,4
54849818743490,15:14:09.818,6.8600,4
54849818748622,15:14:09.818,6.8600,2
54849818753547,15:14:09.818,6.8600,6
54849818754067,15:14:09.818,6.8600,7
54849818759170,15:14:09.818,6.8600,5
54849818764416,15:14:09.818,6.8600,4
54849818764937,15:14:09.818,6.8600,1
54849818794640,15:14:09.818,6.8600,5
54874806613925,15:14:34.806,6.8550,100
54874806613925,15:14:34.806,6.8500,100
54874806613925,15:14:34.806,6.8500,100
54874806613925,15:14:34.806,6.8500,500
54874806613925,15:14:34.806,6.8500,20
54874806613925,15:14:34.806,6.8500,780
54874806765745,15:14:34.806,6.8500,20
54874807120105,15:14:34.807,6.8500,40
54874807143435,15:14:34.807,6.8500,60
54874807143435,15:14:34.807,6.8500,100
54888810699062,15:14:48.810,6.8500,100
54892718208135,15:14:52.718,6.8500,100
54892718208135,15:14:52.718,6.8500,100
54892718208135,15:14:52.718,6.8500,100
55002319181773,15:16:42.319,6.8550,4
55002319181773,15:16:42.319,6.8550,7
55002319181773,15:16:42.319,6.8550,7
55002319181773,15:16:42.319,6.8550,1
55002319181773,15:16:42.319,6.8550,1
55002319181773,15:16:42.319,6.8550,4
55002319181773,15:16:42.319,6.8550,2
55002319181773,15:16:42.319,6.8550,1
55002319181773,15:16:42.319,6.8550,4
55002319181773,15:16:42.319,6.8550,2
55002319181773,15:16:42.319,6.8550,2
55002319181773,15:16:42.319,6.8550,2
55002319181773,15:16:42.319,6.8550,3
55002319181773,15:16:42.319,6.8550,2
55002319181773,15:16:42.319,6.8550,2
55002319181773,15:16:42.319,6.8550,4
55002319181773,15:16:42.319,6.8550,4
55002319181773,15:16:42.319,6.8550,3
55002319181773,15:16:42.319,6.8550,4
55002319181773,15:16:42.319,6.8550,3
55002319181773,15:16:42.319,6.8550,4
55002319181773,15:16:42.319,6.8500,34
55002319267163,15:16:42.319,6.8500,66
55002319267163,15:16:42.319,6.8500,100
55002329982652,15:16:42.329,6.8500,100
55003320429485,15:16:43.320,6.8500,100
55174075140489,15:19:34.075,6.8500,100
55225014726592,15:20:25.014,6.8450,100
55276836237732,15:21:16.836,6.8450,100
55276836237732,15:21:16.836,6.8400,500
55276836237732,15:21:16.836,6.8400,300
55279028994326,15:21:19.028,6.8400,200
55279028994326,15:21:19.028,6.8400,100
55404027891209,15:23:24.027,6.8450,100
55404027891209,15:23:24.027,6.8400,600
55404028774353,15:23:24.028,6.8400,900
55404028774353,15:23:24.028,6.8400,100
55404028774353,15:23:24.028,6.8400,100
55404028774353,15:23:24.028,6.8400,100
55404028774353,15:23:24.028,6.8400,100
55404028774353,15:23:24.028,6.8400,10
55404028774353,15:23:24.028,6.8400,200
55404028774353,15:23:24.028,6.8400,100
55404028774353,15:23:24.028,6.8400,400
55404028896073,15:23:24.028,6.8400,79
55404028910908,15:23:24.028,6.8400,21
55404045992192,15:23:24.045,6.8400,200
55689082721368,15:28:09.082,6.8350,100
55707680839624,15:28:27.680,6.8350,2
55707680839624,15:28:27.680,6.8350,5
55707680839624,15:28:27.680,6.8350,4
55707680839624,15:28:27.680,6.8350,4
55707680839624,15:28:27.680,6.8350,3
55707680839624,15:28:27.680,6.8350,2
55707680839624,15:28:27.680,6.8350,2
55707680839624,15:28:27.680,6.8350,2
55707680839624,15:28:27.680,6.8350,2
55707680839624,15:28:27.680,6.8350,3
55707680839624,15:28:27.680,6.8350,2
55707680839624,15:28:27.680,6.8350,4
55707680839624,15:28:27.680,6.8350,2
55707680839624,15:28:27.680,6.8350,3
55707680839624,15:28:27.680,6.8350,2
55707680839624,15:28:27.680,6.8350,2
55707680839624,15:28:27.680,6.8350,2
55707680839624,15:28:27.680,6.8350,5
55707680839624,15:28:27.680,6.8350,2
55707680839624,15:28:27.680,6.8350,2
55707692405485,15:28:27.692,6.8300,45
55718254831320,15:28:38.254,6.8300,100
55760044809904,15:29:20.044,6.8350,100
55833444386577,15:30:33.444,6.8300,100
55833444386577,15:30:33.444,6.8300,200
55833444386577,15:30:33.444,6.8300,100
55833444386577,15:30:33.444,6.8300,2700
55833444386577,15:30:33.444,6.8300,100
55833444386577,15:30:33.444,6.8300,200
55833444386577,15:30:33.444,6.8300,100
55833444386577,15:30:33.444,6.8300,200
55833444386577,15:30:33.444,6.8300,100
55833444386577,15:30:33.444,6.8300,400
55833444728888,15:30:33.444,6.8300,200
55833868630864,15:30:33.868,6.8200,100
55833879888839,15:30:33.879,6.8200,100
55833879888839,15:30:33.879,6.8200,100
55833879888839,15:30:33.879,6.8200,200
55833879888839,15:30:33.879,6.8200,100
55833880286656,15:30:33.880,6.8200,343
55833880286656,15:30:33.880,6.8200,100
55833880286656,15:30:33.880,6.8200,75
55833880335685,15:30:33.880,6.8200,225
55833880384674,15:30:33.880,6.8200,100
55835042966484,15:30:35.042,6.8150,100
55835100952800,15:30:35.100,6.8150,200
55856532697668,15:30:56.532,6.8100,100
55856532697668,15:30:56.532,6.8100,100
55856532697668,15:30:56.532,6.8100,400
55856532697668,15:30:56.532,6.8100,200
55856532697668,15:30:56.532,6.8100,400
55856532697668,15:30:56.532,6.8100,100
55860139249095,15:31:00.139,6.8000,815
55860139249095,15:31:00.139,6.8000,500
55860139249095,15:31:00.139,6.8000,600
55860139249095,15:31:00.139,6.8000,1000
55860139249095,15:31:00.139,6.8000,1000
55860139249095,15:31:00.139,6.8000,100
55860139249095,15:31:00.139,6.8000,200
55860139249095,15:31:00.139,6.8000,100
55860139249095,15:31:00.139,6.8000,100
55860139249095,15:31:00.139,6.8000,100
55860139249095,15:31:00.139,6.8000,100
55860139521412,15:31:00.139,6.8000,200
55860141663574,15:31:00.141,6.7900,400
55863051486692,15:31:03.051,6.7800,200
55863763624314,15:31:03.763,6.7850,200
55863763624314,15:31:03.763,6.7850,300
55863763624314,15:31:03.763,6.7900,100
55863763624314,15:31:03.763,6.7900,200
55863763624314,15:31:03.763,6.7900,400
55863763624314,15:31:03.763,6.7900,400
55863763624314,15:31:03.763,6.7900,200
55863763624314,15:31:03.763,6.7900,400
55863763624314,15:31:03.763,6.7900,100
55863763624314,15:31:03.763,6.7900,900
55863763624314,15:31:03.763,6.7900,100
55875081367028,15:31:15.081,6.7900,400
55875081367028,15:31:15.081,6.7900,100
55875081367028,15:31:15.081,6.7900,200
55875081367028,15:31:15.081,6.7900,362
55904491854011,15:31:44.491,6.7850,200
55904491854011,15:31:44.491,6.7850,300
55904491854011,15:31:44.491,6.7900,500
55904491854011,15:31:44.491,6.7900,100
55904491854011,15:31:44.491,6.7900,200
55904491854011,15:31:44.491,6.7900,400
55904491854011,15:31:44.491,6.7900,1100
55904491854011,15:31:44.491,6.7900,600
55904491854011,15:31:44.491,6.7900,100
55906604909834,15:31:46.604,6.7900,300
55913223172372,15:31:53.223,6.7900,200
55916784796784,15:31:56.784,6.7900,200
55916784796784,15:31:56.784,6.7900,100
55916784796784,15:31:56.784,6.7900,100
55917710733318,15:31:57.710,6.7900,100
55919133635334,15:31:59.133,6.7900,700
55919133635334,15:31:59.133,6.7900,200
55919133635334,15:31:59.133,6.7900,100
55919133635334,15:31:59.133,6.7900,100
55920326312488,15:32:00.326,6.7900,100
55920326312488,15:32:00.326,6.7900,100
55920326312488,15:32:00.326,6.7900,200
55920326859076,15:32:00.326,6.7900,200
55920326859076,15:32:00.326,6.7900,100
55920326859076,15:32:00.326,6.7900,100
55920326859076,15:32:00.326,6.7900,100
55922704537277,15:32:02.704,6.8000,200
55922704537277,15:32:02.704,6.8000,400
55922704537277,15:32:02.704,6.8000,100
55922704537277,15:32:02.704,6.8000,23
55922704694062,15:32:02.704,6.8000,200
55922704694062,15:32:02.704,6.8000,400
55922704694062,15:32:02.704,6.8000,100
55928972812442,15:32:08.972,6.8000,100
56120641806098,15:35:20.641,6.8050,200
56120641806098,15:35:20.641,6.8100,100
56142236701838,15:35:42.236,6.8100,300
56142236701838,15:35:42.236,6.8100,100
56142236701838,15:35:42.236,6.8100,100
56142236701838,15:35:42.236,6.8100,400
56142236701838,15:35:42.236,6.8100,300
56142236701838,15:35:42.236,6.8100,3
56142236701838,15:35:42.236,6.8100,100
56142236701838,15:35:42.236,6.8100,300
56142236701838,15:35:42.236,6.8100,500
56142236701838,15:35:42.236,6.8100,900
56142236842931,15:35:42.236,6.8100,300
56142236859677,15:35:42.236,6.8100,100
56142236859677,15:35:42.236,6.8100,100
56144552072332,15:35:44.552,6.8200,200
56144552072332,15:35:44.552,6.8200,100
56144552072332,15:35:44.552,6.8200,60
56144552145977,15:35:44.552,6.8200,40
56144552145977,15:35:44.552,6.8200,100
56144552145977,15:35:44.552,6.8200,100
56144552145977,15:35:44.552,6.8200,200
56144552371986,15:35:44.552,6.8200,200
56146264077682,15:35:46.264,6.8300,100
56159844675666,15:35:59.844,6.8400,200
56159844675666,15:35:59.844,6.8400,100
56159844675666,15:35:59.844,6.8400,100
56172271204144,15:36:12.271,6.8450,100
56172271204144,15:36:12.271,6.8400,200
56172271204144,15:36:12.271,6.8400,353
56172271908426,15:36:12.271,6.8400,100
56172277633082,15:36:12.277,6.8400,400
56183287989623,15:36:23.287,6.8300,100
56183287989623,15:36:23.287,6.8300,100
56196867448868,15:36:36.867,6.8300,100
56206855462364,15:36:46.855,6.8300,100
56218049211910,15:36:58.049,6.8300,100
56222047723846,15:37:02.047,6.8300,100
56222235223941,15:37:02.235,6.8300,100
56223655932013,15:37:03.655,6.8300,100
56226905547358,15:37:06.905,6.8300,100
56240103493414,15:37:20.103,6.8300,100
56241910888469,15:37:21.910,6.8300,100
56250794331699,15:37:30.794,6.8300,100
56256989793413,15:37:36.989,6.8300,100
56271070001879,15:37:51.070,6.8300,100
56272007976234,15:37:52.007,6.8300,100
56272118261208,15:37:52.118,6.8300,100
56328067709682,15:38:48.067,6.8200,100
56333855198967,15:38:53.855,6.8200,800
56333855198967,15:38:53.855,6.8200,100
56333855198967,15:38:53.855,6.8200,200
56375855739412,15:39:35.855,6.8200,200
56375855739412,15:39:35.855,6.8200,200
56375855739412,15:39:35.855,6.8200,100
56375855739412,15:39:35.855,6.8200,100
56375855739412,15:39:35.855,6.8200,200
56375855739412,15:39:35.855,6.8200,100
56375864386151,15:39:35.864,6.8200,100
56384080880428,15:39:44.080,6.8200,4
56425500718192,15:40:25.500,6.8200,96
56425500718192,15:40:25.500,6.8200,400
56425500718192,15:40:25.500,6.8200,200
56425500718192,15:40:25.500,6.8200,100
56425500718192,15:40:25.500,6.8200,100
56425500718192,15:40:25.500,6.8200,100
56425500718192,15:40:25.500,6.8200,100
56440179199654,15:40:40.179,6.8200,900
56440179199654,15:40:40.179,6.8200,200
56440179199654,15:40:40.179,6.8200,100
56440180318846,15:40:40.180,6.8200,100
56441072952387,15:40:41.072,6.8200,200
56441072952387,15:40:41.072,6.8200,200
56445495878882,15:40:45.495,6.8200,200
56445495878882,15:40:45.495,6.8200,100
56445495878882,15:40:45.495,6.8200,800
56445495878882,15:40:45.495,6.8200,200
56445496834946,15:40:45.496,6.8200,200
56445496834946,15:40:45.496,6.8200,200
56445497060759,15:40:45.497,6.8200,200
56461500745852,15:41:01.500,6.8100,200
56461500745852,15:41:01.500,6.8100,100
56461500745852,15:41:01.500,6.8100,400
56461500745852,15:41:01.500,6.8100,100
56461500745852,15:41:01.500,6.8100,100
56461500745852,15:41:01.500,6.8100,100
56461500745852,15:41:01.500,6.8100,500
56461500745852,15:41:01.500,6.8100,200
56461500745852,15:41:01.500,6.8100,100
56461500745852,15:41:01.500,6.8100,100
56461886876715,15:41:01.886,6.8100,100
56465498235237,15:41:05.498,6.8100,300
56465498235237,15:41:05.498,6.8100,100
56465498235237,15:41:05.498,6.8100,357
56465498235237,15:41:05.498,6.8100,100
56465498235237,15:41:05.498,6.8100,200
56465498235237,15:41:05.498,6.8100,443
56475238031749,15:41:15.238,6.8200,100
56481501635167,15:41:21.501,6.8100,23
56481501635167,15:41:21.501,6.8100,400
56481501635167,15:41:21.501,6.8100,200
56481501635167,15:41:21.501,6.8100,100
56481501635167,15:41:21.501,6.8100,200
56481501635167,15:41:21.501,6.8100,100
56496491808514,15:41:36.491,6.8100,100
56496491849170,15:41:36.491,6.8100,100
56498069749424,15:41:38.069,6.8100,100
56498069749424,15:41:38.069,6.8100,200
56498069749424,15:41:38.069,6.8100,400
56510496080447,15:41:50.496,6.8100,200
56510496080447,15:41:50.496,6.8100,400
56510496080447,15:41:50.496,6.8100,100
56510496577108,15:41:50.496,6.8100,200
56530498053313,15:42:10.498,6.8000,400
56530498053313,15:42:10.498,6.8000,500
56530498053313,15:42:10.498,6.8000,100
56530498053313,15:42:10.498,6.8000,500
56530498053313,15:42:10.498,6.8000,100
56530498053313,15:42:10.498,6.8000,89
56530498053313,15:42:10.498,6.8000,200
56530498053313,15:42:10.498,6.8000,100
56530498053313,15:42:10.498,6.8000,11
56544826928015,15:42:24.826,6.8000,89
56544826928015,15:42:24.826,6.8000,1
56547079128598,15:42:27.079,6.8000,199
56547079128598,15:42:27.079,6.8000,100
56547079128598,15:42:27.079,6.8000,100
56547079128598,15:42:27.079,6.8000,100
56547079128598,15:42:27.079,6.8000,201
56557495514167,15:42:37.495,6.8000,100
56557495514167,15:42:37.495,6.8000,100
56557495514167,15:42:37.495,6.8000,1600
56563862868048,15:42:43.862,6.8000,200
56563862868048,15:42:43.862,6.8000,100
56563862868048,15:42:43.862,6.8000,400
56563862868048,15:42:43.862,6.8000,100
56563862868048,15:42:43.862,6.8000,150
56563862868048,15:42:43.862,6.8000,250
56570495644071,15:42:50.495,6.8000,100
56570495644071,15:42:50.495,6.8000,289
56570495644071,15:42:50.495,6.8000,200
56570495644071,15:42:50.495,6.8000,211
56570496038189,15:42:50.496,6.8000,100
56570496081686,15:42:50.496,6.8000,600
56570496655195,15:42:50.496,6.8000,100
56570496655195,15:42:50.496,6.8000,100
56570498891290,15:42:50.498,6.8000,200
56570500796402,15:42:50.500,6.8000,400
56570588582269,15:42:50.588,6.8000,400
56570588582269,15:42:50.588,6.8000,200
56570588582269,15:42:50.588,6.8000,100
56570588582269,15:42:50.588,6.8000,200
56570588582269,15:42:50.588,6.8000,1000
56570588582269,15:42:50.588,6.8000,1800
56570588582269,15:42:50.588,6.8000,1000
56570588582269,15:42:50.588,6.8000,200
56570588582269,15:42:50.588,6.8000,100
56570588582269,15:42:50.588,6.8000,100
56570588705536,15:42:50.588,6.8000,200
56570588705536,15:42:50.588,6.8000,300
56570594373135,15:42:50.594,6.8000,200
56570594373135,15:42:50.594,6.8000,100
56570885204425,15:42:50.885,6.8000,100
56594060881096,15:43:14.060,6.8100,24
56609501154497,15:43:29.501,6.8000,400
56609501154497,15:43:29.501,6.8000,400
56609501154497,15:43:29.501,6.8000,100
56609501154497,15:43:29.501,6.8000,400
56618864217420,15:43:38.864,6.8000,500
56618864217420,15:43:38.864,6.8000,300
56622501004430,15:43:42.501,6.8000,100
56622501004430,15:43:42.501,6.8000,200
56622501004430,15:43:42.501,6.8000,400
56622501004430,15:43:42.501,6.8000,100
56622501004430,15:43:42.501,6.8000,400
56634500994556,15:43:54.500,6.8000,500
56634500994556,15:43:54.500,6.8000,200
56634500994556,15:43:54.500,6.8000,400
56647501915642,15:44:07.501,6.8000,100
56647501915642,15:44:07.501,6.8000,100
56647501915642,15:44:07.501,6.8000,100
56647501915642,15:44:07.501,6.8000,100
56647501915642,15:44:07.501,6.8000,200
56647501915642,15:44:07.501,6.8000,700
56660501103849,15:44:20.501,6.8000,200
56660501103849,15:44:20.501,6.8000,400
56660501103849,15:44:20.501,6.8000,100
56660501103849,15:44:20.501,6.8000,200
56660501103849,15:44:20.501,6.8000,200
56660501103849,15:44:20.501,6.8000,100
56661099738118,15:44:21.099,6.8000,100
56661099738118,15:44:21.099,6.8000,100
56698499892679,15:44:58.499,6.8000,200
56698499892679,15:44:58.499,6.8000,200
56698499892679,15:44:58.499,6.8000,100
56698499892679,15:44:58.499,6.8000,200
56698499892679,15:44:58.499,6.8000,900
56698499892679,15:44:58.499,6.8000,600
56698559185428,15:44:58.559,6.8000,100
56698559279089,15:44:58.559,6.8000,100
56711499365638,15:45:11.499,6.8050,100
56711499365638,15:45:11.499,6.8000,200
56711499365638,15:45:11.499,6.8000,900
56711499365638,15:45:11.499,6.8000,500
56711499365638,15:45:11.499,6.8000,100
56711499365638,15:45:11.499,6.8000,100
56711499365638,15:45:11.499,6.8000,200
56711499365638,15:45:11.499,6.8000,700
56744847718256,15:45:44.847,6.8000,100
56744847718256,15:45:44.847,6.8000,900
56744847718256,15:45:44.847,6.8000,323
56744847718256,15:45:44.847,6.8000,100
56744847718256,15:45:44.847,6.8000,200
56744847718256,15:45:44.847,6.8000,100
56744847718256,15:45:44.847,6.8000,100
56744847718256,15:45:44.847,6.8000,377
56744861172275,15:45:44.861,6.8000,400
56744861172275,15:45:44.861,6.8000,672
56744861172275,15:45:44.861,6.8000,100
56744861172275,15:45:44.861,6.8000,28
56748503726495,15:45:48.503,6.8000,72
56748503726495,15:45:48.503,6.8000,400
56748503726495,15:45:48.503,6.8000,224
56761505169064,15:46:01.505,6.8000,100
56761505169064,15:46:01.505,6.8000,400
56761505169064,15:46:01.505,6.8000,300
56761505169064,15:46:01.505,6.8000,100
56761505169064,15:46:01.505,6.8000,700
56761505169064,15:46:01.505,6.8000,100
56761505169064,15:46:01.505,6.8000,400
56761505169064,15:46:01.505,6.8000,100
56761505169064,15:46:01.505,6.8000,200
56761642790357,15:46:01.642,6.8050,100
56763866799901,15:46:03.866,6.8000,400
56763866799901,15:46:03.866,6.8000,16
56763866799901,15:46:03.866,6.8000,700
56763866799901,15:46:03.866,6.8000,84
56763866870968,15:46:03.866,6.8000,716
56769474832389,15:46:09.474,6.7900,100
56773506391123,15:46:13.506,6.7900,100
56773506391123,15:46:13.506,6.7900,100
56773506391123,15:46:13.506,6.7900,1000
56773506391123,15:46:13.506,6.7900,700
56773506391123,15:46:13.506,6.7900,100
56773506391123,15:46:13.506,6.7900,500
56775026640031,15:46:15.026,6.7900,100
56776998726987,15:46:16.998,6.7900,6
56776998726987,15:46:16.998,6.7900,16
56779752288234,15:46:19.752,6.7900,77
56784355122115,15:46:24.355,6.7900,700
56784355122115,15:46:24.355,6.7900,100
56784355122115,15:46:24.355,6.7900,400
56784355122115,15:46:24.355,6.7900,400
56784355122115,15:46:24.355,6.7900,100
56784355122115,15:46:24.355,6.7900,600
56829116340470,15:47:09.116,6.7900,300
56890874861339,15:48:10.874,6.7950,100
56890874861339,15:48:10.874,6.7900,400
56942880248600,15:49:02.880,6.7950,100
56942880248600,15:49:02.880,6.7900,500
56942880248600,15:49:02.880,6.7900,100
56979120792472,15:49:39.120,6.7950,100
56979120792472,15:49:39.120,6.7900,500
56979120792472,15:49:39.120,6.7900,400
56979120792472,15:49:39.120,6.7900,100
56979120792472,15:49:39.120,6.7900,200
56979120792472,15:49:39.120,6.7900,900
56979120792472,15:49:39.120,6.7900,300
56979120792472,15:49:39.120,6.7900,100
56979120792472,15:49:39.120,6.7900,200
56979120792472,15:49:39.120,6.7900,100
56979120792472,15:49:39.120,6.7900,100
56979120792472,15:49:39.120,6.7900,100
56979120792472,15:49:39.120,6.7900,131
57017536494754,15:50:17.536,6.7950,69
57081647618527,15:51:21.647,6.7950,100
57102503104081,15:51:42.503,6.8000,900
57102503104081,15:51:42.503,6.8000,200
57102503104081,15:51:42.503,6.8000,400
57102503104081,15:51:42.503,6.8000,700
57102503104081,15:51:42.503,6.8000,100
57102503104081,15:51:42.503,6.8000,100
57102503104081,15:51:42.503,6.8000,600
57102503104081,15:51:42.503,6.8000,600
57102503104081,15:51:42.503,6.8000,500
57102503104081,15:51:42.503,6.8000,300
57102503104081,15:51:42.503,6.8000,100
57102503104081,15:51:42.503,6.8000,200
57102503104081,15:51:42.503,6.8000,100
57102503104081,15:51:42.503,6.8000,3
57102503104081,15:51:42.503,6.8000,100
57102503104081,15:51:42.503,6.8000,100
57102503104081,15:51:42.503,6.8000,100
57102503104081,15:51:42.503,6.8000,100
57102503104081,15:51:42.503,6.8000,100
57102503132177,15:51:42.503,6.8000,200
57102503548652,15:51:42.503,6.8000,100
57102504430395,15:51:42.504,6.8000,200
57102504430395,15:51:42.504,6.8000,1400
57102504430395,15:51:42.504,6.8000,1000
57102504430395,15:51:42.504,6.8000,700
57102504430395,15:51:42.504,6.8000,900
57102504430395,15:51:42.504,6.8000,400
57102504430395,15:51:42.504,6.8000,100
57102504430395,15:51:42.504,6.8000,1800
57102504430395,15:51:42.504,6.8000,200
57102504430395,15:51:42.504,6.8000,400
57102504430395,15:51:42.504,6.8000,300
57102504602102,15:51:42.504,6.8000,300
57102504747922,15:51:42.504,6.8000,200
57102504747922,15:51:42.504,6.8000,467
57102504747922,15:51:42.504,6.8000,33
57102504899356,15:51:42.504,6.8000,67
57102504899356,15:51:42.504,6.8000,633
57102513482871,15:51:42.513,6.8000,700
57102513482871,15:51:42.513,6.8000,100
57102513482871,15:51:42.513,6.8000,1100
57102513482871,15:51:42.513,6.8000,500
57109291271684,15:51:49.291,6.8050,100
57127307248140,15:52:07.307,6.8050,400
57127307769085,15:52:07.307,6.8100,476
57127307769085,15:52:07.307,6.8100,400
57127307769085,15:52:07.307,6.8100,200
57127307769085,15:52:07.307,6.8100,100
57127307769085,15:52:07.307,6.8100,179
57129190645954,15:52:09.190,6.8100,21
57129190645954,15:52:09.190,6.8100,54
57166337995782,15:52:46.337,6.8050,100
57226888527194,15:53:46.888,6.8050,100
57232126737441,15:53:52.126,6.8000,100
57246955738132,15:54:06.955,6.8000,80
57246955738132,15:54:06.955,6.8000,20
57247482444031,15:54:07.482,6.8000,200
57247756474946,15:54:07.756,6.8000,100
57248288304300,15:54:08.288,6.8000,100
57252193175095,15:54:12.193,6.8000,100
57262937706714,15:54:22.937,6.8000,100
57266211332959,15:54:26.211,6.8050,100
57269315550403,15:54:29.315,6.8000,100
57271690075400,15:54:31.690,6.8050,200
57278878716216,15:54:38.878,6.8000,280
57278878716216,15:54:38.878,6.8000,620
57278878794578,15:54:38.878,6.8000,280
57278878794578,15:54:38.878,6.8000,100
57278878794578,15:54:38.878,6.8000,700
57278878794578,15:54:38.878,6.8000,100
57278878794578,15:54:38.878,6.8000,200
57278878794578,15:54:38.878,6.8000,115
57278879259116,15:54:38.879,6.8000,85
57278879259116,15:54:38.879,6.8000,100
57278879259116,15:54:38.879,6.8000,108
57278879305364,15:54:38.879,6.8000,492
57278879305364,15:54:38.879,6.8000,80
57278879305364,15:54:38.879,6.8000,317
57278879305364,15:54:38.879,6.8000,100
57278879305364,15:54:38.879,6.8000,400
57278879847428,15:54:38.879,6.8000,100
57330891277583,15:55:30.891,6.7900,800
57345151586840,15:55:45.151,6.7950,100
57394303465895,15:56:34.303,6.7950,100
57394758336533,15:56:34.758,6.7900,300
57408031779954,15:56:48.031,6.7900,300
57408149549395,15:56:48.149,6.7900,100
57408149549395,15:56:48.149,6.7900,300
57433300122826,15:57:13.300,6.7900,100
57435398209964,15:57:15.398,6.7900,200
57459160521889,15:57:39.160,6.7950,100
57459160521889,15:57:39.160,6.7900,100
57461257526191,15:57:41.257,6.7900,100
57488917690505,15:58:08.917,6.7950,100
57488917690505,15:58:08.917,6.7900,100
57496998741166,15:58:16.998,6.7950,84
57503695864781,15:58:23.695,6.7900,100
57505193560277,15:58:25.193,6.7900,100
57521372221901,15:58:41.372,6.7950,100
57521372221901,15:58:41.372,6.7900,100
57527984797087,15:58:47.984,6.7900,100
57533782233078,15:58:53.782,6.7900,100
57533908321700,15:58:53.908,6.7900,100
57533908321700,15:58:53.908,6.7900,500
57534549735939,15:58:54.549,6.7900,15
57534562090246,15:58:54.562,6.7900,200
57534758624917,15:58:54.758,6.7900,100
57535159194669,15:58:55.159,6.7900,100
57535171027743,15:58:55.171,6.7900,100
57535318952601,15:58:55.318,6.7900,200
57536538147623,15:58:56.538,6.7900,100
57536544726221,15:58:56.544,6.7900,100
57536808995258,15:58:56.808,6.7900,100
57544429877928,15:59:04.429,6.7900,100
57545960840014,15:59:05.960,6.7900,200
57546003959525,15:59:06.003,6.7900,200
57546507541069,15:59:06.507,6.7900,100
57546586941107,15:59:06.586,6.7900,17
57547188166115,15:59:07.188,6.7900,200
57547831615795,15:59:07.831,6.7900,100
57548607744572,15:59:08.607,6.7900,100
57548932822832,15:59:08.932,6.7900,100
57550004879084,15:59:10.004,6.7900,100
57550021416522,15:59:10.021,6.7900,68
57550021416522,15:59:10.021,6.7900,32
57550058226138,15:59:10.058,6.7900,32
57550070672646,15:59:10.070,6.7900,100
57550622802030,15:59:10.622,6.7900,100
57550629648088,15:59:10.629,6.7900,100
57551056414136,15:59:11.056,6.7900,100
57551877379567,15:59:11.877,6.7900,36
57551877379567,15:59:11.877,6.7900,820
57551877379567,15:59:11.877,6.7900,1044
57551930076109,15:59:11.930,6.7900,64
57551942104590,15:59:11.942,6.7900,700
57552145417769,15:59:12.145,6.7900,6
57552152110015,15:59:12.152,6.7900,300
57552990835083,15:59:12.990,6.7900,36
57553003303233,15:59:13.003,6.7900,200
57553571778062,15:59:13.571,6.7900,200
57554478930592,15:59:14.478,6.7900,100
57554759539456,15:59:14.759,6.7900,100
57555033641625,15:59:15.033,6.7900,100
57555703825393,15:59:15.703,6.7900,100
57556495434136,15:59:16.495,6.7900,100
57556792139719,15:59:16.792,6.7950,116
57556792139719,15:59:16.792,6.7950,400
57556792139719,15:59:16.792,6.7950,84
57556993111586,15:59:16.993,6.7900,100
57558363165186,15:59:18.363,6.7900,100
57558752579970,15:59:18.752,6.7900,50
57558752579970,15:59:18.752,6.7900,100
57558752579970,15:59:18.752,6.7900,50
57558759942038,15:59:18.759,6.7900,100
57559766447150,15:59:19.766,6.7900,100
57559947404908,15:59:19.947,6.7900,100
57560111667465,15:59:20.111,6.7900,50
57560111667465,15:59:20.111,6.7900,50
57560118755038,15:59:20.118,6.7900,50
57560118755038,15:59:20.118,6.7900,50
57560150376397,15:59:20.150,6.7900,50
57560917339592,15:59:20.917,6.7900,200
57561190802927,15:59:21.190,6.7900,50
57561203339087,15:59:21.203,6.7900,100
57561333996594,15:59:21.333,6.7900,14
57562216633101,15:59:22.216,6.7900,36
57562216633101,15:59:22.216,6.7900,100
57562216633101,15:59:22.216,6.7900,64
57562248147495,15:59:22.248,6.7900,36
57562248147495,15:59:22.248,6.7900,28
57562264820884,15:59:22.264,6.7900,72
57562264820884,15:59:22.264,6.7900,128
57562317377925,15:59:22.317,6.7900,72
57562317377925,15:59:22.317,6.7900,28
57562325519801,15:59:22.325,6.7900,72
57562325519801,15:59:22.325,6.7900,28
57563286871690,15:59:23.286,6.7900,36
57563299614009,15:59:23.299,6.7900,200
57563782610402,15:59:23.782,6.7900,36
57563782610402,15:59:23.782,6.7900,64
57563921879406,15:59:23.921,6.7900,100
57563969569853,15:59:23.969,6.7900,100
57564021757749,15:59:24.021,6.7900,36
57564021757749,15:59:24.021,6.7900,64
57566794676879,15:59:26.794,6.7900,200
57567405167846,15:59:27.405,6.7900,36
57567405167846,15:59:27.405,6.7900,64
57567412230851,15:59:27.412,6.7900,36
57567412230851,15:59:27.412,6.7900,64
57567443290393,15:59:27.443,6.7900,36
57567443290393,15:59:27.443,6.7900,28
57567704471016,15:59:27.704,6.7900,100
57567711307603,15:59:27.711,6.7900,100
57568508067412,15:59:28.508,6.7900,36
57568752391355,15:59:28.752,6.7900,200
57568759371834,15:59:28.759,6.7900,100
57569907159544,15:59:29.907,6.7900,97
57569907159544,15:59:29.907,6.7900,3
57569942183679,15:59:29.942,6.7900,3
57570522274457,15:59:30.522,6.7900,94
57570522274457,15:59:30.522,6.7900,6
57570570637091,15:59:30.570,6.7900,100
57570984763158,15:59:30.984,6.7900,97
57571420628147,15:59:31.420,6.7900,100
57571724344479,15:59:31.724,6.7900,97
57571724344479,15:59:31.724,6.7900,475
57571731544225,15:59:31.731,6.7900,300
57571752307948,15:59:31.752,6.7900,100
57571758874071,15:59:31.758,6.7900,100
57571816933387,15:59:31.816,6.7900,200
57571993525669,15:59:31.993,6.7900,100
57572909277751,15:59:32.909,6.7900,100
57573076190434,15:59:33.076,6.7900,100
57573092962857,15:59:33.092,6.7900,200
57573710805683,15:59:33.710,6.7900,125
57573710805683,15:59:33.710,6.7900,75
57573759817461,15:59:33.759,6.7900,75
57573772209512,15:59:33.772,6.7900,200
57574275502290,15:59:34.275,6.7900,100
57574515622234,15:59:34.515,6.7900,150
57574515622234,15:59:34.515,6.7900,50
57574542303082,15:59:34.542,6.7900,50
57574542303082,15:59:34.542,6.7900,19
57574542303082,15:59:34.542,6.7900,31
57574571103512,15:59:34.571,6.7900,69
57574571103512,15:59:34.571,6.7900,31
57574752854526,15:59:34.752,6.7900,100
57574759604885,15:59:34.759,6.7900,100
57574804192189,15:59:34.804,6.7900,25
57575695976886,15:59:35.695,6.7900,44
57575695976886,15:59:35.695,6.7900,56
57575704388429,15:59:35.704,6.7900,100
57576155173076,15:59:36.155,6.7900,10
57576520945780,15:59:36.520,6.7900,100
