timestamp,time,price,volume
34200610338418,09:30:00.610,13.9500,100
34209678134616,09:30:09.678,14.0100,100
34209678134616,09:30:09.678,14.0000,13
34209678161915,09:30:09.678,14.0000,87
34209678161915,09:30:09.678,14.0000,13
34209678374482,09:30:09.678,14.0100,100
34209679073174,09:30:09.679,14.0700,72
34616550130485,09:36:56.550,13.9600,100
34616579533862,09:36:56.579,13.9100,100
34617187491701,09:36:57.187,13.8100,1
34650005400909,09:37:30.005,13.8200,8
34650005400909,09:37:30.005,13.8100,14
34650007680190,09:37:30.007,13.8100,8
34650007970990,09:37:30.007,13.8100,28
37032887595261,10:17:12.887,13.6900,100
37032888242276,10:17:12.888,13.6900,100
37046689575259,10:17:26.689,13.7000,100
37046690255399,10:17:26.690,13.6900,100
37053318937863,10:17:33.318,13.6700,100
37058997340929,10:17:38.997,13.6200,100
37069236961458,10:17:49.236,13.6200,100
37095593812990,10:18:15.593,13.5900,1
37109575114946,10:18:29.575,13.6100,300
37109575165762,10:18:29.575,13.6100,100
37160745129564,10:19:20.745,13.5800,1
37205335488752,10:20:05.335,13.4900,200
37300742466742,10:21:40.742,13.5400,49
37339868128713,10:22:19.868,13.6000,100
37339868459416,10:22:19.868,13.6000,100
38125386437112,10:35:25.386,13.5800,100
38125392928836,10:35:25.392,13.5400,21
38125392928836,10:35:25.392,13.5400,1
38192254783026,10:36:32.254,13.6100,28
38840079642381,10:47:20.079,13.5400,28
38840079642381,10:47:20.079,13.5400,72
40154322981002,11:09:14.322,13.6200,100
40154323354043,11:09:14.323,13.6100,48
40154323469625,11:09:14.323,13.6100,52
40277222917555,11:11:17.222,13.5900,28
40277222918138,11:11:17.222,13.5700,12
40323634151736,11:12:03.634,13.5500,88
40323634151736,11:12:03.634,13.5500,12
40328993703843,11:12:08.993,13.5900,100
40329504103313,11:12:09.504,13.6000,100
41046408335456,11:24:06.408,13.5000,17
41280103901187,11:28:00.103,13.4500,2
41280103901187,11:28:00.103,13.4500,100
41433945039976,11:30:33.945,13.4100,100
41433945124037,11:30:33.945,13.4100,4
41459906705673,11:30:59.906,13.4000,1
41882622145539,11:38:02.622,13.3500,65
42431461175099,11:47:11.461,13.3300,100
42431461476269,11:47:11.461,13.3300,100
42431461512895,11:47:11.461,13.3300,100
43737449765983,12:08:57.449,13.3900,100
43737449765983,12:08:57.449,13.3900,100
43737450703742,12:08:57.450,13.3800,99
43737450911966,12:08:57.450,13.3800,1
43737450911966,12:08:57.450,13.3800,30
43737451276947,12:08:57.451,13.3800,70
43751250502167,12:09:11.250,13.3800,10
43850248092109,12:10:50.248,13.3900,200
43995312088437,12:13:15.312,13.4000,100
43995312088437,12:13:15.312,13.4000,100
44982768743983,12:29:42.768,13.4300,28
44997665409254,12:29:57.665,13.4200,1
45415768723084,12:36:55.768,13.4100,5
45415769154892,12:36:55.769,13.4000,100
45415769154892,12:36:55.769,13.4000,100
45939936671054,12:45:39.936,13.3100,6
45939936671054,12:45:39.936,13.3100,81
46129542187237,12:48:49.542,13.3300,15
47519025780891,13:11:59.025,13.3700,32
47519025875465,13:11:59.025,13.3700,18
49194902945510,13:39:54.902,13.4100,100
49239056691948,13:40:39.056,13.4100,100
49631850251017,13:47:11.850,13.3800,100
49631850251017,13:47:11.850,13.3800,1
49631851296907,13:47:11.851,13.3700,29
49631852328292,13:47:11.852,13.3700,71
49632963660389,13:47:12.963,13.3500,21
49643897652401,13:47:23.897,13.3400,100
49663206734533,13:47:43.206,13.3000,100
51401842766401,14:16:41.842,13.4400,7
51401844480417,14:16:41.844,13.4400,7
52061271602942,14:27:41.271,13.3400,7
53118329901880,14:45:18.329,13.3300,100
53286856921290,14:48:06.856,13.4000,100
53474680802003,14:51:14.680,13.4200,18
53474681020789,14:51:14.681,13.4100,15
53474686617041,14:51:14.686,13.4000,3
53595394691678,14:53:15.394,13.4300,100
53973751601786,14:59:33.751,13.6000,26
54116870621003,15:01:56.870,13.5800,1
54132869328327,15:02:12.869,13.5800,3
54183972609141,15:03:03.972,13.6000,100
54359730196557,15:05:59.730,13.6900,100
54359730907595,15:05:59.730,13.6800,2
54359730956806,15:05:59.730,13.6600,1
54359731329510,15:05:59.731,13.6400,1
54854608907983,15:14:14.608,13.6700,100
54921810280383,15:15:21.810,13.6900,100
55065514823156,15:17:45.514,13.6800,4
55119721485299,15:18:39.721,13.5600,100
55119723426016,15:18:39.723,13.5400,700
55119724903818,15:18:39.724,13.5300,200
55195007424861,15:19:55.007,13.5200,100
55237579971563,15:20:37.579,13.5400,100
55237580757411,15:20:37.580,13.5300,100
55237581288449,15:20:37.581,13.5400,100
55237583540465,15:20:37.583,13.5200,25
55237583540465,15:20:37.583,13.5200,46
55237583769879,15:20:37.583,13.5200,54
55237583830895,15:20:37.583,13.5200,37
55409364809481,15:23:29.364,13.5100,10
55409365042990,15:23:29.365,13.5000,1
55409367010395,15:23:29.367,13.5000,33
55409367010395,15:23:29.367,13.5000,42
55409367056471,15:23:29.367,13.5000,21
55409367056471,15:23:29.367,13.5000,100
55409367134131,15:23:29.367,13.4900,2
55999859721158,15:33:19.859,13.4800,100
55999866593834,15:33:19.866,13.4800,5
55999866593834,15:33:19.866,13.4900,95
55999892964194,15:33:19.892,13.4900,5
56190335456982,15:36:30.335,13.4800,100
56190553292758,15:36:30.553,13.4900,100
56190553828685,15:36:30.553,13.4900,100
56245519419542,15:37:25.519,13.5300,100
56670895945485,15:44:30.895,13.5000,1
56670895945485,15:44:30.895,13.5000,2
56670895945485,15:44:30.895,13.5000,16
56687325449222,15:44:47.325,13.5000,100
56718290363190,15:45:18.290,13.4900,100
56718290423232,15:45:18.290,13.4900,100
56718290818086,15:45:18.290,13.4900,100
56884025240413,15:48:04.025,13.4900,18
56884025443140,15:48:04.025,13.4900,22
56884025443140,15:48:04.025,13.4900,18
57125132201377,15:52:05.132,13.4600,100
57144331253814,15:52:24.331,13.4400,1
57144333164875,15:52:24.333,13.4400,20
57144333164875,15:52:24.333,13.4400,25
57144334729756,15:52:24.334,13.4400,25
57144335741811,15:52:24.335,13.4400,20
57176902445426,15:52:56.902,13.4600,100
57176902445426,15:52:56.902,13.4600,30
57191980656934,15:53:11.980,13.4600,7
57265439105570,15:54:25.439,13.4500,100
57265439105570,15:54:25.439,13.4500,100
57300203681092,15:55:00.203,13.4800,3
57441771220223,15:57:21.771,13.5000,4
57547950974875,15:59:07.950,13.5600,100
57548803515294,15:59:08.803,13.5600,36
57549239395881,15:59:09.239,13.5600,6
57549455012602,15:59:09.455,13.5600,100
57549476752759,15:59:09.476,13.5600,100
57549565013799,15:59:09.565,13.5600,58
57600328616939,16:00:00.328,0.0000,0
