timestamp,time,price,volume
34200784850156,09:30:00.784,19.7500,1555
34315067594478,09:31:55.067,19.7500,5
34315067594478,09:31:55.067,19.7500,1
34315067594478,09:31:55.067,19.7500,100
34523148748753,09:35:23.148,19.7700,100
34565503212809,09:36:05.503,19.7600,100
34718321378037,09:38:38.321,19.7600,1
34744361274374,09:39:04.361,19.7600,3
34771351542474,09:39:31.351,19.7600,44
36067421915888,10:01:07.421,19.7300,100
36067421915888,10:01:07.421,19.7300,100
36067421915888,10:01:07.421,19.7300,19
36067421997537,10:01:07.421,19.7300,81
36067421997537,10:01:07.421,19.7300,19
36067422068319,10:01:07.422,19.7300,81
36414824637249,10:06:54.824,19.7600,37
36414824644351,10:06:54.824,19.7600,37
36431504040293,10:07:11.504,19.7700,93
36979445520324,10:16:19.445,19.7650,10
37584083830344,10:26:24.083,19.7700,20
37801040283074,10:30:01.040,19.8000,80
37870245891108,10:31:10.245,19.7900,20
38040118957880,10:34:00.118,19.8000,40
38040118983904,10:34:00.118,19.8000,21
38098537623141,10:34:58.537,19.7800,100
38144986490751,10:35:44.986,19.8000,100
38145012430495,10:35:45.012,19.8000,1
38159111097794,10:35:59.111,19.8200,100
38159111122864,10:35:59.111,19.8200,200
38159123910702,10:35:59.123,19.8000,9
38159123910702,10:35:59.123,19.8000,10
38159124902727,10:35:59.124,19.8000,46
38278318413890,10:37:58.318,19.8200,5
38529420111722,10:42:09.420,19.8000,5
38649320240019,10:44:09.320,19.8000,100
38649325215651,10:44:09.325,19.8100,100
38903767183771,10:48:23.767,19.8500,50
38903767183771,10:48:23.767,19.8500,34
38903767183771,10:48:23.767,19.8500,5
38903767183771,10:48:23.767,19.8500,11
38903767223510,10:48:23.767,19.8500,89
39750372657236,11:02:30.372,19.8500,5
39899148830291,11:04:59.148,19.8300,46
39899148830291,11:04:59.148,19.8300,100
39899148830291,11:04:59.148,19.8300,5
39899148830291,11:04:59.148,19.8300,49
39899148887866,11:04:59.148,19.8300,51
40099570096953,11:08:19.570,19.8000,5
40108298940843,11:08:28.298,19.8100,100
40182368417116,11:09:42.368,19.7900,5
40183028982970,11:09:43.028,19.7900,100
40188247140557,11:09:48.247,19.8000,2
40188247221462,11:09:48.247,19.8000,3
40188252329542,11:09:48.252,19.8000,100
40283701061043,11:11:23.701,19.7700,1
40452555174806,11:14:12.555,19.7800,76
40578733524956,11:16:18.733,19.7800,100
40584149819621,11:16:24.149,19.7900,1
40641238746217,11:17:21.238,19.7900,100
41388035088564,11:29:48.035,19.8100,5
42126255529347,11:42:06.255,19.8100,85
42126255583956,11:42:06.255,19.8000,5
42126255583956,11:42:06.255,19.8000,5
42126255584751,11:42:06.255,19.8000,55
42618477558728,11:50:18.477,19.8100,5
42618477558728,11:50:18.477,19.8100,100
42618478051631,11:50:18.478,19.8100,200
42755362641399,11:52:35.362,19.8600,100
43043227988537,11:57:23.227,19.8400,5
43043227988537,11:57:23.227,19.8400,5
43043227988537,11:57:23.227,19.8400,10
43180050975368,11:59:40.050,19.8400,5
43180050975368,11:59:40.050,19.8400,5
43257342061074,12:00:57.342,19.8500,100
43532329485987,12:05:32.329,19.8500,10
43822073723600,12:10:22.073,19.8700,100
43822074291560,12:10:22.074,19.8700,100
44155250264705,12:15:55.250,19.8700,5
44155250264705,12:15:55.250,19.8700,1
44846132238728,12:27:26.132,19.8500,100
44904967425366,12:28:24.967,19.8700,100
45182382184329,12:33:02.382,19.8800,100
45474202837197,12:37:54.202,19.8700,100
45574957351085,12:39:34.957,19.8600,13
45574957384236,12:39:34.957,19.8600,87
45665101739089,12:41:05.101,19.8600,100
45665101739089,12:41:05.101,19.8600,100
45665101739089,12:41:05.101,19.8600,100
46982364267546,13:03:02.364,19.8600,100
46982364267546,13:03:02.364,19.8600,100
47094227055242,13:04:54.227,19.8400,100
47433758568869,13:10:33.758,19.8400,100
47433758607118,13:10:33.758,19.8400,100
47433758607118,13:10:33.758,19.8400,99
47433758624030,13:10:33.758,19.8400,1
47437985959761,13:10:37.985,19.8400,65
47438985940328,13:10:38.985,19.8400,77
47446029655048,13:10:46.029,19.8400,158
47446029655048,13:10:46.029,19.8400,42
47446029696866,13:10:46.029,19.8400,58
47987578168707,13:19:47.578,19.8200,5
47987578839832,13:19:47.578,19.8100,100
47987578839832,13:19:47.578,19.8100,85
47987578839832,13:19:47.578,19.8100,20
48123162227524,13:22:03.162,19.8000,20
48123162227524,13:22:03.162,19.8000,70
48123162270002,13:22:03.162,19.8000,101
48123162285554,13:22:03.162,19.8000,29
48131147869570,13:22:11.147,19.8000,5
48131147869570,13:22:11.147,19.8000,95
48132279458529,13:22:12.279,19.8200,34
48132279770331,13:22:12.279,19.8200,34
48132279869079,13:22:12.279,19.8200,32
48336266216305,13:25:36.266,19.8000,4
48339381412657,13:25:39.381,19.8000,3
48667621406204,13:31:07.621,19.8100,5
49313262067146,13:41:53.262,19.8200,98
49792853960993,13:49:52.853,19.7800,5
49792853960993,13:49:52.853,19.7800,10
49792853960993,13:49:52.853,19.7800,5
49792853960993,13:49:52.853,19.7800,10
50402719579705,14:00:02.719,19.7500,11
50402719579705,14:00:02.719,19.7500,5
50402719579705,14:00:02.719,19.7500,5
50402719579705,14:00:02.719,19.7500,10
50409268606627,14:00:09.268,19.7700,1
50409268606627,14:00:09.268,19.7700,100
50409268606627,14:00:09.268,19.7700,2
50409268606627,14:00:09.268,19.7700,100
50409268606627,14:00:09.268,19.7700,45
50409268608842,14:00:09.268,19.7700,53
50409268608842,14:00:09.268,19.7700,100
50409268608842,14:00:09.268,19.7700,22
50409268609782,14:00:09.268,19.7700,78
50442013284535,14:00:42.013,19.7900,100
50442013284535,14:00:42.013,19.8000,302
50865398686533,14:07:45.398,19.8100,5
50865398704006,14:07:45.398,19.8000,5
50865398704006,14:07:45.398,19.8000,5
50865398704006,14:07:45.398,19.8000,10
51385484645207,14:16:25.484,19.8400,100
51385484800333,14:16:25.484,19.8400,100
51400237450557,14:16:40.237,19.8400,1
51579258522579,14:19:39.258,19.8500,2
51579258880192,14:19:39.258,19.8500,100
51579263831342,14:19:39.263,19.8600,70
51579263900429,14:19:39.263,19.8500,5
52058579720500,14:27:38.579,19.8300,100
52206855736501,14:30:06.855,19.7700,5
52338257623441,14:32:18.257,19.7600,12
52459507912285,14:34:19.507,19.7700,5
52887098502366,14:41:27.098,19.7700,95
52887098509798,14:41:27.098,19.7700,5
53089739261231,14:44:49.739,19.7600,100
53189257730932,14:46:29.257,19.7700,100
53216227810897,14:46:56.227,19.7700,25
53367145680198,14:49:27.145,19.7700,5
53574540411735,14:52:54.540,19.7800,25
53574540412487,14:52:54.540,19.7800,41
53574543851864,14:52:54.543,19.7800,34
53715124086074,14:55:15.124,19.7800,5
53990189085186,14:59:50.189,19.8300,5
53990189085186,14:59:50.189,19.8300,25
54238032983067,15:03:58.032,19.8300,95
54238032983067,15:03:58.032,19.8200,5
54238033009698,15:03:58.033,19.8200,95
54238033055994,15:03:58.033,19.8100,84
54238033058567,15:03:58.033,19.8100,16
54637628351573,15:10:37.628,19.8100,400
54637628540032,15:10:37.628,19.8000,5
54637628540032,15:10:37.628,19.8000,10
54955281606693,15:15:55.281,19.8000,100
55031861817151,15:17:11.861,19.7900,100
55288244798168,15:21:28.244,19.7700,5
55288244798168,15:21:28.244,19.7700,95
55288245257149,15:21:28.245,19.7700,5
55318931807692,15:21:58.931,19.7600,100
55318932764061,15:21:58.932,19.7600,100
55784453579957,15:29:44.453,19.7300,2
55784454093632,15:29:44.454,19.7200,51
56032283069828,15:33:52.283,19.7200,49
56033500728317,15:33:53.500,19.7200,20
56062375782606,15:34:22.375,19.7100,85
56062375782606,15:34:22.375,19.7100,15
56062376086390,15:34:22.376,19.7100,2
56062436613991,15:34:22.436,19.7000,100
56072460510372,15:34:32.460,19.7000,100
56072460510372,15:34:32.460,19.7000,45
56072460513351,15:34:32.460,19.7000,36
56072460513986,15:34:32.460,19.7000,37
56072460541837,15:34:32.460,19.7000,82
56324040095398,15:38:44.040,19.7100,7
56324040122343,15:38:44.040,19.7100,93
56324040122343,15:38:44.040,19.7100,100
56324040122343,15:38:44.040,19.7100,100
56324040122343,15:38:44.040,19.7100,9
56324040122343,15:38:44.040,19.7100,1
56332449121174,15:38:52.449,19.7200,40
56350698117790,15:39:10.698,19.7200,100
56350698217573,15:39:10.698,19.7200,100
56360389001721,15:39:20.389,19.7400,25
56360389027855,15:39:20.389,19.7400,75
56360389054376,15:39:20.389,19.7400,3
56474949972268,15:41:14.949,19.7400,3
56474950349158,15:41:14.950,19.7400,97
56573814248616,15:42:53.814,19.7400,32
56573814284540,15:42:53.814,19.7400,31
56573814370398,15:42:53.814,19.7400,1
56573814400158,15:42:53.814,19.7400,32
56594364609653,15:43:14.364,19.7500,100
56773911326721,15:46:13.911,19.7600,100
56773911326721,15:46:13.911,19.7600,5
56852645088688,15:47:32.645,19.7300,5
56853956802351,15:47:33.956,19.7300,1
56950962116647,15:49:10.962,19.7100,10
56950962433288,15:49:10.962,19.7100,32
56987098484923,15:49:47.098,19.7100,58
56988705714431,15:49:48.705,19.7100,1
57311717614695,15:55:11.717,19.7300,100
57362297208836,15:56:02.297,19.7500,200
57362297329137,15:56:02.297,19.7500,61
57362297364852,15:56:02.297,19.7500,16
57362297364852,15:56:02.297,19.7500,111
57362297377463,15:56:02.297,19.7500,31
57362297409185,15:56:02.297,19.7500,32
57371366291879,15:56:11.366,19.7500,36
57371366641992,15:56:11.366,19.7500,36
57371366951822,15:56:11.366,19.7500,36
57371367256517,15:56:11.367,19.7500,36
57377880049008,15:56:17.880,19.7500,5
57422869877718,15:57:02.869,19.7500,90
57422887239779,15:57:02.887,19.7500,1
57423692361593,15:57:03.692,19.7500,56
57450017390529,15:57:30.017,19.7500,424
57450017390529,15:57:30.017,19.7500,76
57450017520330,15:57:30.017,19.7500,100
57450017612025,15:57:30.017,19.7500,24
57460017948188,15:57:40.017,19.7600,100
57460017948188,15:57:40.017,19.7600,100
57468018329527,15:57:48.018,19.7600,200
57478017061777,15:57:58.017,19.7600,100
57478017061777,15:57:58.017,19.7700,100
57483018541681,15:58:03.018,19.7600,100
57488019181630,15:58:08.019,19.7600,100
57497017470240,15:58:17.017,19.7700,100
57507016555443,15:58:27.016,19.7800,100
57512018753983,15:58:32.018,19.7900,200
57515086413384,15:58:35.086,19.7900,5
57516019376532,15:58:36.019,19.7900,158
57516019376532,15:58:36.019,19.8000,100
57516019376532,15:58:36.019,19.8000,42
57535016925244,15:58:55.016,19.7900,100
57535016925244,15:58:55.016,19.8000,58
57535016925244,15:58:55.016,19.8000,42
57535017658368,15:58:55.017,19.7900,20
57539022077135,15:58:59.022,19.7950,100
57539022077135,15:58:59.022,19.8000,20
57539022077135,15:58:59.022,19.8000,10
57539022077135,15:58:59.022,19.8000,10
57541020214753,15:59:01.020,19.7950,100
57542020576915,15:59:02.020,19.7950,100
57546025415383,15:59:06.025,19.7950,100
57549221438531,15:59:09.221,19.7950,52
57549222547924,15:59:09.222,19.7900,100
57550024614524,15:59:10.024,19.7950,48
57550024614524,15:59:10.024,19.8000,200
57550024614524,15:59:10.024,19.8000,22
57550024773940,15:59:10.024,19.8000,48
57558024190382,15:59:18.024,19.8000,100
57558024190382,15:59:18.024,19.8100,100
57558024190382,15:59:18.024,19.8100,100
57558024610372,15:59:18.024,19.8100,42
57560141361335,15:59:20.141,19.8000,44
57560141361335,15:59:20.141,19.8000,5
57560141361335,15:59:20.141,19.7900,51
57563024870666,15:59:23.024,19.8000,100
57563024870666,15:59:23.024,19.8100,100
57568023525782,15:59:28.023,19.8000,100
57568025609384,15:59:28.025,19.8000,100
57575219221388,15:59:35.219,19.7900,11
57575219221388,15:59:35.219,19.7900,59
57576255719039,15:59:36.255,19.8000,100
57576255742599,15:59:36.255,19.8000,62
57576401494953,15:59:36.401,19.7900,114
57576401494953,15:59:36.401,19.7900,600
57576401494953,15:59:36.401,19.7900,40
57576401651381,15:59:36.401,19.7900,100
57576401651381,15:59:36.401,19.7900,100
57576401655347,15:59:36.401,19.7900,100
57576401831336,15:59:36.401,19.7850,100
57577646296627,15:59:37.646,19.7800,42
57577646325196,15:59:37.646,19.7800,58
57577646325196,15:59:37.646,19.7800,200
57577646325196,15:59:37.646,19.7800,162
57577646325196,15:59:37.646,19.7800,173
57578152902916,15:59:38.152,19.7750,100
57578152902916,15:59:38.152,19.7800,100
57578266952126,15:59:38.266,19.7700,17
57578671192463,15:59:38.671,19.7700,14
57585178375988,15:59:45.178,19.7700,1
57591934816224,15:59:51.934,19.7700,2
57596512720632,15:59:56.512,19.7800,100
57596960335363,15:59:56.960,19.7900,100
57597514554767,15:59:57.514,19.7800,100
57597514644995,15:59:57.514,19.7800,100
57597805153455,15:59:57.805,19.7900,100
57597876242775,15:59:57.876,19.7900,98
57598147862254,15:59:58.147,19.8000,200
57598147862254,15:59:58.147,19.8000,298
57598148175962,15:59:58.148,19.8000,2
57598148175962,15:59:58.148,19.8000,98
57599048880716,15:59:59.048,19.8000,124
57599069792001,15:59:59.069,19.8000,4
57599901062395,15:59:59.901,19.8000,300
57600621481784,16:00:00.621,19.7900,11757
