timestamp,time,price,volume
34199050569308,09:29:59.050,21.0000,100
34200839980314,09:30:00.839,20.9500,1311
34201498503764,09:30:01.498,21.0000,100
35311226372691,09:48:31.226,20.8700,100
35311226708889,09:48:31.226,20.7800,100
35432316803381,09:50:32.316,20.8800,5
35753331615521,09:55:53.331,20.8700,5
35869976979864,09:57:49.976,20.7600,86
35869998561072,09:57:49.998,20.6600,100
36074346719581,10:01:14.346,20.7100,5
36696892306840,10:11:36.892,20.7000,100
36696892342231,10:11:36.892,20.7000,2
36696892374850,10:11:36.892,20.7200,100
36716378144889,10:11:56.378,20.8000,5
36985391511379,10:16:25.391,20.7900,5
37305231580276,10:21:45.231,20.7900,100
37626225228619,10:27:06.225,20.8050,5
37907805160095,10:31:47.805,20.8000,90
37913040817780,10:31:53.040,20.8500,5
38067409560460,10:34:27.409,20.8050,100
38192253086228,10:36:32.253,20.8600,84
38192253086228,10:36:32.253,20.8600,16
38304261029185,10:38:24.261,20.8050,5
38693298680274,10:44:53.298,20.8700,100
38693298694933,10:44:53.298,20.8800,100
38693298706235,10:44:53.298,20.9100,23
38693298712144,10:44:53.298,20.9100,77
38693298712144,10:44:53.298,20.9100,23
38693853112262,10:44:53.853,20.8950,100
38696065942220,10:44:56.065,20.8600,42
38696065942220,10:44:56.065,20.8600,58
38803083746734,10:46:43.083,20.9050,5
38986853498082,10:49:46.853,20.9150,5
38986853506608,10:49:46.853,20.9150,45
38986853581716,10:49:46.853,20.9600,55
38986853591704,10:49:46.853,20.9600,10
38986853616354,10:49:46.853,20.9300,45
39042264686459,10:50:42.264,20.9300,50
39046782175307,10:50:46.782,20.9250,50
39057257540885,10:50:57.257,20.9500,100
39057266575367,10:50:57.266,20.9500,100
39057266579843,10:50:57.266,20.9500,31
39057266595831,10:50:57.266,20.9500,69
39057267054376,10:50:57.267,20.9500,31
39057267141203,10:50:57.267,20.9500,31
39057267194867,10:50:57.267,20.9500,7
39057267226834,10:50:57.267,20.9500,24
39057267280490,10:50:57.267,20.9500,7
39123298998838,10:52:03.298,20.9700,5
39124362421430,10:52:04.362,20.9700,95
39124362440711,10:52:04.362,20.9900,66
39124362509310,10:52:04.362,20.9900,34
39124362509310,10:52:04.362,20.9900,100
39124362645206,10:52:04.362,21.0000,100
39124362679450,10:52:04.362,21.0000,8
39124362792960,10:52:04.362,21.0000,62
39124362838394,10:52:04.362,21.0000,30
39124362838394,10:52:04.362,21.0000,70
39124363438555,10:52:04.363,21.0000,30
39124363438555,10:52:04.363,21.0000,70
39124744803679,10:52:04.744,21.0000,30
39124744803679,10:52:04.744,21.0000,70
39239358179836,10:53:59.358,20.9600,10
39268817490300,10:54:28.817,20.8700,100
39268818579650,10:54:28.818,20.8700,100
39358678112372,10:55:58.678,20.9400,100
39358728538664,10:55:58.728,20.9150,100
39812330234639,11:03:32.330,20.9200,5
40033541189752,11:07:13.541,20.9800,5
40125944581558,11:08:45.944,20.9200,5
40356356817315,11:12:36.356,20.9600,5
40499563653677,11:14:59.563,20.9100,5
40660343596606,11:17:40.343,20.9400,5
40660343599406,11:17:40.343,20.9000,24
40660343599406,11:17:40.343,20.9000,10
40660343599406,11:17:40.343,20.8800,52
40660343678357,11:17:40.343,20.8800,48
40660343678357,11:17:40.343,20.8800,52
40660344874513,11:17:40.344,20.8950,100
40662846278257,11:17:42.846,20.8800,100
40663797258171,11:17:43.797,20.9000,100
40894636853775,11:21:34.636,20.8900,5
41316208045824,11:28:36.208,20.8800,5
41440929751355,11:30:40.929,20.8700,5
41440929751355,11:30:40.929,20.8500,95
41440929925064,11:30:40.929,20.8500,55
41535496837787,11:32:15.496,20.8400,100
41535496920662,11:32:15.496,20.8500,88
41535497100953,11:32:15.497,20.8500,12
41724249940661,11:35:24.249,20.9000,100
41905038012321,11:38:25.038,20.9000,5
41905038542425,11:38:25.038,20.9000,95
41905038542425,11:38:25.038,20.9100,5
41943965855260,11:39:03.965,20.8600,100
42759267279614,11:52:39.267,20.8900,5
42759267279614,11:52:39.267,20.8900,5
42759267279614,11:52:39.267,20.8900,5
42814323439856,11:53:34.323,20.9200,5
42814323439856,11:53:34.323,20.9200,95
42814323451334,11:53:34.323,20.9200,5
42987290313839,11:56:27.290,20.9300,5
43374785300397,12:02:54.785,20.9400,5
43408310017096,12:03:28.310,20.9200,1
43592555387754,12:06:32.555,20.9500,100
43592563950535,12:06:32.563,20.9600,100
43592563950535,12:06:32.563,20.9600,95
43592563950535,12:06:32.563,20.9600,100
43592563950535,12:06:32.563,20.9600,200
43592568908972,12:06:32.568,20.9700,100
43592569234121,12:06:32.569,20.9600,1900
43592569895118,12:06:32.569,20.9600,301
43592569928321,12:06:32.569,20.9600,231
43592569933530,12:06:32.569,20.9600,55
43592569965682,12:06:32.569,20.9600,100
43592571101485,12:06:32.571,20.9750,100
43661046662816,12:07:41.046,20.9800,100
43661046735931,12:07:41.046,20.9800,100
43661047209417,12:07:41.047,20.9800,100
43676408487404,12:07:56.408,20.9800,100
43676408568170,12:07:56.408,20.9700,39
43676409372042,12:07:56.409,20.9700,61
43676505419527,12:07:56.505,20.9650,100
44079149158786,12:14:39.149,20.9900,165
44079149186631,12:14:39.149,20.9900,77
44079149186631,12:14:39.149,20.9900,33
44079149210178,12:14:39.149,20.9900,67
44079149210178,12:14:39.149,20.9900,33
44079149216332,12:14:39.149,20.9900,67
44079149859855,12:14:39.149,21.0000,30
44079149859855,12:14:39.149,21.0000,70
44079149898950,12:14:39.149,21.0000,30
44080439179130,12:14:40.439,21.0000,100
44080440718055,12:14:40.440,21.0000,100
44091472966705,12:14:51.472,21.0000,100
44099639975164,12:14:59.639,21.0000,100
44415427777600,12:20:15.427,21.0000,100
44415732103797,12:20:15.732,21.0000,100
44500900167178,12:21:40.900,21.0000,100
44500903667432,12:21:40.903,21.0000,100
44500903667432,12:21:40.903,21.0000,50
44506998376298,12:21:46.998,21.0000,100
44515314359918,12:21:55.314,21.0000,100
44534015057525,12:22:14.015,21.0000,100
44534015252427,12:22:14.015,21.0000,99
44534016273717,12:22:14.016,21.0000,1
44534016273717,12:22:14.016,21.0000,100
44534016273717,12:22:14.016,21.0000,200
44534016336896,12:22:14.016,21.0100,100
44534741075671,12:22:14.741,21.0600,100
44688180653003,12:24:48.180,21.1200,5
44709873134831,12:25:09.873,21.1050,54
44709873135463,12:25:09.873,21.1050,46
44709873189493,12:25:09.873,21.1050,100
44709873190714,12:25:09.873,21.1050,200
44750586947249,12:25:50.586,21.1100,100
44750592554297,12:25:50.592,21.1400,20
44750592561636,12:25:50.592,21.1400,55
44750592566790,12:25:50.592,21.1400,25
44750593467357,12:25:50.593,21.1550,100
44750593467357,12:25:50.593,21.1400,100
44750593467357,12:25:50.593,21.1300,100
44750593467357,12:25:50.593,21.1200,511
44770109265577,12:26:10.109,21.1400,23
44772865825107,12:26:12.865,21.1400,26
44774749677203,12:26:14.749,21.1400,51
44954794539638,12:29:14.794,21.1800,5
45221807822308,12:33:41.807,21.1800,5
45359292668384,12:35:59.292,21.1400,100
45359292668384,12:35:59.292,21.1300,81
45359293096762,12:35:59.293,21.1300,19
45359293096762,12:35:59.293,21.1300,81
45359293150921,12:35:59.293,21.1300,19
45359293150921,12:35:59.293,21.1300,20
45359293956360,12:35:59.293,21.1200,100
45532548307975,12:38:52.548,21.1200,100
45532554145221,12:38:52.554,21.1300,5
45532554145221,12:38:52.554,21.1300,95
45532554182612,12:38:52.554,21.1300,5
45532554182612,12:38:52.554,21.1300,5
45840100778760,12:44:00.100,21.1800,100
45840100778760,12:44:00.100,21.1800,100
45840108186456,12:44:00.108,21.2100,1
45840586291790,12:44:00.586,21.2400,100
46510155065822,12:55:10.155,21.2500,4
46706037892530,12:58:26.037,21.2900,100
46762637812207,12:59:22.637,21.2500,6
46762637812207,12:59:22.637,21.2500,5
46762638167768,12:59:22.638,21.2500,50
46762638361646,12:59:22.638,21.2500,39
47035745163492,13:03:55.745,21.2700,5
47035745163492,13:03:55.745,21.2700,5
47035745163492,13:03:55.745,21.2600,50
47154955175729,13:05:54.955,21.2500,300
47154955175729,13:05:54.955,21.2200,90
47209941798620,13:06:49.941,21.2650,200
47209943449344,13:06:49.943,21.2650,100
47209948770672,13:06:49.948,21.2200,100
47209948770672,13:06:49.948,21.2200,100
47209948770672,13:06:49.948,21.2100,200
47209948770672,13:06:49.948,21.2000,100
47209950403780,13:06:49.950,21.1900,100
47209974991521,13:06:49.974,21.1900,100
47210052399722,13:06:50.052,21.1800,100
47210061126981,13:06:50.061,21.1900,100
47210061182332,13:06:50.061,21.1900,100
47210061954480,13:06:50.061,21.1900,100
47210140514534,13:06:50.140,21.1500,100
47210140514534,13:06:50.140,21.1500,100
47210140514534,13:06:50.140,21.1500,225
47211599658058,13:06:51.599,21.1900,100
47211599687569,13:06:51.599,21.1900,100
47211599689636,13:06:51.599,21.1900,100
47211599691380,13:06:51.599,21.1900,100
47278646699702,13:07:58.646,21.2000,5
47950927028059,13:19:10.927,21.2300,100
47950927041867,13:19:10.927,21.2300,5
47950927041867,13:19:10.927,21.2300,5
47950927041867,13:19:10.927,21.2300,90
47950927065002,13:19:10.927,21.2300,10
47950927255974,13:19:10.927,21.2300,10
47950927272676,13:19:10.927,21.2300,52
47950927273879,13:19:10.927,21.2300,38
47950927273879,13:19:10.927,21.2300,10
47950927360323,13:19:10.927,21.2300,100
48006424590208,13:20:06.424,21.2100,15
48006424590208,13:20:06.424,21.2050,185
48698798589935,13:31:38.798,21.2000,5
48913210080776,13:35:13.210,21.2000,5
49127822411070,13:38:47.822,21.2000,5
49149983267683,13:39:09.983,21.1800,5
49149983267683,13:39:09.983,21.1800,5
49149983267683,13:39:09.983,21.1600,90
49149983356359,13:39:09.983,21.1600,10
49149983356359,13:39:09.983,21.1600,100
49501407786608,13:45:01.407,21.1400,100
49501408897046,13:45:01.408,21.1500,100
49769869588484,13:49:29.869,21.1300,15
49769869591475,13:49:29.869,21.1300,45
49769869597532,13:49:29.869,21.1300,40
50698839539140,14:04:58.839,21.2300,100
50698839574122,14:04:58.839,21.2300,10
50698839774840,14:04:58.839,21.2300,10
50698840043706,14:04:58.840,21.2300,90
50698840043706,14:04:58.840,21.2300,20
50698840056978,14:04:58.840,21.2300,80
50698840056978,14:04:58.840,21.2300,17
50698840345161,14:04:58.840,21.2300,100
50710221440165,14:05:10.221,21.2300,100
50718398492503,14:05:18.398,21.2300,100
50718399023020,14:05:18.399,21.2300,100
50728716233801,14:05:28.716,21.2300,100
50728716233801,14:05:28.716,21.2300,100
50763824439636,14:06:03.824,21.1800,100
50764878990805,14:06:04.878,21.1800,100
50785937920814,14:06:25.937,21.1200,100
51065403571473,14:11:05.403,21.1200,16
51081403328844,14:11:21.403,21.1200,84
51081403328844,14:11:21.403,21.1200,66
51081403543305,14:11:21.403,21.1200,34
51081403543305,14:11:21.403,21.1200,66
51135162314816,14:12:15.162,21.1200,34
51135162314816,14:12:15.162,21.1200,66
51135162403244,14:12:15.162,21.1200,34
51257403842148,14:14:17.403,21.1200,40
51278673646823,14:14:38.673,21.1100,100
51278673726259,14:14:38.673,21.1100,100
51278674081283,14:14:38.674,21.1200,60
51278674081283,14:14:38.674,21.1200,30
51278674605295,14:14:38.674,21.1200,10
51298648298657,14:14:58.648,21.1200,60
51298648298657,14:14:58.648,21.1200,100
51298648298657,14:14:58.648,21.1200,100
51298649096185,14:14:58.649,21.1200,40
51365733204777,14:16:05.733,21.1200,60
51365733204777,14:16:05.733,21.1200,100
51365967190767,14:16:05.967,21.1200,100
51576051307063,14:19:36.051,21.0950,100
51576052806305,14:19:36.052,21.0950,38
51576062522908,14:19:36.062,21.0700,100
51576062522908,14:19:36.062,21.0700,100
51576062522908,14:19:36.062,21.0700,100
51576062565398,14:19:36.062,21.0600,2
51576062584402,14:19:36.062,21.0600,3
51576062584402,14:19:36.062,21.0600,37
51576062789707,14:19:36.062,21.0600,41
51576062790938,14:19:36.062,21.0600,3
51576062857418,14:19:36.062,21.0600,19
51576063952209,14:19:36.063,21.0600,100
51591315497262,14:19:51.315,21.0600,100
51606599902774,14:20:06.599,21.0800,100
52068481394427,14:27:48.481,21.1200,62
52516176383695,14:35:16.176,21.1600,100
52516176420773,14:35:16.176,21.1600,5
52516176420773,14:35:16.176,21.1600,5
52516176459329,14:35:16.176,21.1600,10
52516176477393,14:35:16.176,21.1600,90
52964248092320,14:42:44.248,21.2200,100
53170454019969,14:46:10.454,21.1400,5
53481941088263,14:51:21.941,21.1500,100
53482771147692,14:51:22.771,21.1600,100
53522964935463,14:52:02.964,21.1700,5
53522964935463,14:52:02.964,21.1700,10
53539134497532,14:52:19.134,21.2200,27
53539134499057,14:52:19.134,21.2200,36
53539134520431,14:52:19.134,21.2200,37
53539134573126,14:52:19.134,21.2200,5
53539134573126,14:52:19.134,21.2200,37
53539134703933,14:52:19.134,21.2200,11
53804602762169,14:56:44.602,21.2200,89
53804602762169,14:56:44.602,21.2200,11
53804605922495,14:56:44.605,21.2200,89
53804608301398,14:56:44.608,21.2200,100
53808209459949,14:56:48.209,21.2200,100
53850289429461,14:57:30.289,21.2200,100
53851874728258,14:57:31.874,21.2200,100
53868710940301,14:57:48.710,21.2200,100
53971242801494,14:59:31.242,21.2200,6
54358941492966,15:05:58.941,21.1700,100
54358941492966,15:05:58.941,21.1700,43
54358941498880,15:05:58.941,21.1700,57
54358941507256,15:05:58.941,21.1600,9
54358941600879,15:05:58.941,21.1600,91
54358941600879,15:05:58.941,21.1500,100
54358941600879,15:05:58.941,21.1500,109
54358941708522,15:05:58.941,21.1500,87
54358941709065,15:05:58.941,21.1500,4
54358944106550,15:05:58.944,21.1500,100
55573265131822,15:26:13.265,21.1900,100
55573265131822,15:26:13.265,21.2000,100
55573265131822,15:26:13.265,21.2000,100
55573265131822,15:26:13.265,21.2000,100
55573265131822,15:26:13.265,21.2000,100
55573265131822,15:26:13.265,21.2000,100
55834458280861,15:30:34.458,21.2200,94
55834458280861,15:30:34.458,21.2200,4
55834458357168,15:30:34.458,21.1600,10
56143631732832,15:35:43.631,21.1600,5
56398646461514,15:39:58.646,21.1700,5
56480481190582,15:41:20.481,21.1600,36
56480481191210,15:41:20.481,21.1600,29
56481543033738,15:41:21.543,21.1600,30
56481543033738,15:41:21.543,21.1600,31
56481543040733,15:41:21.543,21.1600,59
56481543236221,15:41:21.543,21.1600,10
56481543236221,15:41:21.543,21.1600,20
56481543290479,15:41:21.543,21.1600,80
56599658755062,15:43:19.658,21.1600,5
56619190963609,15:43:39.190,21.1900,5
56619190963609,15:43:39.190,21.1900,20
56619191316902,15:43:39.191,21.2000,100
56619552924089,15:43:39.552,21.2300,100
57010894346707,15:50:10.894,21.2600,100
57042073256685,15:50:42.073,21.2600,100
57042073486080,15:50:42.073,21.2600,1
57042073486080,15:50:42.073,21.2600,1
57042073486080,15:50:42.073,21.2600,1
57042073486080,15:50:42.073,21.2600,1
57042073486080,15:50:42.073,21.2600,1
57053081015071,15:50:53.081,21.2300,34
57053081081280,15:50:53.081,21.2300,13
57053081098358,15:50:53.081,21.2300,29
57053081121602,15:50:53.081,21.2300,23
57063153666451,15:51:03.153,21.2600,5
57063153666451,15:51:03.153,21.2600,1
57063153666451,15:51:03.153,21.2600,1
57063155474701,15:51:03.155,21.2700,100
57063157503284,15:51:03.157,21.2800,100
57198139933231,15:53:18.139,21.2800,2
57198139933231,15:53:18.139,21.2800,2
57198139933231,15:53:18.139,21.2800,5
57198139933231,15:53:18.139,21.2800,1
57198139933231,15:53:18.139,21.2800,1
57198140336255,15:53:18.140,21.2900,100
57229375488406,15:53:49.375,21.2900,100
57329579387584,15:55:29.579,21.3000,100
57329579422158,15:55:29.579,21.3000,36
57329579422158,15:55:29.579,21.3000,81
57329579426137,15:55:29.579,21.3000,19
57380704260386,15:56:20.704,21.3100,5
57532711526239,15:58:52.711,21.3100,5
57574820797377,15:59:34.820,21.3400,100
57574820797377,15:59:34.820,21.3400,100
57574822131770,15:59:34.822,21.3500,92
57577149050976,15:59:37.149,21.3500,8
57577149050976,15:59:37.149,21.3500,92
57577149511281,15:59:37.149,21.3500,100
57585075419220,15:59:45.075,21.3600,101
57590037492587,15:59:50.037,21.3600,16
57595226860078,15:59:55.226,21.3600,73
57596090972293,15:59:56.090,21.3600,7
57600337558263,16:00:00.337,21.3600,1893
